<?xml version="1.0" encoding="UTF-8"?>
<!DOCTYPE html PUBLIC "-//W3C//DTD XHTML 1.0 Transitional//EN"
    "http://www.w3.org/TR/xhtml1/DTD/xhtml1-transitional.dtd">
<html xmlns="http://www.w3.org/1999/xhtml" xml:lang="en" lang="en">
 <head>
  <title>
</title>
<meta http-equiv="Content-Type" content="text/html;charset=utf-8" />
  <meta name='ocr-system' content='tesseract 3.04.00' />
  <meta name='ocr-capabilities' content='ocr_page ocr_carea ocr_par ocr_line ocrx_word'/>
</head>
<body>
  <div class='ocr_page' id='page_1' title='image "./herodotihalicar00unkngoog/herodotihalicar00unkngoog_0337.png"; bbox 0 0 3042 5125; ppageno 0'>
   <div class='ocr_carea' id='block_1_1' title="bbox 420 407 1250 474">
    <p class='ocr_par' dir='ltr' id='par_1_1' title="bbox 420 407 1250 474">
     <span class='ocr_line' id='line_1_1' title="bbox 420 407 1250 474; baseline 0.005 -6"><span class='ocrx_word' id='word_1_1' title='bbox 420 407 742 471; x_wconf 83' lang='lat' dir='ltr'><strong>MELPOMENH.</strong></span> <span class='ocrx_word' id='word_1_2' title='bbox 766 408 884 473; x_wconf 79' lang='lat' dir='ltr'><strong>1v.14.</strong></span> <span class='ocrx_word' id='word_1_3' title='bbox 907 420 949 474; x_wconf 79' lang='grc'><strong>15.</strong></span> <span class='ocrx_word' id='word_1_4' title='bbox 1188 408 1250 473; x_wconf 82' lang='grc'><strong>319</strong></span> 
     </span>
    </p>
   </div>
   <div class='ocr_carea' id='block_1_2' title="bbox 130 595 1252 1117">
    <p class='ocr_par' dir='ltr' id='par_1_2' title="bbox 130 595 1252 1117">
     <span class='ocr_line' id='line_1_2' title="bbox 135 595 1250 696; baseline 0.003 -27"><span class='ocrx_word' id='word_1_5' title='bbox 135 598 271 693; x_wconf 77' lang='grc' dir='ltr'><strong><em>ιιοννὴσφ</em></strong></span> <span class='ocrx_word' id='word_1_6' title='bbox 297 627 332 670; x_wconf 87' lang='grc' dir='ltr'><strong><em>τε</em></strong></span> <span class='ocrx_word' id='word_1_7' title='bbox 352 601 410 669; x_wconf 83' lang='grc' dir='ltr'><strong><em>καλ</em></strong></span> <span class='ocrx_word' id='word_1_8' title='bbox 429 597 655 696; x_wconf 78' lang='grc' dir='ltr'><strong><em>Μετααοντλφ</em></strong></span> <span class='ocrx_word' id='word_1_9' title='bbox 676 595 843 692; x_wconf 76' lang='grc' dir='ltr'><strong><em>εὕρισκον.</em></strong></span> <span class='ocrx_word' id='word_1_10' title='bbox 884 607 1138 672; x_wconf 68' lang='grc' dir='ltr'><strong><em>Μεταποντῖνοί</em></strong></span> <span class='ocrx_word' id='word_1_11' title='bbox 1156 623 1250 692; x_wconf 84' lang='grc' dir='ltr'><strong><em>φασι,</em></strong></span> 
     </span>
     <span class='ocr_line' id='line_1_3' title="bbox 135 700 1252 796; baseline 0.003 -24"><span class='ocrx_word' id='word_1_12' title='bbox 135 701 225 773; x_wconf 77' lang='grc' dir='ltr'><strong><em>αὐτὸν</em></strong></span> <span class='ocrx_word' id='word_1_13' title='bbox 243 700 427 792; x_wconf 78' lang='grc' dir='ltr'><strong><em>Ἀριστέην,</em></strong></span> <span class='ocrx_word' id='word_1_14' title='bbox 447 707 598 792; x_wconf 80' lang='grc' dir='ltr'><strong><em>φανέντα</em></strong></span> <span class='ocrx_word' id='word_1_15' title='bbox 611 725 673 793; x_wconf 90' lang='grc' dir='ltr'><strong>σφι</strong></span> <span class='ocrx_word' id='word_1_16' title='bbox 688 708 722 785; x_wconf 81' lang='grc' dir='ltr'><strong>ές</strong></span> <span class='ocrx_word' id='word_1_17' title='bbox 736 703 799 794; x_wconf 82' lang='grc' dir='ltr'><strong>τὴν</strong></span> <span class='ocrx_word' id='word_1_18' title='bbox 818 702 946 794; x_wconf 73' lang='grc' dir='ltr'><strong><em>χώρην,</em></strong></span> <span class='ocrx_word' id='word_1_19' title='bbox 968 708 1121 775; x_wconf 79' lang='grc' dir='ltr'><strong><em>κελεῦσαι</em></strong></span> <span class='ocrx_word' id='word_1_20' title='bbox 1136 705 1252 796; x_wconf 72' lang='grc' dir='ltr'><strong><em>βωμὸν</em></strong></span> 
     </span>
     <span class='ocr_line' id='line_1_4' title="bbox 133 804 1250 899; baseline 0.004 -24"><span class='ocrx_word' id='word_1_21' title='bbox 133 805 298 877; x_wconf 71' lang='grc' dir='ltr'><strong><em>Ἀπόλλωνι</em></strong></span> <span class='ocrx_word' id='word_1_22' title='bbox 312 807 533 897; x_wconf 75' lang='grc' dir='ltr'><strong><em>ἱδρύσασθαι,</em></strong></span> <span class='ocrx_word' id='word_1_23' title='bbox 548 810 605 879; x_wconf 84' lang='grc' dir='ltr'><strong><em>καλ</em></strong></span> <span class='ocrx_word' id='word_1_24' title='bbox 617 804 770 899; x_wconf 84' lang='grc' dir='ltr'><strong><em>Ἀριστέω</em></strong></span> <span class='ocrx_word' id='word_1_25' title='bbox 784 814 845 878; x_wconf 79' lang='grc' dir='ltr'><strong><em>τοῦ</em></strong></span> <span class='ocrx_word' id='word_1_26' title='bbox 853 815 1107 898; x_wconf 73' lang='grc' dir='ltr'><strong><em>Προκοννησίου</em></strong></span> <span class='ocrx_word' id='word_1_27' title='bbox 1120 813 1250 879; x_wconf 79' lang='grc' dir='ltr'><strong><em>ἐπωνυ-</em></strong></span> 
     </span>
     <span class='ocr_line' id='line_1_5' title="bbox 132 907 1252 1004; baseline 0.003 -24"><span class='ocrx_word' id='word_1_28' title='bbox 132 918 202 999; x_wconf 78' lang='grc' dir='ltr'><strong><em>μίην</em></strong></span> <span class='ocrx_word' id='word_1_29' title='bbox 214 917 329 999; x_wconf 71' lang='grc' dir='ltr'><strong><em>ἔχοντα</em></strong></span> <span class='ocrx_word' id='word_1_30' title='bbox 342 907 525 1000; x_wconf 76' lang='grc' dir='ltr'><strong><em>ἀνδριάντα</em></strong></span> <span class='ocrx_word' id='word_1_31' title='bbox 538 907 621 1003; x_wconf 79' lang='grc' dir='ltr'><strong><em>παρ’</em></strong></span> <span class='ocrx_word' id='word_1_32' title='bbox 636 908 740 982; x_wconf 79' lang='grc' dir='ltr'><strong><em>αὐτὸν</em></strong></span> <span class='ocrx_word' id='word_1_33' title='bbox 753 910 893 982; x_wconf 75' lang='grc' dir='ltr'><strong><em>ἱστάναι.</em></strong></span> <span class='ocrx_word' id='word_1_34' title='bbox 922 911 1027 999; x_wconf 82' lang='grc' dir='ltr'><strong><em>φάναι</em></strong></span> <span class='ocrx_word' id='word_1_35' title='bbox 1040 912 1103 1004; x_wconf 75' lang='grc' dir='ltr'><strong>γάρ</strong></span> <span class='ocrx_word' id='word_1_36' title='bbox 1117 934 1178 1000; x_wconf 91' lang='grc' dir='ltr'><strong>σφι</strong></span> <span class='ocrx_word' id='word_1_37' title='bbox 1192 912 1252 983; x_wconf 83' lang='grc' dir='ltr'><strong>τὸν</strong></span> 
     </span>
     <span class='ocr_line' id='line_1_6' title="bbox 130 1009 1252 1117; baseline 0.004 -35"><span class='ocrx_word' id='word_1_38' title='bbox 130 1009 304 1084; x_wconf 68' lang='grc' dir='ltr'><strong><em>Ἀπόλλωνα</em></strong></span> <span class='ocrx_word' id='word_1_39' title='bbox 325 1010 537 1086; x_wconf 74' lang='grc' dir='ltr'><strong><em>Ἰταλιωτέων</em></strong></span> <span class='ocrx_word' id='word_1_40' title='bbox 555 1013 709 1105; x_wconf 82' lang='grc' dir='ltr'><strong><em>μούνοισι</em></strong></span> <span class='ocrx_word' id='word_1_41' title='bbox 730 1013 772 1104; x_wconf 78' lang='grc' dir='ltr'><strong>δὴ</strong></span> <span class='ocrx_word' id='word_1_42' title='bbox 791 1012 973 1085; x_wconf 75' lang='grc' dir='ltr'><strong><em>ἀπικέσθαι</em></strong></span> <span class='ocrx_word' id='word_1_43' title='bbox 1000 1018 1033 1096; x_wconf 82' lang='grc' dir='ltr'><strong>ές</strong></span> <span class='ocrx_word' id='word_1_44' title='bbox 1052 1013 1113 1106; x_wconf 73' lang='grc' dir='ltr'><strong><em>τὴν</em></strong></span> <span class='ocrx_word' id='word_1_45' title='bbox 1128 1014 1252 1117; x_wconf 75' lang='grc' dir='ltr'><strong><em>χώρην,</em></strong></span> 
     </span>
    </p>
   </div>
   <div class='ocr_carea' id='block_1_3' title="bbox 120 1205 1254 4558">
    <p class='ocr_par' dir='ltr' id='par_1_3' title="bbox 128 1205 1252 1700">
     <span class='ocr_line' id='line_1_7' title="bbox 130 1205 1252 1282; baseline 0.003 -15"><span class='ocrx_word' id='word_1_46' title='bbox 130 1219 206 1267; x_wconf 75' lang='lat' dir='ltr'><strong>iteam</strong></span> <span class='ocrx_word' id='word_1_47' title='bbox 221 1215 334 1269; x_wconf 84' lang='lat' dir='ltr'><strong>Homeri</strong></span> <span class='ocrx_word' id='word_1_48' title='bbox 351 1219 556 1282; x_wconf 72' lang='lat' dir='ltr'><strong>praeceptorem</strong></span> <span class='ocrx_word' id='word_1_49' title='bbox 574 1216 660 1268; x_wconf 77' lang='lat' dir='ltr'><strong>fnisse</strong></span> <span class='ocrx_word' id='word_1_50' title='bbox 710 1205 1252 1282; x_wconf 70' lang='grc' dir='ltr'><strong><em>συμβαλλόμενος-εὕρισκονᾶοοιιοία-</em></strong></span> 
     </span>
     <span class='ocr_line' id='line_1_8' title="bbox 130 1285 1251 1352; baseline 0.006 -19"><span class='ocrx_word' id='word_1_51' title='bbox 130 1285 241 1337; x_wconf 88' lang='lat' dir='ltr'><strong>lerebaut</strong></span> <span class='ocrx_word' id='word_1_52' title='bbox 254 1291 327 1339; x_wconf 88' lang='lat' dir='ltr'><strong>teste</strong></span> <span class='ocrx_word' id='word_1_53' title='bbox 339 1285 473 1337; x_wconf 75' lang='lat' dir='ltr'><strong>Strabone</strong></span> <span class='ocrx_word' id='word_1_54' title='bbox 487 1285 560 1338; x_wconf 87' lang='lat' dir='ltr'>XIV.</span> <span class='ocrx_word' id='word_1_55' title='bbox 571 1302 598 1352; x_wconf 88' lang='lat' dir='ltr'><strong>p.</strong></span> <span class='ocrx_word' id='word_1_56' title='bbox 607 1285 660 1338; x_wconf 80' lang='lat'><strong>639</strong></span> <span class='ocrx_word' id='word_1_57' title='bbox 708 1285 818 1337; x_wconf 79' lang='lat' dir='ltr'><strong>venitur</strong></span> <span class='ocrx_word' id='word_1_58' title='bbox 825 1286 886 1350; x_wconf 87' lang='lat' dir='ltr'>VII,</span> <span class='ocrx_word' id='word_1_59' title='bbox 895 1288 938 1337; x_wconf 81' lang='grc'><strong>24.</strong></span> <span class='ocrx_word' id='word_1_60' title='bbox 951 1286 1009 1338; x_wconf 85' lang='grc'><strong>184.</strong></span> <span class='ocrx_word' id='word_1_61' title='bbox 1023 1287 1100 1350; x_wconf 84' lang='lat' dir='ltr'>VIII,</span> <span class='ocrx_word' id='word_1_62' title='bbox 1113 1286 1157 1341; x_wconf 89' lang='grc'><strong>30.</strong></span> <span class='ocrx_word' id='word_1_63' title='bbox 1172 1289 1251 1340; x_wconf 80' lang='lat' dir='ltr'><strong>Ocni.</strong></span> 
     </span>
     <span class='ocr_line' id='line_1_9' title="bbox 129 1355 1252 1422; baseline 0.004 -18"><span class='ocrx_word' id='word_1_64' title='bbox 129 1357 156 1406; x_wconf 86' lang='lat' dir='ltr'><strong>A.</strong></span> <span class='ocrx_word' id='word_1_65' title='bbox 169 1370 189 1406; x_wconf 90' lang='lat' dir='ltr'><strong>s.</strong></span> <span class='ocrx_word' id='word_1_66' title='bbox 206 1371 231 1422; x_wconf 93' lang='lat' dir='ltr'><strong>p.</strong></span> <span class='ocrx_word' id='word_1_67' title='bbox 248 1355 300 1408; x_wconf 83' lang='grc'><strong>946</strong></span> <span class='ocrx_word' id='word_1_68' title='bbox 316 1357 348 1419; x_wconf 89' lang='lat' dir='ltr'><strong>B,</strong></span> <span class='ocrx_word' id='word_1_69' title='bbox 361 1356 488 1422; x_wconf 88' lang='lat' dir='ltr'><strong>quodque</strong></span> <span class='ocrx_word' id='word_1_70' title='bbox 506 1360 597 1407; x_wconf 86' lang='lat' dir='ltr'><strong>aetate</strong></span> <span class='ocrx_word' id='word_1_71' title='bbox 614 1371 659 1407; x_wconf 90' lang='lat' dir='ltr'><strong>su·</strong></span> <span class='ocrx_word' id='word_1_72' title='bbox 710 1356 795 1406; x_wconf 87' lang='lat' dir='ltr'><strong>etiam</strong></span> <span class='ocrx_word' id='word_1_73' title='bbox 814 1355 859 1419; x_wconf 90' lang='lat' dir='ltr'><strong>Il,</strong></span> <span class='ocrx_word' id='word_1_74' title='bbox 881 1355 912 1408; x_wconf 83' lang='lat'><strong>31</strong></span> <span class='ocrx_word' id='word_1_75' title='bbox 935 1360 976 1417; x_wconf 87' lang='lat' dir='ltr'><strong>et,</strong></span> <span class='ocrx_word' id='word_1_76' title='bbox 996 1356 1066 1422; x_wconf 84' lang='lat' dir='ltr'><strong>quod</strong></span> <span class='ocrx_word' id='word_1_77' title='bbox 1083 1358 1120 1409; x_wconf 87' lang='lat' dir='ltr'><strong>ad</strong></span> <span class='ocrx_word' id='word_1_78' title='bbox 1138 1357 1252 1410; x_wconf 78' lang='lat' dir='ltr'><strong>formam</strong></span> 
     </span>
     <span class='ocr_line' id='line_1_10' title="bbox 129 1417 1252 1495; baseline 0.005 -21"><span class='ocrx_word' id='word_1_79' title='bbox 129 1425 247 1489; x_wconf 82' lang='lat' dir='ltr'><strong>perierem</strong></span> <span class='ocrx_word' id='word_1_80' title='bbox 260 1425 381 1477; x_wconf 78' lang='lat' dir='ltr'><strong>Homero</strong></span> <span class='ocrx_word' id='word_1_81' title='bbox 401 1425 517 1478; x_wconf 86' lang='lat' dir='ltr'><strong>eundem</strong></span> <span class='ocrx_word' id='word_1_82' title='bbox 536 1425 660 1492; x_wconf 85' lang='lat' dir='ltr'><strong>appellat</strong></span> <span class='ocrx_word' id='word_1_83' title='bbox 710 1417 931 1492; x_wconf 70' lang='grc' dir='ltr'><strong><em>συμβαλλόμενος</em></strong></span> <span class='ocrx_word' id='word_1_84' title='bbox 949 1427 1062 1490; x_wconf 85' lang='lat' dir='ltr'><strong>attinet,</strong></span> <span class='ocrx_word' id='word_1_85' title='bbox 1088 1428 1204 1481; x_wconf 84' lang='lat' dir='ltr'><strong>Bredov.</strong></span> <span class='ocrx_word' id='word_1_86' title='bbox 1224 1445 1252 1495; x_wconf 93' lang='lat' dir='ltr'><strong>p.</strong></span> 
     </span>
     <span class='ocr_line' id='line_1_11' title="bbox 129 1493 1252 1561; baseline 0.004 -17"><span class='ocrx_word' id='word_1_87' title='bbox 129 1494 251 1546; x_wconf 82' lang='lat' dir='ltr'><strong>Tatianus</strong></span> <span class='ocrx_word' id='word_1_88' title='bbox 264 1495 345 1545; x_wconf 86' lang='lat' dir='ltr'><strong>Orat.</strong></span> <span class='ocrx_word' id='word_1_89' title='bbox 363 1494 398 1544; x_wconf 87' lang='lat' dir='ltr'><strong>ad</strong></span> <span class='ocrx_word' id='word_1_90' title='bbox 419 1495 516 1546; x_wconf 81' lang='lat' dir='ltr'><strong>Graec.</strong></span> <span class='ocrx_word' id='word_1_91' title='bbox 535 1510 595 1561; x_wconf 89' lang='lat' dir='ltr'><strong>cap.</strong></span> <span class='ocrx_word' id='word_1_92' title='bbox 616 1495 658 1547; x_wconf 91' lang='grc'><strong>14.</strong></span> <span class='ocrx_word' id='word_1_93' title='bbox 708 1494 769 1548; x_wconf 79' lang='grc'><strong>335.</strong></span> <span class='ocrx_word' id='word_1_94' title='bbox 794 1495 866 1544; x_wconf 89' lang='lat' dir='ltr'><strong>Ante</strong></span> <span class='ocrx_word' id='word_1_95' title='bbox 876 1510 954 1561; x_wconf 87' lang='lat' dir='ltr'><strong>seqq.</strong></span> <span class='ocrx_word' id='word_1_96' title='bbox 968 1496 1052 1547; x_wconf 86' lang='lat' dir='ltr'><strong>verba</strong></span> <span class='ocrx_word' id='word_1_97' title='bbox 1061 1497 1206 1549; x_wconf 88' lang='lat' dir='ltr'><strong>articulum</strong></span> <span class='ocrx_word' id='word_1_98' title='bbox 1218 1493 1252 1549; x_wconf 81' lang='lat' dir='ltr'><strong>roi</strong></span> 
     </span>
     <span class='ocr_line' id='line_1_12' title="bbox 129 1562 1251 1634; baseline 0.004 -20"><span class='ocrx_word' id='word_1_99' title='bbox 129 1565 194 1626; x_wconf 82' lang='lat' dir='ltr'><strong>Quae</strong></span> <span class='ocrx_word' id='word_1_100' title='bbox 207 1564 318 1615; x_wconf 82' lang='lat' dir='ltr'><strong>fabulae</strong></span> <span class='ocrx_word' id='word_1_101' title='bbox 342 1563 377 1614; x_wconf 90' lang='lat' dir='ltr'><strong>ed</strong></span> <span class='ocrx_word' id='word_1_102' title='bbox 395 1566 545 1615; x_wconf 86' lang='lat' dir='ltr'><strong>carminum</strong></span> <span class='ocrx_word' id='word_1_103' title='bbox 559 1566 660 1615; x_wconf 88' lang='lat' dir='ltr'><strong>Home·</strong></span> <span class='ocrx_word' id='word_1_104' title='bbox 709 1564 794 1615; x_wconf 84' lang='lat' dir='ltr'><strong>inseri</strong></span> <span class='ocrx_word' id='word_1_105' title='bbox 810 1562 984 1615; x_wconf 79' lang='lat' dir='ltr'><strong>vultHehler</strong></span> <span class='ocrx_word' id='word_1_106' title='bbox 998 1566 1203 1634; x_wconf 84' lang='lat' dir='ltr'><strong>iuMnemosyn.</strong></span> <span class='ocrx_word' id='word_1_107' title='bbox 1218 1569 1251 1621; x_wconf 86' lang='lat' dir='ltr'><strong>V.</strong></span> 
     </span>
     <span class='ocr_line' id='line_1_13' title="bbox 128 1633 790 1700; baseline 0.002 -16"><span class='ocrx_word' id='word_1_108' title='bbox 128 1633 229 1685; x_wconf 85' lang='lat' dir='ltr'><strong>rieornm</strong></span> <span class='ocrx_word' id='word_1_109' title='bbox 252 1634 478 1699; x_wconf 67' lang='lat' dir='ltr'><strong>propagationem</strong></span> <span class='ocrx_word' id='word_1_110' title='bbox 503 1638 660 1700; x_wconf 85' lang='lat' dir='ltr'><strong>spectantes</strong></span> <span class='ocrx_word' id='word_1_111' title='bbox 707 1633 790 1699; x_wconf 63' lang='lat' dir='ltr'><strong>pao.</strong></span> 
     </span>
    </p>

    <p class='ocr_par' dir='ltr' id='par_1_4' title="bbox 120 1694 1254 4558">
     <span class='ocr_line' id='line_1_14' title="bbox 130 1694 1252 1771; baseline 0.004 -20"><span class='ocrx_word' id='word_1_112' title='bbox 130 1702 186 1766; x_wconf 88' lang='lat' dir='ltr'><strong>(rid.</strong></span> <span class='ocrx_word' id='word_1_113' title='bbox 194 1703 267 1755; x_wconf 87' lang='lat' dir='ltr'><strong>Bode</strong></span> <span class='ocrx_word' id='word_1_114' title='bbox 281 1702 300 1753; x_wconf 92' lang='lat' dir='ltr'><strong>l.</strong></span> <span class='ocrx_word' id='word_1_115' title='bbox 311 1705 329 1755; x_wconf 89' lang='lat' dir='ltr'><strong>l.</strong></span> <span class='ocrx_word' id='word_1_116' title='bbox 343 1719 371 1769; x_wconf 89' lang='grc' dir='ltr'><strong>ρ.</strong></span> <span class='ocrx_word' id='word_1_117' title='bbox 385 1703 447 1768; x_wconf 81' lang='grc'><strong>273)</strong></span> <span class='ocrx_word' id='word_1_118' title='bbox 462 1704 538 1768; x_wconf 86' lang='lat' dir='ltr'><strong>„alia</strong></span> <span class='ocrx_word' id='word_1_119' title='bbox 553 1703 660 1754; x_wconf 87' lang='lat' dir='ltr'><strong>ratione</strong></span> <span class='ocrx_word' id='word_1_120' title='bbox 741 1694 926 1769; x_wconf 82' lang='grc' dir='ltr'><strong><em>Ἰταλιωτέων]</em></strong></span> <span class='ocrx_word' id='word_1_121' title='bbox 962 1702 1074 1756; x_wconf 82' lang='lat' dir='ltr'><strong>Graecis</strong></span> <span class='ocrx_word' id='word_1_122' title='bbox 1112 1706 1252 1771; x_wconf 72' lang='lat' dir='ltr'><strong>magistris</strong></span> 
     </span>
     <span class='ocr_line' id='line_1_15' title="bbox 129 1772 1252 1841; baseline 0.003 -20"><span class='ocrx_word' id='word_1_123' title='bbox 129 1772 244 1837; x_wconf 86' lang='lat' dir='ltr'><strong>explicari</strong></span> <span class='ocrx_word' id='word_1_124' title='bbox 254 1776 404 1839; x_wconf 82' lang='lat' dir='ltr'><strong>nequeunt,</strong></span> <span class='ocrx_word' id='word_1_125' title='bbox 410 1773 463 1825; x_wconf 89' lang='lat' dir='ltr'><strong>nisi</strong></span> <span class='ocrx_word' id='word_1_126' title='bbox 472 1790 513 1838; x_wconf 86' lang='lat' dir='ltr'><strong>ea,</strong></span> <span class='ocrx_word' id='word_1_127' title='bbox 519 1773 661 1825; x_wconf 88' lang='lat' dir='ltr'><strong>ntArista·</strong></span> <span class='ocrx_word' id='word_1_128' title='bbox 709 1772 884 1824; x_wconf 86' lang='lat' dir='ltr'><strong>monentibus</strong></span> <span class='ocrx_word' id='word_1_129' title='bbox 894 1773 958 1824; x_wconf 81' lang='lat' dir='ltr'><strong>Itali</strong></span> <span class='ocrx_word' id='word_1_130' title='bbox 967 1778 1032 1823; x_wconf 86' lang='lat' dir='ltr'><strong>sunt</strong></span> <span class='ocrx_word' id='word_1_131' title='bbox 1042 1776 1188 1840; x_wconf 74' lang='lat' dir='ltr'><strong>indigenae,</strong></span> <span class='ocrx_word' id='word_1_132' title='bbox 1199 1776 1252 1841; x_wconf 89' lang='lat' dir='ltr'><strong>pri-</strong></span> 
     </span>
     <span class='ocr_line' id='line_1_16' title="bbox 129 1841 1253 1910; baseline 0.002 -19"><span class='ocrx_word' id='word_1_133' title='bbox 129 1857 165 1892; x_wconf 88' lang='lat' dir='ltr'><strong>an</strong></span> <span class='ocrx_word' id='word_1_134' title='bbox 176 1842 292 1894; x_wconf 88' lang='lat' dir='ltr'><strong>scholam</strong></span> <span class='ocrx_word' id='word_1_135' title='bbox 308 1843 482 1895; x_wconf 81' lang='lat' dir='ltr'><strong>Homericum</strong></span> <span class='ocrx_word' id='word_1_136' title='bbox 494 1843 660 1896; x_wconf 88' lang='lat' dir='ltr'><strong>Proconnesi</strong></span> <span class='ocrx_word' id='word_1_137' title='bbox 710 1841 855 1894; x_wconf 85' lang='lat' dir='ltr'><strong>sciltaliae</strong></span> <span class='ocrx_word' id='word_1_138' title='bbox 869 1841 1253 1910; x_wconf 76' lang='lat' dir='ltr'><strong>incola031m1ioteeperegri-</strong></span> 
     </span>
     <span class='ocr_line' id='line_1_17' title="bbox 127 1911 1254 1978; baseline 0.001 -16"><span class='ocrx_word' id='word_1_139' title='bbox 127 1913 254 1976; x_wconf 87' lang='lat' dir='ltr'><strong>apernisse</strong></span> <span class='ocrx_word' id='word_1_140' title='bbox 265 1917 433 1964; x_wconf 88' lang='lat' dir='ltr'><strong>statuamus.</strong></span> <span class='ocrx_word' id='word_1_141' title='bbox 455 1914 516 1977; x_wconf 83' lang='lat' dir='ltr'><strong>Qua</strong></span> <span class='ocrx_word' id='word_1_142' title='bbox 526 1914 555 1963; x_wconf 92' lang='lat' dir='ltr'><strong>iu</strong></span> <span class='ocrx_word' id='word_1_143' title='bbox 567 1912 661 1964; x_wconf 85' lang='lat' dir='ltr'><strong>schola</strong></span> <span class='ocrx_word' id='word_1_144' title='bbox 710 1914 750 1976; x_wconf 90' lang='lat' dir='ltr'><strong>ni,</strong></span> <span class='ocrx_word' id='word_1_145' title='bbox 763 1912 863 1964; x_wconf 85' lang='lat' dir='ltr'><strong>Graeci</strong></span> <span class='ocrx_word' id='word_1_146' title='bbox 873 1911 1007 1977; x_wconf 68' lang='lat' dir='ltr'><strong>inprims,</strong></span> <span class='ocrx_word' id='word_1_147' title='bbox 1019 1914 1066 1978; x_wconf 85' lang='lat' dir='ltr'><strong>qui</strong></span> <span class='ocrx_word' id='word_1_148' title='bbox 1077 1912 1128 1963; x_wconf 82' lang='lat' dir='ltr'><strong>hec</strong></span> <span class='ocrx_word' id='word_1_149' title='bbox 1141 1914 1254 1964; x_wconf 87' lang='lat' dir='ltr'><strong>interra</strong></span> 
     </span>
     <span class='ocr_line' id='line_1_18' title="bbox 128 1981 1251 2048; baseline 0.003 -18"><span class='ocrx_word' id='word_1_150' title='bbox 128 1995 180 2031; x_wconf 85' lang='lat' dir='ltr'><strong>eun</strong></span> <span class='ocrx_word' id='word_1_151' title='bbox 212 1983 318 2047; x_wconf 86' lang='lat' dir='ltr'><strong>primus</strong></span> <span class='ocrx_word' id='word_1_152' title='bbox 340 1983 506 2034; x_wconf 91' lang='lat' dir='ltr'><strong>Proconnesi</strong></span> <span class='ocrx_word' id='word_1_153' title='bbox 535 1984 660 2034; x_wconf 77' lang='lat' dir='ltr'><strong>carmine</strong></span> <span class='ocrx_word' id='word_1_154' title='bbox 709 1981 895 2032; x_wconf 77' lang='lat' dir='ltr'><strong>conciderunt.</strong></span> <span class='ocrx_word' id='word_1_155' title='bbox 925 1981 987 2031; x_wconf 88' lang='lat' dir='ltr'><strong>Vid.</strong></span> <span class='ocrx_word' id='word_1_156' title='bbox 1014 1981 1108 2033; x_wconf 80' lang='lat' dir='ltr'><strong>Thous.</strong></span> <span class='ocrx_word' id='word_1_157' title='bbox 1127 1983 1251 2048; x_wconf 85' lang='lat' dir='ltr'><strong>Magistr.</strong></span> 
     </span>
     <span class='ocr_line' id='line_1_19' title="bbox 127 2049 1252 2118; baseline 0.002 -18"><span class='ocrx_word' id='word_1_158' title='bbox 127 2049 252 2102; x_wconf 82' lang='lat' dir='ltr'><strong>iocularet</strong></span> <span class='ocrx_word' id='word_1_159' title='bbox 263 2051 426 2116; x_wconf 87' lang='lat' dir='ltr'><strong>Homerica,</strong></span> <span class='ocrx_word' id='word_1_160' title='bbox 444 2054 553 2116; x_wconf 79' lang='lat' dir='ltr'><strong>evenit,</strong></span> <span class='ocrx_word' id='word_1_161' title='bbox 570 2057 602 2104; x_wconf 87' lang='lat' dir='ltr'><strong>ut</strong></span> <span class='ocrx_word' id='word_1_162' title='bbox 613 2067 661 2118; x_wconf 93' lang='lat' dir='ltr'><strong>po·</strong></span> <span class='ocrx_word' id='word_1_163' title='bbox 710 2067 739 2117; x_wconf 89' lang='lat' dir='ltr'><strong>p.</strong></span> <span class='ocrx_word' id='word_1_164' title='bbox 752 2050 804 2101; x_wconf 81' lang='lat'><strong>793</strong></span> <span class='ocrx_word' id='word_1_165' title='bbox 819 2050 885 2115; x_wconf 88' lang='lat' dir='ltr'><strong>lbiq.</strong></span> <span class='ocrx_word' id='word_1_166' title='bbox 906 2054 976 2100; x_wconf 88' lang='lat' dir='ltr'><strong>nott.</strong></span> <span class='ocrx_word' id='word_1_167' title='bbox 993 2051 1116 2105; x_wconf 83' lang='lat' dir='ltr'><strong>Ammon.</strong></span> <span class='ocrx_word' id='word_1_168' title='bbox 1134 2067 1199 2118; x_wconf 91' lang='lat' dir='ltr'><strong>pag.</strong></span> <span class='ocrx_word' id='word_1_169' title='bbox 1219 2055 1252 2104; x_wconf 88' lang='lat'><strong>7¹1</strong></span> 
     </span>
     <span class='ocr_line' id='line_1_20' title="bbox 128 2118 1253 2187; baseline 0.004 -17"><span class='ocrx_word' id='word_1_170' title='bbox 128 2121 185 2170; x_wconf 90' lang='lat' dir='ltr'><strong>steri</strong></span> <span class='ocrx_word' id='word_1_171' title='bbox 203 2121 301 2172; x_wconf 89' lang='lat' dir='ltr'><strong>abillo</strong></span> <span class='ocrx_word' id='word_1_172' title='bbox 321 2121 469 2173; x_wconf 82' lang='lat' dir='ltr'><strong>Homerum</strong></span> <span class='ocrx_word' id='word_1_173' title='bbox 488 2124 577 2187; x_wconf 91' lang='lat' dir='ltr'><strong>ipsum</strong></span> <span class='ocrx_word' id='word_1_174' title='bbox 599 2122 661 2174; x_wconf 90' lang='lat' dir='ltr'><strong>edo·</strong></span> <span class='ocrx_word' id='word_1_175' title='bbox 710 2119 803 2186; x_wconf 87' lang='lat' dir='ltr'><strong>ibique</strong></span> <span class='ocrx_word' id='word_1_176' title='bbox 813 2118 944 2170; x_wconf 82' lang='lat' dir='ltr'><strong>Valcken.</strong></span> <span class='ocrx_word' id='word_1_177' title='bbox 965 2119 1000 2170; x_wconf 93' lang='lat' dir='ltr'><strong>In</strong></span> <span class='ocrx_word' id='word_1_178' title='bbox 1011 2122 1132 2185; x_wconf 85' lang='lat' dir='ltr'><strong>proxime</strong></span> <span class='ocrx_word' id='word_1_179' title='bbox 1145 2127 1253 2174; x_wconf 86' lang='lat' dir='ltr'><strong>antece·</strong></span> 
     </span>
     <span class='ocr_line' id='line_1_21' title="bbox 127 2187 1253 2258; baseline 0.003 -18"><span class='ocrx_word' id='word_1_180' title='bbox 127 2195 190 2241; x_wconf 86' lang='lat' dir='ltr'><strong>etun</strong></span> <span class='ocrx_word' id='word_1_181' title='bbox 199 2187 258 2243; x_wconf 79' lang='lat' dir='ltr'><strong>esse</strong></span> <span class='ocrx_word' id='word_1_182' title='bbox 270 2190 492 2242; x_wconf 83' lang='lat' dir='ltr'><strong>fabularentur.“</strong></span> <span class='ocrx_word' id='word_1_183' title='bbox 508 2191 662 2257; x_wconf 76' lang='lat' dir='ltr'><strong>Itafleuge·</strong></span> <span class='ocrx_word' id='word_1_184' title='bbox 710 2188 837 2240; x_wconf 88' lang='lat' dir='ltr'><strong>dentibus</strong></span> <span class='ocrx_word' id='word_1_185' title='bbox 852 2189 968 2252; x_wconf 87' lang='lat' dir='ltr'><strong>retinui,</strong></span> <span class='ocrx_word' id='word_1_186' title='bbox 983 2191 1054 2256; x_wconf 88' lang='lat' dir='ltr'><strong>quod</strong></span> <span class='ocrx_word' id='word_1_187' title='bbox 1068 2206 1160 2243; x_wconf 89' lang='lat' dir='ltr'><strong>omnes</strong></span> <span class='ocrx_word' id='word_1_188' title='bbox 1174 2208 1253 2258; x_wconf 89' lang='lat' dir='ltr'><strong>prae·</strong></span> 
     </span>
     <span class='ocr_line' id='line_1_22' title="bbox 126 2253 1253 2326; baseline 0.004 -17"><span class='ocrx_word' id='word_1_189' title='bbox 126 2260 201 2312; x_wconf 90' lang='lat' dir='ltr'><strong>busch</strong></span> <span class='ocrx_word' id='word_1_190' title='bbox 209 2261 237 2311; x_wconf 87' lang='lat' dir='ltr'><strong>iu</strong></span> <span class='ocrx_word' id='word_1_191' title='bbox 248 2259 388 2312; x_wconf 89' lang='lat' dir='ltr'><strong>Homeric.</strong></span> <span class='ocrx_word' id='word_1_192' title='bbox 400 2260 547 2312; x_wconf 84' lang='lat' dir='ltr'><strong>Dissertat.</strong></span> <span class='ocrx_word' id='word_1_193' title='bbox 558 2266 660 2326; x_wconf 87' lang='lat' dir='ltr'><strong>poster.</strong></span> <span class='ocrx_word' id='word_1_194' title='bbox 709 2259 776 2310; x_wconf 89' lang='lat' dir='ltr'><strong>bent</strong></span> <span class='ocrx_word' id='word_1_195' title='bbox 787 2259 883 2325; x_wconf 85' lang='lat' dir='ltr'><strong>scripti</strong></span> <span class='ocrx_word' id='word_1_196' title='bbox 892 2258 966 2322; x_wconf 90' lang='lat' dir='ltr'><strong>libri,</strong></span> <span class='ocrx_word' id='word_1_197' title='bbox 976 2253 1107 2326; x_wconf 73' lang='grc' dir='ltr'><strong><em>Ἀριστέω,</em></strong></span> <span class='ocrx_word' id='word_1_198' title='bbox 1138 2262 1253 2313; x_wconf 88' lang='lat' dir='ltr'><strong>robante</strong></span> 
     </span>
     <span class='ocr_line' id='line_1_23' title="bbox 127 2328 1251 2396; baseline 0.001 -15"><span class='ocrx_word' id='word_1_199' title='bbox 127 2344 149 2393; x_wconf 90' lang='lat' dir='ltr'><strong>p.</strong></span> <span class='ocrx_word' id='word_1_200' title='bbox 161 2330 244 2396; x_wconf 77' lang='lat' dir='ltr'><strong>bilseq</strong></span> <span class='ocrx_word' id='word_1_201' title='bbox 259 2367 266 2394; x_wconf 90' lang='lat'>‚</span> <span class='ocrx_word' id='word_1_202' title='bbox 279 2331 330 2396; x_wconf 86' lang='lat' dir='ltr'><strong>qui</strong></span> <span class='ocrx_word' id='word_1_203' title='bbox 343 2330 412 2381; x_wconf 88' lang='lat' dir='ltr'><strong>idem</strong></span> <span class='ocrx_word' id='word_1_204' title='bbox 428 2328 553 2393; x_wconf 86' lang='lat' dir='ltr'><strong>(Jahrbb.</strong></span> <span class='ocrx_word' id='word_1_205' title='bbox 566 2330 585 2381; x_wconf 83' lang='lat' dir='ltr'><strong>f.</strong></span> <span class='ocrx_word' id='word_1_206' title='bbox 598 2329 661 2380; x_wconf 88' lang='lat' dir='ltr'><strong>Phi·</strong></span> <span class='ocrx_word' id='word_1_207' title='bbox 710 2343 818 2395; x_wconf 87' lang='lat' dir='ltr'><strong>quoque</strong></span> <span class='ocrx_word' id='word_1_208' title='bbox 828 2328 945 2380; x_wconf 84' lang='lat' dir='ltr'><strong>Bredov.</strong></span> <span class='ocrx_word' id='word_1_209' title='bbox 956 2344 1020 2396; x_wconf 84' lang='lat' dir='ltr'><strong>pag.</strong></span> <span class='ocrx_word' id='word_1_210' title='bbox 1033 2329 1092 2382; x_wconf 78' lang='grc'><strong>218.</strong></span> <span class='ocrx_word' id='word_1_211' title='bbox 1117 2328 1251 2396; x_wconf 75' lang='grc' dir='ltr'><strong><em>Αριττὲεω</em></strong></span> 
     </span>
     <span class='ocr_line' id='line_1_24' title="bbox 126 2398 1252 2466; baseline 0.003 -17"><span class='ocrx_word' id='word_1_212' title='bbox 126 2398 199 2465; x_wconf 90' lang='lat' dir='ltr'><strong>lolog.</strong></span> <span class='ocrx_word' id='word_1_213' title='bbox 212 2414 239 2455; x_wconf 83' lang='lat' dir='ltr'><strong>u.</strong></span> <span class='ocrx_word' id='word_1_214' title='bbox 252 2399 412 2466; x_wconf 84' lang='lat' dir='ltr'><strong>Paedagog.</strong></span> <span class='ocrx_word' id='word_1_215' title='bbox 423 2399 484 2452; x_wconf 85' lang='lat' dir='ltr'><strong>Vol.</strong></span> <span class='ocrx_word' id='word_1_216' title='bbox 495 2400 610 2450; x_wconf 82' lang='lat' dir='ltr'>LXVII.</span> <span class='ocrx_word' id='word_1_217' title='bbox 632 2414 660 2465; x_wconf 88' lang='lat' dir='ltr'><strong>p.</strong></span> <span class='ocrx_word' id='word_1_218' title='bbox 711 2398 836 2449; x_wconf 82' lang='lat' dir='ltr'><strong>exhibuit</strong></span> <span class='ocrx_word' id='word_1_219' title='bbox 844 2398 971 2450; x_wconf 85' lang='lat' dir='ltr'><strong>Diudori.</strong></span> <span class='ocrx_word' id='word_1_220' title='bbox 992 2399 1058 2465; x_wconf 84' lang='lat' dir='ltr'><strong>(vid.</strong></span> <span class='ocrx_word' id='word_1_221' title='bbox 1072 2400 1252 2453; x_wconf 72' lang='lat' dir='ltr'><strong>commentat.</strong></span> 
     </span>
     <span class='ocr_line' id='line_1_25' title="bbox 126 2468 1252 2535; baseline 0.003 -15"><span class='ocrx_word' id='word_1_222' title='bbox 126 2468 170 2520; x_wconf 77' lang='lat'><strong>407</strong></span> <span class='ocrx_word' id='word_1_223' title='bbox 185 2468 252 2535; x_wconf 85' lang='lat' dir='ltr'><strong>aeq.)</strong></span> <span class='ocrx_word' id='word_1_224' title='bbox 277 2470 418 2521; x_wconf 84' lang='lat' dir='ltr'><strong>Arieteam</strong></span> <span class='ocrx_word' id='word_1_225' title='bbox 441 2470 476 2519; x_wconf 86' lang='lat' dir='ltr'><strong>iis</strong></span> <span class='ocrx_word' id='word_1_226' title='bbox 492 2469 659 2535; x_wconf 76' lang='lat' dir='ltr'><strong>temporibus</strong></span> <span class='ocrx_word' id='word_1_227' title='bbox 709 2468 743 2519; x_wconf 87' lang='lat' dir='ltr'><strong>de</strong></span> <span class='ocrx_word' id='word_1_228' title='bbox 757 2468 868 2520; x_wconf 86' lang='lat' dir='ltr'><strong>dialeet.</strong></span> <span class='ocrx_word' id='word_1_229' title='bbox 880 2468 1012 2520; x_wconf 88' lang='lat' dir='ltr'><strong>Herodot.</strong></span> <span class='ocrx_word' id='word_1_230' title='bbox 1028 2484 1091 2535; x_wconf 85' lang='lat' dir='ltr'><strong>pag.</strong></span> <span class='ocrx_word' id='word_1_231' title='bbox 1107 2470 1158 2534; x_wconf 86' lang='lat' dir='ltr'><strong>XI)</strong></span> <span class='ocrx_word' id='word_1_232' title='bbox 1174 2473 1252 2523; x_wconf 88' lang='lat' dir='ltr'><strong>item-</strong></span> 
     </span>
     <span class='ocr_line' id='line_1_26' title="bbox 125 2537 1254 2608; baseline 0.006 -21"><span class='ocrx_word' id='word_1_233' title='bbox 125 2537 216 2589; x_wconf 85' lang='lat' dir='ltr'><strong>virlsse</strong></span> <span class='ocrx_word' id='word_1_234' title='bbox 229 2540 340 2604; x_wconf 88' lang='lat' dir='ltr'><strong>statuit,</strong></span> <span class='ocrx_word' id='word_1_235' title='bbox 351 2538 448 2605; x_wconf 89' lang='lat' dir='ltr'><strong>quibus</strong></span> <span class='ocrx_word' id='word_1_236' title='bbox 457 2538 659 2591; x_wconf 84' lang='lat' dir='ltr'><strong>Proconnesum</strong></span> <span class='ocrx_word' id='word_1_237' title='bbox 709 2553 760 2605; x_wconf 89' lang='lat' dir='ltr'><strong>que</strong></span> <span class='ocrx_word' id='word_1_238' title='bbox 773 2538 896 2590; x_wconf 85' lang='lat' dir='ltr'><strong>Dietacb.</strong></span> <span class='ocrx_word' id='word_1_239' title='bbox 915 2566 949 2576; x_wconf 97' lang='lat'><em>-</em></span> <span class='ocrx_word' id='word_1_240' title='bbox 966 2539 999 2590; x_wconf 88' lang='lat' dir='ltr'><strong>In</strong></span> <span class='ocrx_word' id='word_1_241' title='bbox 1010 2538 1101 2592; x_wconf 84' lang='lat' dir='ltr'><strong>verbis</strong></span> <span class='ocrx_word' id='word_1_242' title='bbox 1115 2543 1254 2608; x_wconf 88' lang='lat' dir='ltr'><strong>sequenti·</strong></span> 
     </span>
     <span class='ocr_line' id='line_1_27' title="bbox 125 2598 1253 2676; baseline 0.003 -18"><span class='ocrx_word' id='word_1_243' title='bbox 125 2607 214 2660; x_wconf 86' lang='lat' dir='ltr'><strong>llilcsii</strong></span> <span class='ocrx_word' id='word_1_244' title='bbox 224 2610 408 2674; x_wconf 86' lang='lat' dir='ltr'><strong>condiderint,</strong></span> <span class='ocrx_word' id='word_1_245' title='bbox 420 2608 492 2676; x_wconf 86' lang='lat' dir='ltr'><strong>qnod</strong></span> <span class='ocrx_word' id='word_1_246' title='bbox 505 2610 595 2674; x_wconf 88' lang='lat' dir='ltr'><strong>ipsum</strong></span> <span class='ocrx_word' id='word_1_247' title='bbox 607 2609 661 2675; x_wconf 85' lang='lat' dir='ltr'><strong>Gy·</strong></span> <span class='ocrx_word' id='word_1_248' title='bbox 708 2608 773 2660; x_wconf 70' lang='lat' dir='ltr'><strong>busa</strong></span> <span class='ocrx_word' id='word_1_249' title='bbox 794 2603 843 2657; x_wconf 80' lang='grc' dir='ltr'><strong><em>ιιαλ</em></strong></span> <span class='ocrx_word' id='word_1_250' title='bbox 863 2598 950 2666; x_wconf 70' lang='grc' dir='ltr'><strong><em>αὐτός</em></strong></span> <span class='ocrx_word' id='word_1_251' title='bbox 970 2601 1001 2658; x_wconf 80' lang='grc' dir='ltr'><strong>ολ</strong></span> <span class='ocrx_word' id='word_1_252' title='bbox 1019 2603 1139 2660; x_wconf 71' lang='grc' dir='ltr'><strong><em>ἕπεσθαι</em></strong></span> <span class='ocrx_word' id='word_1_253' title='bbox 1160 2599 1176 2659; x_wconf 83' lang='grc' dir='ltr'>ὁ</span> <span class='ocrx_word' id='word_1_254' title='bbox 1200 2609 1253 2661; x_wconf 77' lang='grc' dir='ltr'><strong>νῦν</strong></span> 
     </span>
     <span class='ocr_line' id='line_1_28' title="bbox 125 2668 1252 2745; baseline 0 -16"><span class='ocrx_word' id='word_1_255' title='bbox 125 2678 162 2742; x_wconf 87' lang='lat' dir='ltr'><strong>gis</strong></span> <span class='ocrx_word' id='word_1_256' title='bbox 175 2682 280 2741; x_wconf 85' lang='lat' dir='ltr'><strong>aetate,</strong></span> <span class='ocrx_word' id='word_1_257' title='bbox 295 2679 346 2745; x_wconf 90' lang='lat' dir='ltr'><strong>qui</strong></span> <span class='ocrx_word' id='word_1_258' title='bbox 359 2694 432 2730; x_wconf 85' lang='lat' dir='ltr'><strong>anno</strong></span> <span class='ocrx_word' id='word_1_259' title='bbox 449 2678 499 2731; x_wconf 83' lang='grc'><strong>716</strong></span> <span class='ocrx_word' id='word_1_260' title='bbox 516 2677 614 2730; x_wconf 69' lang='lat' dir='ltr'><strong>atlbr.</strong></span> <span class='ocrx_word' id='word_1_261' title='bbox 630 2694 657 2729; x_wconf 89' lang='lat' dir='ltr'><strong>n.</strong></span> <span class='ocrx_word' id='word_1_262' title='bbox 709 2668 922 2742; x_wconf 78' lang='grc' dir='ltr'><strong><em>έὼνἈριττλης·</em></strong></span> <span class='ocrx_word' id='word_1_263' title='bbox 941 2670 1001 2728; x_wconf 79' lang='grc' dir='ltr'><strong><em>τότε</em></strong></span> <span class='ocrx_word' id='word_1_264' title='bbox 1018 2671 1048 2727; x_wconf 75' lang='lat' dir='ltr'><strong>dl</strong></span> <span class='ocrx_word' id='word_1_265' title='bbox 1066 2704 1101 2714; x_wconf 92' lang='lat'><em>-</em></span> <span class='ocrx_word' id='word_1_266' title='bbox 1119 2671 1192 2729; x_wconf 74' lang='grc' dir='ltr'><strong><em>εἶναι</em></strong></span> <span class='ocrx_word' id='word_1_267' title='bbox 1204 2671 1252 2729; x_wconf 79' lang='grc' dir='ltr'><strong><em>τιό-</em></strong></span> 
     </span>
     <span class='ocr_line' id='line_1_29' title="bbox 125 2742 1253 2814; baseline 0.004 -19"><span class='ocrx_word' id='word_1_268' title='bbox 125 2746 271 2814; x_wconf 86' lang='lat' dir='ltr'><strong>adregnum</strong></span> <span class='ocrx_word' id='word_1_269' title='bbox 284 2754 399 2800; x_wconf 85' lang='lat' dir='ltr'><strong>evectus</strong></span> <span class='ocrx_word' id='word_1_270' title='bbox 409 2753 451 2800; x_wconf 87' lang='lat' dir='ltr'><strong>est</strong></span> <span class='ocrx_word' id='word_1_271' title='bbox 462 2747 530 2813; x_wconf 85' lang='lat' dir='ltr'><strong>(vid.</strong></span> <span class='ocrx_word' id='word_1_272' title='bbox 540 2752 610 2800; x_wconf 86' lang='lat' dir='ltr'><strong>nott.</strong></span> <span class='ocrx_word' id='word_1_273' title='bbox 626 2747 660 2799; x_wconf 81' lang='lat' dir='ltr'><strong>ad</strong></span> <span class='ocrx_word' id='word_1_274' title='bbox 710 2742 763 2812; x_wconf 72' lang='grc' dir='ltr'><strong><em>ραξ</em></strong></span> <span class='ocrx_word' id='word_1_275' title='bbox 777 2747 836 2797; x_wconf 87' lang='lat' dir='ltr'><strong>noli</strong></span> <span class='ocrx_word' id='word_1_276' title='bbox 853 2746 953 2799; x_wconf 78' lang='lat' dir='ltr'><strong>offendi</strong></span> <span class='ocrx_word' id='word_1_277' title='bbox 972 2748 1148 2799; x_wconf 72' lang='lat' dir='ltr'><strong>nominativis</strong></span> <span class='ocrx_word' id='word_1_278' title='bbox 1163 2748 1253 2799; x_wconf 89' lang='lat' dir='ltr'><strong>infini-</strong></span> 
     </span>
     <span class='ocr_line' id='line_1_30' title="bbox 124 2814 1254 2884; baseline 0.004 -20"><span class='ocrx_word' id='word_1_279' title='bbox 124 2815 145 2879; x_wconf 89' lang='grc' dir='ltr'><strong>Ι,</strong></span> <span class='ocrx_word' id='word_1_280' title='bbox 161 2817 219 2882; x_wconf 77' lang='grc' dir='ltr'><strong><em>λλ),</em></strong></span> <span class='ocrx_word' id='word_1_281' title='bbox 239 2818 363 2870; x_wconf 82' lang='lat' dir='ltr'><strong>accidit:</strong></span> <span class='ocrx_word' id='word_1_282' title='bbox 386 2817 454 2869; x_wconf 82' lang='lat' dir='ltr'><strong>adeo</strong></span> <span class='ocrx_word' id='word_1_283' title='bbox 473 2821 505 2868; x_wconf 89' lang='lat' dir='ltr'><strong>ut</strong></span> <span class='ocrx_word' id='word_1_284' title='bbox 521 2817 557 2868; x_wconf 90' lang='lat' dir='ltr'><strong>ad</strong></span> <span class='ocrx_word' id='word_1_285' title='bbox 573 2817 659 2883; x_wconf 82' lang='lat' dir='ltr'><strong>Gygis</strong></span> <span class='ocrx_word' id='word_1_286' title='bbox 709 2817 767 2866; x_wconf 84' lang='lat' dir='ltr'><strong>tivo</strong></span> <span class='ocrx_word' id='word_1_287' title='bbox 781 2814 893 2879; x_wconf 85' lang='lat' dir='ltr'><strong>additis,</strong></span> <span class='ocrx_word' id='word_1_288' title='bbox 907 2817 954 2882; x_wconf 89' lang='lat' dir='ltr'><strong>qui</strong></span> <span class='ocrx_word' id='word_1_289' title='bbox 968 2831 1034 2867; x_wconf 87' lang='lat' dir='ltr'><strong>sane</strong></span> <span class='ocrx_word' id='word_1_290' title='bbox 1046 2832 1078 2868; x_wconf 91' lang='lat' dir='ltr'><strong>eo</strong></span> <span class='ocrx_word' id='word_1_291' title='bbox 1091 2819 1179 2884; x_wconf 89' lang='lat' dir='ltr'><strong>magis</strong></span> <span class='ocrx_word' id='word_1_292' title='bbox 1190 2818 1254 2869; x_wconf 86' lang='lat' dir='ltr'><strong>miri</strong></span> 
     </span>
     <span class='ocr_line' id='line_1_31' title="bbox 124 2884 1253 2955; baseline 0.004 -22"><span class='ocrx_word' id='word_1_293' title='bbox 124 2884 199 2937; x_wconf 79' lang='lat' dir='ltr'><strong>terme</strong></span> <span class='ocrx_word' id='word_1_294' title='bbox 217 2892 341 2939; x_wconf 84' lang='lat' dir='ltr'><strong>aetatem</strong></span> <span class='ocrx_word' id='word_1_295' title='bbox 353 2887 478 2938; x_wconf 89' lang='lat' dir='ltr'><strong>Aristeas</strong></span> <span class='ocrx_word' id='word_1_296' title='bbox 494 2902 601 2953; x_wconf 88' lang='lat' dir='ltr'><strong>quoque</strong></span> <span class='ocrx_word' id='word_1_297' title='bbox 618 2902 660 2937; x_wconf 88' lang='lat' dir='ltr'><strong>re·</strong></span> <span class='ocrx_word' id='word_1_298' title='bbox 698 2884 735 2936; x_wconf 82' lang='lat' dir='ltr'><strong>b.</strong></span> <span class='ocrx_word' id='word_1_299' title='bbox 750 2884 770 2937; x_wconf 94' lang='grc'><strong>1.</strong></span> <span class='ocrx_word' id='word_1_300' title='bbox 783 2886 923 2949; x_wconf 84' lang='lat' dir='ltr'><strong>ridentur,</strong></span> <span class='ocrx_word' id='word_1_301' title='bbox 939 2886 999 2937; x_wconf 87' lang='lat' dir='ltr'><strong>oum</strong></span> <span class='ocrx_word' id='word_1_302' title='bbox 1012 2887 1142 2938; x_wconf 89' lang='lat' dir='ltr'><strong>continuo</strong></span> <span class='ocrx_word' id='word_1_303' title='bbox 1156 2902 1253 2955; x_wconf 87' lang='lat' dir='ltr'><strong>sequa·</strong></span> 
     </span>
     <span class='ocr_line' id='line_1_32' title="bbox 124 2948 1253 3009; baseline 0.005 -7"><span class='ocrx_word' id='word_1_304' title='bbox 124 2954 182 3005; x_wconf 79' lang='lat' dir='ltr'><strong>terri</strong></span> <span class='ocrx_word' id='word_1_305' title='bbox 191 2956 298 3009; x_wconf 86' lang='lat' dir='ltr'><strong>debeat.</strong></span> <span class='ocrx_word' id='word_1_306' title='bbox 321 2956 382 3007; x_wconf 88' lang='lat' dir='ltr'><strong>Alio</strong></span> <span class='ocrx_word' id='word_1_307' title='bbox 392 2956 472 3008; x_wconf 90' lang='lat' dir='ltr'><strong>modo</strong></span> <span class='ocrx_word' id='word_1_308' title='bbox 482 2956 659 3008; x_wconf 80' lang='lat' dir='ltr'><strong>difficultates</strong></span> <span class='ocrx_word' id='word_1_309' title='bbox 709 2961 755 3006; x_wconf 85' lang='lat' dir='ltr'><strong>tur</strong></span> <span class='ocrx_word' id='word_1_310' title='bbox 771 2956 960 3008; x_wconf 83' lang='lat' dir='ltr'><strong>accusativus:</strong></span> <span class='ocrx_word' id='word_1_311' title='bbox 986 2951 1034 3005; x_wconf 79' lang='grc' dir='ltr'><strong><em>καὶ</em></strong></span> <span class='ocrx_word' id='word_1_312' title='bbox 1051 2948 1086 3006; x_wconf 76' lang='grc' dir='ltr'><strong><em>τό</em></strong></span> <span class='ocrx_word' id='word_1_313' title='bbox 1098 2972 1115 3006; x_wconf 87' lang='grc' dir='ltr'><strong><em>ν</em></strong></span> <span class='ocrx_word' id='word_1_314' title='bbox 1132 2954 1253 3008; x_wconf 72' lang='grc' dir='ltr'><strong><em>εἴπαντα</em></strong></span> 
     </span>
     <span class='ocr_line' id='line_1_33' title="bbox 124 3016 1253 3094; baseline 0.005 -20"><span class='ocrx_word' id='word_1_315' title='bbox 124 3023 209 3078; x_wconf 87' lang='lat' dir='ltr'><strong>tollere</strong></span> <span class='ocrx_word' id='word_1_316' title='bbox 226 3026 338 3079; x_wconf 81' lang='lat' dir='ltr'><strong>studuit</strong></span> <span class='ocrx_word' id='word_1_317' title='bbox 354 3027 399 3078; x_wconf 83' lang='lat' dir='ltr'><strong>vir</strong></span> <span class='ocrx_word' id='word_1_318' title='bbox 415 3027 512 3077; x_wconf 87' lang='lat' dir='ltr'><strong>doctus</strong></span> <span class='ocrx_word' id='word_1_319' title='bbox 530 3026 559 3075; x_wconf 89' lang='lat' dir='ltr'><strong>in</strong></span> <span class='ocrx_word' id='word_1_320' title='bbox 578 3041 660 3091; x_wconf 86' lang='lat' dir='ltr'><strong>opcre</strong></span> <span class='ocrx_word' id='word_1_321' title='bbox 709 3022 798 3075; x_wconf 77' lang='grc' dir='ltr'><strong><em>ταῦτα</em></strong></span> <span class='ocrx_word' id='word_1_322' title='bbox 826 3016 1041 3091; x_wconf 72' lang='grc' dir='ltr'><strong><em>ἀφανισθῆναι,</em></strong></span> <span class='ocrx_word' id='word_1_323' title='bbox 1066 3027 1165 3094; x_wconf 87' lang='lat' dir='ltr'><strong>quique</strong></span> <span class='ocrx_word' id='word_1_324' title='bbox 1185 3042 1253 3080; x_wconf 85' lang='lat' dir='ltr'><strong>sane</strong></span> 
     </span>
     <span class='ocr_line' id='line_1_34' title="bbox 124 3090 1252 3162; baseline 0.003 -18"><span class='ocrx_word' id='word_1_325' title='bbox 124 3093 336 3158; x_wconf 87' lang='lat' dir='ltr'><strong>splendidissimo</strong></span> <span class='ocrx_word' id='word_1_326' title='bbox 348 3095 505 3162; x_wconf 85' lang='lat' dir='ltr'><strong>(Metapont</strong></span> <span class='ocrx_word' id='word_1_327' title='bbox 513 3111 564 3161; x_wconf 86' lang='lat' dir='ltr'><strong>par</strong></span> <span class='ocrx_word' id='word_1_328' title='bbox 572 3095 598 3147; x_wconf 91' lang='lat' dir='ltr'><strong>le</strong></span> <span class='ocrx_word' id='word_1_329' title='bbox 607 3096 661 3147; x_wconf 89' lang='lat' dir='ltr'><strong>due</strong></span> <span class='ocrx_word' id='word_1_330' title='bbox 710 3095 848 3147; x_wconf 82' lang='lat' dir='ltr'><strong>referendi</strong></span> <span class='ocrx_word' id='word_1_331' title='bbox 861 3100 926 3146; x_wconf 86' lang='lat' dir='ltr'><strong>snut</strong></span> <span class='ocrx_word' id='word_1_332' title='bbox 939 3095 974 3146; x_wconf 85' lang='lat' dir='ltr'><strong>ad</strong></span> <span class='ocrx_word' id='word_1_333' title='bbox 986 3098 1180 3149; x_wconf 84' lang='lat' dir='ltr'><strong>antecedentia</strong></span> <span class='ocrx_word' id='word_1_334' title='bbox 1196 3090 1252 3162; x_wconf 80' lang='grc' dir='ltr'><strong>φά-</strong></span> 
     </span>
     <span class='ocr_line' id='line_1_35' title="bbox 124 3157 1253 3232; baseline 0.005 -19"><span class='ocrx_word' id='word_1_335' title='bbox 124 3163 267 3232; x_wconf 79' lang='lat' dir='ltr'><strong>deLnynes</strong></span> <span class='ocrx_word' id='word_1_336' title='bbox 284 3171 316 3218; x_wconf 88' lang='lat' dir='ltr'><strong>et</strong></span> <span class='ocrx_word' id='word_1_337' title='bbox 334 3168 365 3216; x_wconf 84' lang='lat' dir='ltr'><strong>F.</strong></span> <span class='ocrx_word' id='word_1_338' title='bbox 382 3166 410 3217; x_wconf 85' lang='lat' dir='ltr'><strong>J.</strong></span> <span class='ocrx_word' id='word_1_339' title='bbox 425 3166 548 3230; x_wconf 78' lang='lat' dir='ltr'><strong>Debaey.</strong></span> <span class='ocrx_word' id='word_1_340' title='bbox 568 3166 660 3216; x_wconf 85' lang='lat' dir='ltr'><strong>Paris.</strong></span> <span class='ocrx_word' id='word_1_341' title='bbox 709 3180 757 3214; x_wconf 90' lang='grc' dir='ltr'><strong>ναι</strong></span> <span class='ocrx_word' id='word_1_342' title='bbox 770 3157 833 3231; x_wconf 76' lang='grc' dir='ltr'><strong><em>γὰρ,</em></strong></span> <span class='ocrx_word' id='word_1_343' title='bbox 848 3165 883 3215; x_wconf 84' lang='lat' dir='ltr'><strong>ad</strong></span> <span class='ocrx_word' id='word_1_344' title='bbox 895 3180 965 3231; x_wconf 87' lang='lat' dir='ltr'><strong>qnae</strong></span> <span class='ocrx_word' id='word_1_345' title='bbox 976 3167 1037 3230; x_wconf 90' lang='lat' dir='ltr'><strong>ipsa</strong></span> <span class='ocrx_word' id='word_1_346' title='bbox 1051 3168 1253 3219; x_wconf 81' lang='lat' dir='ltr'><strong>exanteoeden-</strong></span> 
     </span>
     <span class='ocr_line' id='line_1_36' title="bbox 126 3227 1253 3303; baseline 0.004 -21"><span class='ocrx_word' id='word_1_347' title='bbox 126 3232 192 3286; x_wconf 84' lang='grc'><strong>1333.</strong></span> <span class='ocrx_word' id='word_1_348' title='bbox 208 3251 272 3303; x_wconf 84' lang='lat' dir='ltr'><strong>pag.</strong></span> <span class='ocrx_word' id='word_1_349' title='bbox 295 3235 403 3301; x_wconf 60' lang='lat'>1415),</span> <span class='ocrx_word' id='word_1_350' title='bbox 416 3235 487 3286; x_wconf 88' lang='lat' dir='ltr'><strong>hanc</strong></span> <span class='ocrx_word' id='word_1_351' title='bbox 500 3235 534 3287; x_wconf 90' lang='lat' dir='ltr'><strong>de</strong></span> <span class='ocrx_word' id='word_1_352' title='bbox 548 3234 659 3287; x_wconf 80' lang='lat' dir='ltr'><strong>Aristeu</strong></span> <span class='ocrx_word' id='word_1_353' title='bbox 709 3235 785 3286; x_wconf 89' lang='lat' dir='ltr'><strong>tibus</strong></span> <span class='ocrx_word' id='word_1_354' title='bbox 799 3239 889 3287; x_wconf 91' lang='lat' dir='ltr'><strong>mente</strong></span> <span class='ocrx_word' id='word_1_355' title='bbox 908 3235 1055 3301; x_wconf 88' lang='lat' dir='ltr'><strong>repetenda</strong></span> <span class='ocrx_word' id='word_1_356' title='bbox 1065 3240 1129 3288; x_wconf 88' lang='lat' dir='ltr'><strong>sunt</strong></span> <span class='ocrx_word' id='word_1_357' title='bbox 1139 3227 1253 3302; x_wconf 80' lang='grc' dir='ltr'><strong><em>Ἀριστέ-</em></strong></span> 
     </span>
     <span class='ocr_line' id='line_1_37' title="bbox 125 3300 1253 3370; baseline 0.005 -20"><span class='ocrx_word' id='word_1_358' title='bbox 125 3300 297 3358; x_wconf 87' lang='lat' dir='ltr'><strong>Prooonuesio</strong></span> <span class='ocrx_word' id='word_1_359' title='bbox 329 3307 514 3357; x_wconf 71' lang='lat' dir='ltr'><strong>narrationem</strong></span> <span class='ocrx_word' id='word_1_360' title='bbox 538 3304 660 3357; x_wconf 80' lang='lat' dir='ltr'><strong>referens</strong></span> <span class='ocrx_word' id='word_1_361' title='bbox 709 3320 747 3370; x_wconf 86' lang='grc' dir='ltr'><strong><em>ην</em></strong></span> <span class='ocrx_word' id='word_1_362' title='bbox 758 3303 974 3355; x_wconf 78' lang='grc' dir='ltr'><strong><em>Μεταποντῖνοί</em></strong></span> <span class='ocrx_word' id='word_1_363' title='bbox 982 3318 1061 3369; x_wconf 88' lang='grc' dir='ltr'><strong><em>φασι.</em></strong></span> <span class='ocrx_word' id='word_1_364' title='bbox 1083 3307 1192 3357; x_wconf 85' lang='lat' dir='ltr'><strong>Etenim</strong></span> <span class='ocrx_word' id='word_1_365' title='bbox 1204 3307 1253 3358; x_wconf 91' lang='lat' dir='ltr'><strong>alii</strong></span> 
     </span>
     <span class='ocr_line' id='line_1_38' title="bbox 125 3371 1252 3442; baseline 0.006 -21"><span class='ocrx_word' id='word_1_366' title='bbox 125 3371 154 3421; x_wconf 85' lang='lat' dir='ltr'><strong>ad</strong></span> <span class='ocrx_word' id='word_1_367' title='bbox 168 3373 318 3438; x_wconf 82' lang='lat' dir='ltr'><strong>Aristeam,</strong></span> <span class='ocrx_word' id='word_1_368' title='bbox 340 3375 541 3442; x_wconf 83' lang='lat' dir='ltr'><strong>Demophontis</strong></span> <span class='ocrx_word' id='word_1_369' title='bbox 566 3374 660 3441; x_wconf 86' lang='lat' dir='ltr'><strong>filium,</strong></span> <span class='ocrx_word' id='word_1_370' title='bbox 710 3389 816 3440; x_wconf 81' lang='lat' dir='ltr'><strong>quoque</strong></span> <span class='ocrx_word' id='word_1_371' title='bbox 834 3374 907 3440; x_wconf 85' lang='lat' dir='ltr'><strong>apud</strong></span> <span class='ocrx_word' id='word_1_372' title='bbox 923 3375 1093 3427; x_wconf 89' lang='lat' dir='ltr'><strong>Herodotum</strong></span> <span class='ocrx_word' id='word_1_373' title='bbox 1110 3377 1252 3428; x_wconf 84' lang='lat' dir='ltr'><strong>inveniun-</strong></span> 
     </span>
     <span class='ocr_line' id='line_1_39' title="bbox 125 3438 1253 3510; baseline 0.004 -18"><span class='ocrx_word' id='word_1_374' title='bbox 125 3438 287 3509; x_wconf 82' lang='lat' dir='ltr'><strong>Crstensem,</strong></span> <span class='ocrx_word' id='word_1_375' title='bbox 318 3443 493 3510; x_wconf 77' lang='lat' dir='ltr'><strong>Pythagorae</strong></span> <span class='ocrx_word' id='word_1_376' title='bbox 522 3460 662 3497; x_wconf 87' lang='lat' dir='ltr'><strong>suceesso-</strong></span> <span class='ocrx_word' id='word_1_377' title='bbox 708 3448 754 3495; x_wconf 85' lang='lat' dir='ltr'><strong>tur</strong></span> <span class='ocrx_word' id='word_1_378' title='bbox 769 3444 839 3507; x_wconf 86' lang='lat' dir='ltr'><strong>loci,</strong></span> <span class='ocrx_word' id='word_1_379' title='bbox 858 3446 886 3494; x_wconf 91' lang='lat' dir='ltr'><strong>in</strong></span> <span class='ocrx_word' id='word_1_380' title='bbox 904 3444 1003 3510; x_wconf 87' lang='lat' dir='ltr'><strong>quibus</strong></span> <span class='ocrx_word' id='word_1_381' title='bbox 1018 3445 1133 3497; x_wconf 85' lang='lat' dir='ltr'><strong>alterius</strong></span> <span class='ocrx_word' id='word_1_382' title='bbox 1147 3452 1253 3498; x_wconf 88' lang='lat' dir='ltr'><strong>senten·</strong></span> 
     </span>
     <span class='ocr_line' id='line_1_40' title="bbox 125 3513 1252 3582; baseline 0.004 -21"><span class='ocrx_word' id='word_1_383' title='bbox 125 3523 186 3575; x_wconf 86' lang='lat' dir='ltr'><strong>rem,</strong></span> <span class='ocrx_word' id='word_1_384' title='bbox 200 3515 247 3580; x_wconf 90' lang='lat' dir='ltr'><strong>qui</strong></span> <span class='ocrx_word' id='word_1_385' title='bbox 262 3516 342 3566; x_wconf 86' lang='lat' dir='ltr'><strong>circa</strong></span> <span class='ocrx_word' id='word_1_386' title='bbox 358 3529 423 3565; x_wconf 87' lang='lat' dir='ltr'><strong>ann.</strong></span> <span class='ocrx_word' id='word_1_387' title='bbox 442 3514 494 3567; x_wconf 74' lang='lat'><strong>500</strong></span> <span class='ocrx_word' id='word_1_388' title='bbox 509 3529 536 3564; x_wconf 92' lang='lat' dir='ltr'><strong>a.</strong></span> <span class='ocrx_word' id='word_1_389' title='bbox 551 3514 614 3567; x_wconf 81' lang='lat' dir='ltr'><strong>Chr.</strong></span> <span class='ocrx_word' id='word_1_390' title='bbox 631 3530 659 3565; x_wconf 90' lang='lat' dir='ltr'><strong>u.</strong></span> <span class='ocrx_word' id='word_1_391' title='bbox 710 3515 768 3565; x_wconf 87' lang='lat' dir='ltr'><strong>tiae</strong></span> <span class='ocrx_word' id='word_1_392' title='bbox 786 3513 914 3580; x_wconf 85' lang='lat' dir='ltr'><strong>obliquae</strong></span> <span class='ocrx_word' id='word_1_393' title='bbox 937 3515 971 3565; x_wconf 90' lang='lat' dir='ltr'><strong>ab</strong></span> <span class='ocrx_word' id='word_1_394' title='bbox 990 3514 1077 3566; x_wconf 85' lang='lat' dir='ltr'><strong>altera</strong></span> <span class='ocrx_word' id='word_1_395' title='bbox 1097 3531 1184 3582; x_wconf 85' lang='lat' dir='ltr'><strong>eaque</strong></span> <span class='ocrx_word' id='word_1_396' title='bbox 1198 3517 1252 3582; x_wconf 91' lang='lat' dir='ltr'><strong>pri·</strong></span> 
     </span>
     <span class='ocr_line' id='line_1_41' title="bbox 124 3582 1253 3649; baseline 0.007 -21"><span class='ocrx_word' id='word_1_397' title='bbox 124 3594 176 3630; x_wconf 87' lang='lat' dir='ltr'><strong>cum</strong></span> <span class='ocrx_word' id='word_1_398' title='bbox 190 3582 331 3649; x_wconf 79' lang='lat' dir='ltr'><strong>Apollinis</strong></span> <span class='ocrx_word' id='word_1_399' title='bbox 346 3598 427 3635; x_wconf 85' lang='lat' dir='ltr'><strong>sacra</strong></span> <span class='ocrx_word' id='word_1_400' title='bbox 447 3584 603 3649; x_wconf 72' lang='lat' dir='ltr'><strong>Metaponti</strong></span> <span class='ocrx_word' id='word_1_401' title='bbox 620 3587 661 3634; x_wconf 90' lang='lat' dir='ltr'><strong>in·</strong></span> <span class='ocrx_word' id='word_1_402' title='bbox 709 3584 797 3635; x_wconf 82' lang='lat' dir='ltr'><strong>maria</strong></span> <span class='ocrx_word' id='word_1_403' title='bbox 816 3584 959 3649; x_wconf 86' lang='lat' dir='ltr'><strong>pendentis</strong></span> <span class='ocrx_word' id='word_1_404' title='bbox 979 3583 1110 3636; x_wconf 80' lang='lat' dir='ltr'><strong>infinitivi</strong></span> <span class='ocrx_word' id='word_1_405' title='bbox 1127 3587 1181 3637; x_wconf 87' lang='lat' dir='ltr'><strong>sibi</strong></span> <span class='ocrx_word' id='word_1_406' title='bbox 1203 3601 1253 3636; x_wconf 91' lang='lat' dir='ltr'><strong>no-</strong></span> 
     </span>
     <span class='ocr_line' id='line_1_42' title="bbox 124 3651 1252 3717; baseline 0.007 -20"><span class='ocrx_word' id='word_1_407' title='bbox 124 3651 257 3705; x_wconf 87' lang='lat' dir='ltr'><strong>trodncere</strong></span> <span class='ocrx_word' id='word_1_408' title='bbox 276 3652 376 3717; x_wconf 85' lang='lat' dir='ltr'><strong>vellet,</strong></span> <span class='ocrx_word' id='word_1_409' title='bbox 399 3652 451 3705; x_wconf 90' lang='lat' dir='ltr'><strong>hoc</strong></span> <span class='ocrx_word' id='word_1_410' title='bbox 470 3670 503 3704; x_wconf 91' lang='lat' dir='ltr'><strong>eo</strong></span> <span class='ocrx_word' id='word_1_411' title='bbox 519 3654 614 3704; x_wconf 86' lang='lat' dir='ltr'><strong>melius</strong></span> <span class='ocrx_word' id='word_1_412' title='bbox 629 3656 661 3704; x_wconf 90' lang='lat' dir='ltr'><strong>ut</strong></span> <span class='ocrx_word' id='word_1_413' title='bbox 710 3652 858 3705; x_wconf 80' lang='lat' dir='ltr'><strong>minatiros</strong></span> <span class='ocrx_word' id='word_1_414' title='bbox 877 3653 1022 3705; x_wconf 89' lang='lat' dir='ltr'><strong>adiunctos</strong></span> <span class='ocrx_word' id='word_1_415' title='bbox 1045 3659 1169 3717; x_wconf 87' lang='lat' dir='ltr'><strong>sumunt,</strong></span> <span class='ocrx_word' id='word_1_416' title='bbox 1192 3655 1252 3706; x_wconf 87' lang='lat' dir='ltr'><strong>loco</strong></span> 
     </span>
     <span class='ocr_line' id='line_1_43' title="bbox 124 3717 1253 3790; baseline 0.004 -21"><span class='ocrx_word' id='word_1_417' title='bbox 124 3717 387 3787; x_wconf 55' lang='lat' dir='ltr'><strong>efficereaAsisteas</strong></span> <span class='ocrx_word' id='word_1_418' title='bbox 396 3722 469 3774; x_wconf 85' lang='lat' dir='ltr'><strong>illius</strong></span> <span class='ocrx_word' id='word_1_419' title='bbox 482 3723 662 3774; x_wconf 86' lang='lat' dir='ltr'><strong>Proconnesii</strong></span> <span class='ocrx_word' id='word_1_420' title='bbox 710 3725 950 3787; x_wconf 84' lang='lat' dir='ltr'><strong>accusativorurn,</strong></span> <span class='ocrx_word' id='word_1_421' title='bbox 976 3739 1045 3790; x_wconf 87' lang='lat' dir='ltr'><strong>quos</strong></span> <span class='ocrx_word' id='word_1_422' title='bbox 1071 3725 1099 3774; x_wconf 89' lang='lat' dir='ltr'><strong>in</strong></span> <span class='ocrx_word' id='word_1_423' title='bbox 1122 3725 1253 3790; x_wconf 85' lang='lat' dir='ltr'><strong>primaria</strong></span> 
     </span>
     <span class='ocr_line' id='line_1_44' title="bbox 124 3791 1253 3859; baseline 0.004 -21"><span class='ocrx_word' id='word_1_424' title='bbox 124 3792 231 3843; x_wconf 80' lang='lat' dir='ltr'><strong>manime</strong></span> <span class='ocrx_word' id='word_1_425' title='bbox 243 3791 363 3859; x_wconf 85' lang='lat' dir='ltr'><strong>insignis</strong></span> <span class='ocrx_word' id='word_1_426' title='bbox 377 3796 405 3843; x_wconf 88' lang='lat' dir='ltr'><strong>et</strong></span> <span class='ocrx_word' id='word_1_427' title='bbox 417 3791 550 3844; x_wconf 86' lang='lat' dir='ltr'><strong>celebrati</strong></span> <span class='ocrx_word' id='word_1_428' title='bbox 562 3808 661 3846; x_wconf 89' lang='lat' dir='ltr'><strong>nomen</strong></span> <span class='ocrx_word' id='word_1_429' title='bbox 710 3792 849 3844; x_wconf 85' lang='lat' dir='ltr'><strong>sententia</strong></span> <span class='ocrx_word' id='word_1_430' title='bbox 862 3794 966 3857; x_wconf 88' lang='lat' dir='ltr'><strong>positos</strong></span> <span class='ocrx_word' id='word_1_431' title='bbox 984 3795 1012 3843; x_wconf 88' lang='lat' dir='ltr'><strong>in</strong></span> <span class='ocrx_word' id='word_1_432' title='bbox 1026 3793 1079 3843; x_wconf 89' lang='lat' dir='ltr'><strong>hac</strong></span> <span class='ocrx_word' id='word_1_433' title='bbox 1096 3808 1203 3859; x_wconf 87' lang='lat' dir='ltr'><strong>quoque</strong></span> <span class='ocrx_word' id='word_1_434' title='bbox 1214 3792 1253 3843; x_wconf 84' lang='lat' dir='ltr'><strong>al-</strong></span> 
     </span>
     <span class='ocr_line' id='line_1_45' title="bbox 124 3861 1252 3927; baseline 0.002 -17"><span class='ocrx_word' id='word_1_435' title='bbox 124 3861 660 3927; x_wconf 75' lang='lat' dir='ltr'><strong>assumpseritzdequoutdecernereuo·</strong></span> <span class='ocrx_word' id='word_1_436' title='bbox 710 3866 771 3913; x_wconf 88' lang='lat' dir='ltr'><strong>tera</strong></span> <span class='ocrx_word' id='word_1_437' title='bbox 787 3863 984 3927; x_wconf 81' lang='lat' dir='ltr'><strong>exspectabas:</strong></span> <span class='ocrx_word' id='word_1_438' title='bbox 1001 3863 1058 3912; x_wconf 84' lang='lat' dir='ltr'><strong>rid.</strong></span> <span class='ocrx_word' id='word_1_439' title='bbox 1073 3862 1117 3925; x_wconf 85' lang='lat'><strong>11,</strong></span> <span class='ocrx_word' id='word_1_440' title='bbox 1135 3862 1186 3913; x_wconf 90' lang='grc'><strong>118</strong></span> <span class='ocrx_word' id='word_1_441' title='bbox 1201 3862 1252 3912; x_wconf 90' lang='lat' dir='ltr'><strong>ibi-</strong></span> 
     </span>
     <span class='ocr_line' id='line_1_46' title="bbox 122 3924 1252 3997; baseline 0.004 -19"><span class='ocrx_word' id='word_1_442' title='bbox 122 3924 177 3991; x_wconf 83' lang='lat' dir='ltr'><strong>lim,</strong></span> <span class='ocrx_word' id='word_1_443' title='bbox 199 3932 240 3983; x_wconf 90' lang='lat' dir='ltr'><strong>ita</strong></span> <span class='ocrx_word' id='word_1_444' title='bbox 256 3931 379 3983; x_wconf 79' lang='lat' dir='ltr'><strong>fabulam</strong></span> <span class='ocrx_word' id='word_1_445' title='bbox 397 3931 432 3983; x_wconf 92' lang='lat' dir='ltr'><strong>de</strong></span> <span class='ocrx_word' id='word_1_446' title='bbox 450 3932 559 3984; x_wconf 85' lang='lat' dir='ltr'><strong>Aristea</strong></span> <span class='ocrx_word' id='word_1_447' title='bbox 573 3932 661 3982; x_wconf 83' lang='lat' dir='ltr'><strong>Meta-</strong></span> <span class='ocrx_word' id='word_1_448' title='bbox 709 3934 842 3997; x_wconf 85' lang='lat' dir='ltr'><strong>queuott.</strong></span> <span class='ocrx_word' id='word_1_449' title='bbox 859 3934 887 3983; x_wconf 91' lang='lat' dir='ltr'><strong>et</strong></span> <span class='ocrx_word' id='word_1_450' title='bbox 905 3930 979 3983; x_wconf 84' lang='lat' dir='ltr'><strong>conf.</strong></span> <span class='ocrx_word' id='word_1_451' title='bbox 991 3930 1129 3983; x_wconf 84' lang='lat' dir='ltr'><strong>Schoene:</strong></span> <span class='ocrx_word' id='word_1_452' title='bbox 1149 3932 1191 3983; x_wconf 87' lang='lat' dir='ltr'><strong>De</strong></span> <span class='ocrx_word' id='word_1_453' title='bbox 1211 3936 1252 3982; x_wconf 77' lang='lat' dir='ltr'><strong>at</strong></span> 
     </span>
     <span class='ocr_line' id='line_1_47' title="bbox 123 4000 1253 4069; baseline 0.005 -22"><span class='ocrx_word' id='word_1_454' title='bbox 123 4001 192 4060; x_wconf 88' lang='lat' dir='ltr'><strong>ponti</strong></span> <span class='ocrx_word' id='word_1_455' title='bbox 201 4002 394 4067; x_wconf 80' lang='lat' dir='ltr'><strong>pervulgatam</strong></span> <span class='ocrx_word' id='word_1_456' title='bbox 405 4016 467 4052; x_wconf 87' lang='lat' dir='ltr'><strong>cum</strong></span> <span class='ocrx_word' id='word_1_457' title='bbox 474 4001 610 4069; x_wconf 81' lang='lat' dir='ltr'><strong>Apollinis</strong></span> <span class='ocrx_word' id='word_1_458' title='bbox 618 4017 661 4053; x_wconf 89' lang='lat' dir='ltr'><strong>sa·</strong></span> <span class='ocrx_word' id='word_1_459' title='bbox 711 4002 855 4052; x_wconf 85' lang='lat' dir='ltr'><strong>tractionis</strong></span> <span class='ocrx_word' id='word_1_460' title='bbox 865 4015 947 4067; x_wconf 84' lang='lat' dir='ltr'><strong>quarn</strong></span> <span class='ocrx_word' id='word_1_461' title='bbox 959 4001 1053 4052; x_wconf 88' lang='lat' dir='ltr'><strong>dicunt</strong></span> <span class='ocrx_word' id='word_1_462' title='bbox 1066 4000 1253 4067; x_wconf 90' lang='lat' dir='ltr'><strong>singularibus</strong></span> 
     </span>
     <span class='ocr_line' id='line_1_48' title="bbox 124 4068 1254 4137; baseline 0.005 -20"><span class='ocrx_word' id='word_1_463' title='bbox 124 4068 180 4132; x_wconf 89' lang='lat' dir='ltr'><strong>crts,</strong></span> <span class='ocrx_word' id='word_1_464' title='bbox 195 4086 265 4135; x_wconf 86' lang='lat' dir='ltr'><strong>quae</strong></span> <span class='ocrx_word' id='word_1_465' title='bbox 275 4072 305 4121; x_wconf 90' lang='lat' dir='ltr'><strong>in</strong></span> <span class='ocrx_word' id='word_1_466' title='bbox 315 4071 366 4122; x_wconf 88' lang='lat' dir='ltr'><strong>hac</strong></span> <span class='ocrx_word' id='word_1_467' title='bbox 376 4071 444 4122; x_wconf 89' lang='lat' dir='ltr'><strong>urbe</strong></span> <span class='ocrx_word' id='word_1_468' title='bbox 453 4072 570 4122; x_wconf 84' lang='lat' dir='ltr'><strong>maxime</strong></span> <span class='ocrx_word' id='word_1_469' title='bbox 578 4072 659 4121; x_wconf 89' lang='lat' dir='ltr'><strong>floru-</strong></span> <span class='ocrx_word' id='word_1_470' title='bbox 709 4071 872 4137; x_wconf 83' lang='lat' dir='ltr'><strong>quibusdam</strong></span> <span class='ocrx_word' id='word_1_471' title='bbox 892 4069 1022 4136; x_wconf 84' lang='lat' dir='ltr'><strong>exemplis</strong></span> <span class='ocrx_word' id='word_1_472' title='bbox 1044 4071 1118 4137; x_wconf 88' lang='lat' dir='ltr'><strong>apud</strong></span> <span class='ocrx_word' id='word_1_473' title='bbox 1130 4071 1254 4124; x_wconf 89' lang='lat' dir='ltr'><strong>Herodo-</strong></span> 
     </span>
     <span class='ocr_line' id='line_1_49' title="bbox 123 4140 1252 4209; baseline 0.005 -21"><span class='ocrx_word' id='word_1_474' title='bbox 123 4142 195 4188; x_wconf 85' lang='lat' dir='ltr'><strong>erunt</strong></span> <span class='ocrx_word' id='word_1_475' title='bbox 217 4140 267 4205; x_wconf 85' lang='lat' dir='ltr'><strong>(ci.</strong></span> <span class='ocrx_word' id='word_1_476' title='bbox 286 4140 320 4191; x_wconf 83' lang='lat' dir='ltr'><strong>G.</strong></span> <span class='ocrx_word' id='word_1_477' title='bbox 332 4140 500 4192; x_wconf 86' lang='lat' dir='ltr'><strong>Hellander:</strong></span> <span class='ocrx_word' id='word_1_478' title='bbox 518 4141 562 4191; x_wconf 91' lang='lat' dir='ltr'><strong>De</strong></span> <span class='ocrx_word' id='word_1_479' title='bbox 578 4141 659 4192; x_wconf 87' lang='lat' dir='ltr'><strong>rebus</strong></span> <span class='ocrx_word' id='word_1_480' title='bbox 708 4144 766 4192; x_wconf 87' lang='lat' dir='ltr'><strong>tum</strong></span> <span class='ocrx_word' id='word_1_481' title='bbox 780 4147 880 4208; x_wconf 86' lang='lat' dir='ltr'><strong>repert.</strong></span> <span class='ocrx_word' id='word_1_482' title='bbox 892 4140 1043 4206; x_wconf 83' lang='lat' dir='ltr'><strong>(Bieleleld.</strong></span> <span class='ocrx_word' id='word_1_483' title='bbox 1060 4140 1138 4206; x_wconf 83' lang='grc'><strong>1840)</strong></span> <span class='ocrx_word' id='word_1_484' title='bbox 1150 4157 1215 4209; x_wconf 86' lang='lat' dir='ltr'><strong>pag.</strong></span> <span class='ocrx_word' id='word_1_485' title='bbox 1226 4140 1252 4206; x_wconf 87' lang='grc'><strong>3,</strong></span> 
     </span>
     <span class='ocr_line' id='line_1_50' title="bbox 122 4203 1253 4277; baseline 0.006 -21"><span class='ocrx_word' id='word_1_486' title='bbox 122 4203 375 4273; x_wconf 80' lang='lat' dir='ltr'><strong>Metapontinorum.</strong></span> <span class='ocrx_word' id='word_1_487' title='bbox 394 4209 516 4277; x_wconf 83' lang='lat' dir='ltr'><strong>Gottiug.</strong></span> <span class='ocrx_word' id='word_1_488' title='bbox 534 4209 609 4260; x_wconf 84' lang='grc'><strong>1851.</strong></span> <span class='ocrx_word' id='word_1_489' title='bbox 631 4226 659 4275; x_wconf 91' lang='lat' dir='ltr'><strong>p.</strong></span> <span class='ocrx_word' id='word_1_490' title='bbox 709 4211 755 4277; x_wconf 87' lang='lat' dir='ltr'><strong>qni</strong></span> <span class='ocrx_word' id='word_1_491' title='bbox 776 4225 877 4263; x_wconf 87' lang='lat' dir='ltr'><strong>causas</strong></span> <span class='ocrx_word' id='word_1_492' title='bbox 895 4211 976 4262; x_wconf 88' lang='lat' dir='ltr'><strong>huius</strong></span> <span class='ocrx_word' id='word_1_493' title='bbox 994 4225 1060 4262; x_wconf 87' lang='lat' dir='ltr'><strong>usus</strong></span> <span class='ocrx_word' id='word_1_494' title='bbox 1080 4226 1176 4264; x_wconf 87' lang='lat' dir='ltr'><strong>eruere</strong></span> <span class='ocrx_word' id='word_1_495' title='bbox 1195 4216 1253 4263; x_wconf 91' lang='lat' dir='ltr'><strong>stu·</strong></span> 
     </span>
     <span class='ocr_line' id='line_1_51' title="bbox 122 4275 1252 4346; baseline 0.008 -24"><span class='ocrx_word' id='word_1_496' title='bbox 122 4275 152 4323; x_wconf 76' lang='lat'><strong>42</strong></span> <span class='ocrx_word' id='word_1_497' title='bbox 168 4280 252 4343; x_wconf 70' lang='lat' dir='ltr'><strong>serp),</strong></span> <span class='ocrx_word' id='word_1_498' title='bbox 277 4282 451 4331; x_wconf 84' lang='lat' dir='ltr'><strong>coniunctam</strong></span> <span class='ocrx_word' id='word_1_499' title='bbox 474 4294 534 4331; x_wconf 87' lang='lat' dir='ltr'><strong>esse</strong></span> <span class='ocrx_word' id='word_1_500' title='bbox 550 4280 659 4331; x_wconf 88' lang='lat' dir='ltr'><strong>credam</strong></span> <span class='ocrx_word' id='word_1_501' title='bbox 710 4280 778 4331; x_wconf 87' lang='lat' dir='ltr'><strong>duit.</strong></span> <span class='ocrx_word' id='word_1_502' title='bbox 808 4281 873 4346; x_wconf 88' lang='lat' dir='ltr'><strong>Ipsa</strong></span> <span class='ocrx_word' id='word_1_503' title='bbox 893 4281 1028 4333; x_wconf 82' lang='lat' dir='ltr'><strong>Herodoti</strong></span> <span class='ocrx_word' id='word_1_504' title='bbox 1052 4281 1150 4345; x_wconf 81' lang='lat' dir='ltr'><strong>verba,</strong></span> <span class='ocrx_word' id='word_1_505' title='bbox 1178 4281 1252 4332; x_wconf 83' lang='lat' dir='ltr'><strong>baud</strong></span> 
     </span>
     <span class='ocr_line' id='line_1_52' title="bbox 121 4342 1253 4417; baseline 0.005 -23"><span class='ocrx_word' id='word_1_506' title='bbox 121 4342 238 4412; x_wconf 85' lang='lat' dir='ltr'><strong>adeoque</strong></span> <span class='ocrx_word' id='word_1_507' title='bbox 257 4347 296 4399; x_wconf 86' lang='lat' dir='ltr'><strong>ad</strong></span> <span class='ocrx_word' id='word_1_508' title='bbox 313 4348 379 4400; x_wconf 88' lang='lat' dir='ltr'><strong>illud</strong></span> <span class='ocrx_word' id='word_1_509' title='bbox 395 4354 502 4415; x_wconf 85' lang='lat' dir='ltr'><strong>tempus</strong></span> <span class='ocrx_word' id='word_1_510' title='bbox 523 4354 659 4416; x_wconf 89' lang='lat' dir='ltr'><strong>spectare,</strong></span> <span class='ocrx_word' id='word_1_511' title='bbox 710 4350 828 4402; x_wconf 87' lang='lat' dir='ltr'><strong>obscura</strong></span> <span class='ocrx_word' id='word_1_512' title='bbox 839 4350 887 4401; x_wconf 90' lang='lat' dir='ltr'><strong>illa</strong></span> <span class='ocrx_word' id='word_1_513' title='bbox 900 4351 1022 4417; x_wconf 86' lang='lat' dir='ltr'><strong>quidem,</strong></span> <span class='ocrx_word' id='word_1_514' title='bbox 1037 4351 1077 4403; x_wconf 92' lang='lat' dir='ltr'><strong>sic</strong></span> <span class='ocrx_word' id='word_1_515' title='bbox 1090 4350 1253 4416; x_wconf 80' lang='lat' dir='ltr'><strong>accipienda</strong></span> 
     </span>
     <span class='ocr_line' id='line_1_53' title="bbox 121 4415 1253 4487; baseline 0.006 -25"><span class='ocrx_word' id='word_1_516' title='bbox 121 4426 169 4476; x_wconf 84' lang='lat' dir='ltr'><strong>quo</strong></span> <span class='ocrx_word' id='word_1_517' title='bbox 186 4415 255 4468; x_wconf 88' lang='lat' dir='ltr'><strong>haec</strong></span> <span class='ocrx_word' id='word_1_518' title='bbox 280 4417 343 4482; x_wconf 88' lang='lat' dir='ltr'><strong>ipsa</strong></span> <span class='ocrx_word' id='word_1_519' title='bbox 365 4433 446 4471; x_wconf 83' lang='lat' dir='ltr'><strong>sacra</strong></span> <span class='ocrx_word' id='word_1_520' title='bbox 469 4420 659 4486; x_wconf 86' lang='lat' dir='ltr'><strong>Metapontum</strong></span> <span class='ocrx_word' id='word_1_521' title='bbox 709 4424 787 4470; x_wconf 85' lang='lat' dir='ltr'><strong>sunt:</strong></span> <span class='ocrx_word' id='word_1_522' title='bbox 811 4419 1009 4487; x_wconf 84' lang='lat' dir='ltr'><strong>(Metapontini</strong></span> <span class='ocrx_word' id='word_1_523' title='bbox 1028 4421 1166 4485; x_wconf 79' lang='lat' dir='ltr'><strong>ferebant,</strong></span> <span class='ocrx_word' id='word_1_524' title='bbox 1193 4420 1253 4470; x_wconf 89' lang='lat' dir='ltr'><strong>Ari·</strong></span> 
     </span>
     <span class='ocr_line' id='line_1_54' title="bbox 120 4479 1253 4558; baseline 0.009 -27"><span class='ocrx_word' id='word_1_525' title='bbox 120 4483 243 4537; x_wconf 85' lang='lat' dir='ltr'><strong>traducta</strong></span> <span class='ocrx_word' id='word_1_526' title='bbox 254 4486 366 4540; x_wconf 84' lang='lat' dir='ltr'><strong>suerint.</strong></span> <span class='ocrx_word' id='word_1_527' title='bbox 377 4516 412 4525; x_wconf 92' lang='lat'><em>-</em></span> <span class='ocrx_word' id='word_1_528' title='bbox 425 4489 542 4542; x_wconf 87' lang='lat' dir='ltr'><strong>Locutio</strong></span> <span class='ocrx_word' id='word_1_529' title='bbox 555 4480 593 4548; x_wconf 79' lang='grc' dir='ltr'><strong>ὡς</strong></span> <span class='ocrx_word' id='word_1_530' title='bbox 607 4479 660 4554; x_wconf 70' lang='grc' dir='ltr'><strong>ἐγὼ</strong></span> <span class='ocrx_word' id='word_1_531' title='bbox 707 4488 808 4557; x_wconf 87' lang='lat' dir='ltr'><strong>steam)</strong></span> <span class='ocrx_word' id='word_1_532' title='bbox 821 4490 1000 4543; x_wconf 83' lang='lat' dir='ltr'><strong>dixisse—se</strong></span> <span class='ocrx_word' id='word_1_533' title='bbox 1012 4490 1109 4558; x_wconf 87' lang='lat' dir='ltr'><strong>ipsum,</strong></span> <span class='ocrx_word' id='word_1_534' title='bbox 1122 4490 1253 4557; x_wconf 84' lang='lat' dir='ltr'><strong>quincue</strong></span> 
     </span>
    </p>
   </div>
   <div class='ocr_carea' id='block_1_4' title="bbox 0 0 1526 5125">
    <p class='ocr_par' dir='ltr' id='par_1_5' title="bbox 0 0 1526 5125">
     <span class='ocr_line' id='line_1_55' title="bbox 0 0 1526 5125; baseline 0 2"><span class='ocrx_word' id='word_1_535' title='bbox 0 0 1526 5125; x_wconf 95' lang='lat' dir='ltr'><strong> </strong></span> 
     </span>
    </p>
   </div>
  </div>
 </body>
</html>
