3042 5125
475 410 805 472 MELPOMENE.
828 412 884 472 IV.
906 424 951 478 49.
1222 417 1282 479 401

131 602 240 686 μέσον
261 606 381 687 σχιζων
401 599 460 669 τὸν
481 598 610 689 Αἷμον,
634 605 766 671 ἐσδιδοῖ
787 605 820 683 ἐς
844 599 956 672 αὐτόν.
997 607 1030 686 ἐξ
1054 600 1224 695 Ἰλλυριῶν
1246 608 1284 677 dl

133 704 226 788 ῥέων
240 702 323 791 πρὸς
337 707 461 792 βορέην
473 702 599 793 ἄνεμον
610 703 751 793 ’Ἇγγρος
772 702 918 794 ποταμὸς
936 705 1089 794 ἐσβάλλει
1112 713 1145 788 ἐς
1164 715 1283 779 πεδίον

131 803 171 873 τὸ
192 805 417 895 Τριβαλλικὸν
437 809 494 877 καὶ
513 811 545 888 ἐς
566 807 716 896 ποταμὸν
729 808 899 898 Βρόγγον,
923 805 997 879 ddi
1010 811 1159 900 Βρόγγος
1175 817 1209 892 ἐς
1223 811 1283 883 τὸν

122 906 270 996 Ἴστρον.
306 908 394 979 οὕτω
414 907 623 1001 ἀμφοτέρους
644 910 759 993 ἐόντας
778 911 943 1001 μεγάλους
964 907 1127 1004 ὁἼστρος
1142 918 1281 987 δέκεται.

132 1016 172 1082 ἐκ
190 1013 227 1082 dt
242 1017 298 1101 τῆς
312 1012 503 1102 κατύπερθε
517 1014 627 1106 χώρης
644 1010 832 1105 Ὀμβρίκων
846 1015 979 1105 Κάρπις
992 1015 1138 1107 ποταμὸς
1152 1021 1208 1088 καὶ
1221 1018 1279 1088 ἄλ-

121 1203 258 1277 Ἐσκιος,
285 1213 359 1279 qnod
381 1215 470 1281 ipsum
491 1215 519 1265 in
537 1215 684 1267 recentiori
734 1215 799 1266 olim
817 1217 930 1267 Peuceri
949 1217 1035 1268 suinae
1057 1223 1241 1286 sententiam,
1266 1239 1280 1274 e

132 1282 256 1333 fluminis
274 1283 458 1349 appellatione
472 1285 563 1346 lecha,
581 1285 682 1344 leodac,
733 1284 864 1337 Larcheri
874 1291 941 1337 nota
952 1287 1085 1354 intelligo.

131 1351 213 1404 Irker
226 1359 392 1419 compareat.
408 1354 684 1419 Adatipulaturldan-
769 1346 798 1413 ἐς
820 1353 921 1405 πεδίον
944 1350 974 1406 τὸ
996 1351 1194 1424 Τριβαλλικὸν]
1223 1362 1281 1410 Tri-

132 1429 206 1472 nert.
218 1422 281 1473 Vll.
292 1439 319 1489 p.
332 1422 365 1474 19
374 1424 435 1475 coll.
447 1424 591 1475 Reichard.
605 1441 632 1490 p.
640 1425 683 1489 43,
732 1426 795 1477 batti
809 1426 862 1491 ipai
877 1425 949 1491 apud
961 1427 1130 1479 Herodotum
1147 1444 1281 1495 nusquam

132 1491 257 1544 Kolater.
270 1491 288 1543 l.
303 1493 321 1543 l.
334 1509 398 1559 pag.
418 1493 683 1560 lu‚Forbiger.1.l.
733 1501 994 1554 commemorantur,
1015 1498 1062 1563 qui
1082 1498 1134 1548 hoo
1150 1513 1203 1549 uno
1218 1497 1279 1549 loco

132 1577 200 1626 pag.
223 1561 304 1624 1990,
324 1564 370 1628 qui
387 1579 481 1615 omnee
498 1565 582 1615 Sciron
597 1564 683 1613 Hero·
739 1565 904 1616 trebanorum
911 1569 1040 1630 planitiem
1050 1568 1182 1618 nominat.
1201 1567 1282 1633 Apud

132 1630 196 1681 doti
211 1646 273 1681 cum
286 1632 368 1684 fluvio
381 1633 458 1685 Iclter
469 1635 615 1684 convenire
628 1633 684 1684 exi·
734 1633 920 1698 Thucydidem
930 1635 1054 1701 aliosque
1064 1637 1191 1703 frequens
1199 1636 1281 1687 brine

133 1701 262 1752 stimant.
284 1728 316 1738 -
338 1702 403 1753 Mox
423 1698 508 1767 μέσον
524 1703 627 1755 retinui
648 1702 682 1753 ob
732 1704 823 1768 gentia
836 1705 954 1768 mentio,
973 1720 1043 1769 quae
1056 1705 1118 1756 olim
1131 1705 1219 1756 libera
1230 1721 1280 1756 nec

132 1770 181 1832 11,
204 1771 247 1822 17.
268 1770 302 1822 33
322 1771 384 1825 coll.
407 1773 459 1838 lv,
482 1774 525 1825 55.
542 1773 597 1822 Alii
620 1772 684 1822 libri
733 1772 852 1838 Odrysia
874 1772 998 1824 subiecta
1025 1775 1163 1826 Thraciae
1185 1790 1282 1826 accen·

132 1835 228 1918 μέρος.
733 1846 809 1893 cetur
833 1843 961 1907 gentibus
984 1847 1012 1893 et
1035 1860 1104 1909 qnae
1128 1849 1279 1909 temporum

169 1909 279 1974 Αγγρος
295 1902 431 1975 ποταμὸς]
448 1911 553 1977 Anpraa
566 1915 609 1961 eat
624 1910 684 1961 Mu·
733 1912 850 1962 decurau
863 1911 974 1962 aedibus
987 1916 1100 1964 mutatis
1119 1914 1280 1964 chontum

132 1980 322 2041 masmae,
335 1981 457 2047 Brongua
471 1987 563 2032 autem
572 1982 683 2032 Meroua
732 1981 869 2031 Euxinum
897 1982 1016 2045 latriqne
1040 1984 1195 2034 interiorem
1221 1997 1290 2034 cur:

133 2049 287 2115 Butgcrdae.
308 2049 370 2101 Vid.
388 2049 524 2102 Gatterer.
540 2051 559 2101 l.
578 2049 597 2101 l.
619 2064 682 2114 pag.
735 2066 795 2102 aum
808 2051 896 2115 magia
916 2052 1059 2116 magisque
1077 2053 1281 2118 proceeaiaevi-

132 2118 184 2182 33,
215 2134 296 2185 quem
321 2125 472 2185 sequuntur
498 2120 626 2171 Larcher.
654 2119 682 2168 in
734 2120 822 2171 detur.
853 2120 894 2169 Cf.
916 2120 1051 2172 Gatterer.
1077 2123 1095 2175 l.
1116 2122 1134 2175 l.
1159 2137 1223 2187 pag.
1246 2122 1279 2173 37

133 2188 205 2239 Tab.
223 2203 317 2253 geogr.
331 2204 359 2254 p.
375 2190 442 2254 597,
466 2190 603 2248 ldanuert.
619 2188 683 2238 VII.
734 2205 811 2255 aeqq.
834 2190 1001 2243 Triballorma
1014 2189 1146 2256 planities
1161 2192 1196 2242 ad
1207 2193 1280 2242 Moe-

132 2273 196 2322 pag.
215 2258 264 2320 11,
282 2258 393 2309 Kolater
411 2258 428 2307 l.
451 2259 469 2309 l.
486 2275 550 2325 pag.
571 2261 603 2310 18
620 2257 683 2308 coll.
734 2259 802 2311 aiam
825 2259 981 2311 inferiorem
1007 2262 1065 2312 aire
1086 2261 1123 2312 ad
1144 2260 1280 2323 serviam,

132 2327 238 2378 Zeuear
260 2329 313 2379 Die
324 2328 457 2379 Deutach.
474 2345 500 2379 u.
520 2331 578 2379 ihre
593 2327 684 2380 Nach-
733 2343 885 2395 quaenunc
906 2334 1036 2395 vocatur,
1057 2331 1217 2397 pertinebit:
1236 2332 1280 2382 die

133 2397 300 2448 berctiimme
312 2412 375 2463 pag.
388 2398 447 2462 173,
460 2398 606 2451 Reichard.
617 2412 683 2462 pag.
735 2399 945 2463 ltoramaebene,
962 2405 993 2450 ut
1003 2402 1044 2451 ait
1056 2403 1142 2452 Zenea
1154 2400 1172 2453 l.
1185 2400 1204 2452 l.
1216 2417 1279 2467 pag.

132 2465 184 2528 43,
204 2467 255 2532 qui
277 2483 454 2533 quaecunque
470 2484 532 2518 mox
552 2468 586 2519 de
604 2469 684 2532 Carpi
733 2469 795 2520 258.
807 2469 944 2519 Mannert.
958 2470 1022 2521 vll.
1036 2487 1065 2537 p.
1081 2472 1111 2522 ll
1127 2471 1160 2521 de
1173 2486 1206 2521 ea
1219 2471 1281 2522 Ser·

132 2543 220 2603 atque
234 2536 297 2601 Alpi
308 2539 408 2590 Noater
424 2538 536 2603 afferat,
552 2553 584 2589 ca
598 2536 683 2603 expli·
733 2539 797 2589 viae
808 2537 925 2604 planitie
934 2539 1054 2605 cogitet,
1065 2556 1136 2606 quae
1147 2555 1220 2592 nunc
1233 2556 1281 2591 no·

131 2609 194 2657 cari
206 2622 289 2672 poree
303 2613 401 2673 neget,
415 2615 446 2659 ut
456 2625 524 2660 eane
537 2607 609 2659 falna
623 2622 684 2658 eece
734 2609 864 2658 minatur:
884 2610 1034 2675 Amaelfeld,
1050 2626 1133 2676 prope
1144 2610 1280 2673 Koaaova,

130 2676 339 2743 perhibeantur.
361 2679 419 2729 Nec
427 2677 610 2745 magiafalace
624 2692 684 2728 ecee
734 2678 850 2742 ineignia
865 2676 913 2727 illa
930 2677 1039 2742 quidem
1054 2678 1160 2729 duabua
1182 2681 1280 2745 pugnis

132 2762 183 2797 eoa
207 2747 383 2811 crediderim,
407 2749 454 2813 qui
480 2750 554 2814 Alpis
574 2747 683 2797 nomine
734 2762 808 2797 anno
830 2746 897 2798 1389
918 2752 945 2797 et
965 2748 1033 2798 1448
1054 2748 1214 2800 commiaaia.
1245 2752 1282 2815 At

130 2817 376 2868 Rhenumindicari
388 2823 493 2882 putent.
524 2817 602 2879 Quod
611 2817 682 2867 idam
733 2815 883 2868 Niebuhrio
902 2816 953 2868 1.1.
970 2815 1281 2882 latiuapatuiaeevide·

132 2886 243 2936 iudicat
261 2888 294 2936 F.
315 2887 349 2936 H.
373 2887 476 2953 Kiimps
499 2887 528 2937 in
545 2887 683 2938 Umbricc.
734 2891 778 2936 tur
795 2884 864 2936 haec
880 2885 1010 2951 planitien
1028 2902 1187 2952 omnemque
1204 2887 1281 2937 Hun-

133 2956 257 3021 Specim.
278 2955 292 3004 1
309 2955 440 3019 (Berolin.
463 2957 540 3021 1834)
558 2972 624 3022 pag.
641 2956 684 3017 ll,
734 2955 840 3021 gatiam
855 2956 1010 3007 inferiorem
1028 2956 1280 3021 comprehendime3

134 3026 185 3091 qui
202 3027 230 3073 in
250 3040 279 3076 re
298 3025 443 3077 admodum
464 3027 561 3089 dubia,
580 3025 684 3091 siquid
734 3026 776 3074 ita
793 3030 824 3075 ut
842 3024 1025 3076 Triballorum
1043 3025 1173 3091 planitiae
1185 3025 1282 3078 slavo-

133 3095 276 3160 euepicari
295 3094 394 3157 liceat,
419 3097 515 3147 Aenum
539 3096 614 3161 (Iun)
635 3111 685 3161 po·
734 3095 797 3145 niae
829 3099 912 3159 atque
946 3096 1110 3162 Hungariae
1141 3097 1280 3148 interioria

133 3166 233 3216 tineret
249 3167 361 3216 Dromon
373 3166 473 3232 (Dran)
491 3165 683 3231 intelligendos
735 3180 847 3229 campos
865 3164 974 3229 planos,
995 3181 1061 3231 quoa
1078 3167 1214 3217 Herodoti
1234 3183 1280 3217 ae·

133 3235 223 3286 videri
238 3239 342 3285 censet.
365 3236 449 3287 Zeuea
462 3236 480 3287 l.
489 3235 507 3286 l.
517 3251 579 3300 pag.
592 3236 622 3285 12
633 3234 684 3285 hoc
734 3238 795 3284 tate
813 3233 930 3284 Triballi
950 3239 1109 3298 tenuerunt,
1129 3241 1192 3300 poet
1210 3234 1280 3286 aliae

133 3310 254 3370 utroque
263 3305 340 3357 fluvii
351 3306 460 3356 nomine
473 3305 592 3355 indicari
603 3308 685 3369 putat
735 3304 863 3354 interrae
878 3303 974 3356 cedere
990 3306 1095 3366 coacti,
1106 3306 1282 3371 comprehen-

135 3374 683 3440 montea‚equibuefluriiinlatrumin-
734 3373 814 3423 derit.
834 3373 895 3426 Vid.
914 3374 989 3425 Hiet.
1012 3376 1090 3425 Rom.
1116 3377 1154 3427 11.
1177 3392 1203 3440 p.
1230 3376 1281 3427 578

135 3444 254 3495 fluentes
280 3444 440 3506 decurrant3
467 3445 548 3509 Alpes
571 3443 631 3495 acil.
656 3447 683 3493 et
734 3458 763 3493 ee
785 3441 851 3494 ‚cd
865 3458 919 3494 sec.

137 3514 272 3579 Garpotea
290 3512 402 3564 Kolater
414 3514 432 3564 l.
448 3514 465 3565 Ι.
482 3513 564 3579 Alpin
585 3513 620 3564 ad
633 3513 684 3564 Ae·
765 3458 799 3561 ln
817 3505 846 3559 dt
864 3510 914 3578 τῆς
930 3501 1094 3576 κατύπερθε
1112 3504 1203 3577 χώρης
1218 3501 1279 3576 Ὀμ-

135 3600 210 3645 νιννι,
233 3583 337 3648 Carpin
356 3583 390 3634 ad
405 3584 566 3636 Are-atonem
580 3581 682 3647 (Raab)
735 3578 852 3647 βρίκων]
866 3582 1040 3647 Superiorem
1052 3581 1216 3632 Umbrorum
1227 3586 1282 3631 ter·

134 3654 231 3705 refert.
262 3653 303 3703 Ac
321 3653 432 3704 flurium
442 3653 523 3717 Alpin
536 3669 589 3702 non
602 3652 683 3717 longe
734 3668 791 3701 ram
804 3649 856 3701 boc
869 3651 930 3702 loco
944 3649 1099 3713 dimicem,
1116 3665 1283 3716 quaeaupra

137 3739 154 3774 a
171 3723 296 3787 margine
319 3724 434 3775 occidua
453 3728 542 3774 terrae
559 3723 682 3773 Herodo-
734 3721 839 3772 Padum
851 3723 1065 3786 septentrionem
1078 3736 1173 3771 ceraue
1188 3720 1224 3769 ed
1234 3718 1280 3768 Al-

137 3798 195 3843 tum
217 3792 273 3844 eibi
289 3792 400 3845 finxiece
416 3809 431 3844 e
448 3793 539 3845 verbis
556 3808 631 3857 eeqq.
649 3792 682 3841 dc
733 3807 781 3857 pea
791 3804 878 3855 neque
889 3789 1045 3840 extenditur
1054 3794 1137 3854 atque
1151 3789 1185 3839 ab
1196 3789 1281 3839 Hero·

137 3863 204 3913 Ietri
226 3877 308 3913 curau
338 3862 443 3928 colligit
461 3862 578 3913 Bredov.
602 3863 682 3926 Spec.
734 3861 799 3911 doto
808 3862 837 3910 in
848 3859 930 3909 ltalia
939 3857 1063 3909 inferiori
1073 3858 1201 3909 scribenti
1213 3873 1281 3908 aene

138 3932 238 3998 Geogr.
252 3938 280 3983 et
286 3931 436 3998 Uranolog·
444 3932 545 3983 Herod.
557 3948 583 3996 p.
593 3932 683 3982 XXIV
734 3920 752 3995 ἡ
771 3920 934 3992 κατύπερθε
948 3918 1024 3991 χώρα
1040 3926 1125 3991 (conl.
1139 3926 1183 3990 ΙΙ,
1197 3928 1222 3979 5.
1235 3924 1281 3989 32)

137 4010 194 4055 not.
212 4002 336 4053 Niebuhr
352 4002 436 4068 (Hiat.
448 4003 524 4053 Rom.
545 4002 568 4052 Ι.
584 4016 609 4065 p.
633 4001 684 4052 149
735 3999 790 4050 dici
801 4002 920 4063 poterat.
950 3996 1033 4047 Haud
1048 3996 1119 4048 alico
1138 3995 1184 4047 bic
1201 3996 1282 4047 intel-

139 4072 181 4123 ed.
193 4071 262 4135 aec.)
285 4073 346 4123 aive
360 4073 456 4137 Cmpin
473 4073 532 4122 aire
545 4071 622 4136 Alpin
634 4086 683 4136 pro
735 4069 786 4134 ligi
800 4070 906 4121 Umbros
920 4072 1002 4133 atque
1018 4081 1101 4132 supra
1114 4066 1138 4129 1,
1151 4066 1194 4127 94,
1207 4083 1281 4117 com-

138 4148 233 4193 noatro
252 4141 335 4192 fluvio
357 4142 407 4192 Iun
423 4140 517 4191 haberi
536 4141 603 4193 vult.
631 4141 685 4201 Qui
736 4143 843 4204 parturn
854 4138 957 4197 habeo,
973 4142 1082 4203 gentem
1094 4136 1152 4186 ecil.
1166 4137 1282 4188 maxime

139 4211 209 4262 idern
224 4210 387 4262 Vermiaoht.
407 4209 519 4263 schrift.
541 4210 565 4259 l.
590 4226 617 4274 p.
634 4208 685 4260 371
738 4209 878 4260 florentem
896 4212 924 4258 et
935 4212 1000 4257 ante
1011 4209 1188 4258 Etruscorum
1200 4208 1283 4273 impe-

140 4287 167 4331 et
179 4282 254 4332 Hiat.
270 4280 348 4331 Rom.
361 4280 399 4331 11.
414 4296 441 4344 p.
454 4280 505 4330 578
518 4279 558 4329 ed.
571 4294 625 4330 aec.
640 4279 688 4328 vir
738 4279 808 4329 rium
820 4277 901 4328 valde
919 4282 1068 4328 extensam.
1090 4278 1185 4342 Neque
1199 4276 1282 4327 aliam

140 4350 308 4412 audiendus,
327 4350 398 4415 qnod
418 4350 531 4415 Ariorum
548 4365 608 4400 eeee
624 4365 687 4400 con·
738 4347 811 4398 ultra
823 4347 939 4398 Umbros
950 4347 1053 4398 ltaliae
1063 4351 1171 4412 gentem
1183 4348 1283 4397 Noster

48 4445 49 4472 ι
139 4421 228 4471 tendit
241 4420 355 4470 fluvium
361 4421 429 4470 lirin
440 4419 604 4484 etBrongum
615 4434 687 4470 nunc
738 4420 849 4469 novicae
862 4417 981 4480 ridetur,
994 4433 1062 4482 quoa
1077 4418 1151 4482 ipaoa
1164 4415 1283 4466 forsitan

140 4491 236 4542 vocari
251 4490 343 4540 Savum
362 4487 456 4554 (Sau);
472 4504 554 4556 quam
573 4490 687 4539 eandem
738 4490 825 4552 magia
853 4487 1066 4551 septentrionem
1089 4500 1185 4537 verena
1209 4483 1284 4534 habi·

170 4594 341 4637 unaonor.
364 4593 398 4634 11.
1028 4570 1068 4631 26
