3042 5125
266 403 328 470 288
446 445 450 454 ·
495 445 499 454 ·
698 403 967 468 ΗΕΒΟΒΟΤΙ

267 604 328 669 τοῦ
346 605 500 687 πίνουσι,
523 604 696 679 ποιεῦντες
709 586 792 665 οἶδε·
821 592 924 665 ἐπεὰν
938 598 1132 685 φυσητῆρας
1149 593 1273 683 λάβωσι
1291 590 1383 665 ὀστεΐ-

267 730 348 784 νους
359 699 491 773 αὐλοῖσι
507 698 875 794 προσεμφερεστάτους,
889 697 1028 779 τούτους
1042 701 1198 778 ἐσθέντες
1211 701 1244 778 ἐς
1256 703 1319 767 τῶν
1330 709 1384 787 θα

268 810 355 878 λε’ωυ
368 809 483 877 ἵππων
497 805 537 876 τὰ
550 804 682 896 ἄρθρα,
706 807 840 893 φυσῶσι
854 820 940 873 τοῖσι
955 801 1113 891 στόμασι,
1132 799 1227 871 ἄλλοι
1242 802 1276 871 di
1288 799 1386 870 ἄλλον

269 909 467 999 φυσεόντων
493 906 683 1000 ἀμέλγουσι
717 908 800 997 φασὶ
826 907 983 977 01τοῦοε
1010 911 1124 976 εἵνεκα
1144 910 1242 974 τοῦτο
1252 908 1385 975 ποιέειν·

269 1012 327 1096 τὰς
340 1016 467 1103 φλέβας
480 1041 516 1083 τε
527 1021 740 1103 πίμπλασθαι
753 1014 973 1100 φυσεωμένας
978 1013 1044 1099 ,τῆς
1054 1015 1161 1080 ἵππου
1174 1011 1231 1078 καὶ
1243 1005 1279 1077 τὸ
1291 999 1387 1096 οὖθαρ

270 1126 456 1188 κατίεσθαι.
493 1115 595 1187 ἐπεὰν
616 1117 654 1187 δέ
674 1113 837 1206 ἀμέλξωσι
859 1112 895 1183 τὸ
917 1113 1020 1202 γάλα,
1045 1116 1217 1202 ἐσχέαντες
1234 1116 1267 1192 ἐς
1285 1111 1387 1195 ξύλινα

269 1218 392 1311 ἆγγήεα
404 1229 500 1291 κοῖλα
519 1223 576 1291 καὶ
589 1222 836 1311 περιστίξαντες
849 1215 933 1287 κατὰ
952 1215 992 1287 τὰ
1011 1211 1133 1305 ἀγγήια
1148 1215 1226 1296 τοὺς
1246 1213 1386 1304 τυφλοὺς,

271 1437 341 1488 quae
351 1438 415 1473 num
428 1420 569 1472 suilieimt
580 1422 616 1473 ed
632 1422 706 1474 bunc
724 1424 813 1476 locum
864 1422 934 1476 bubr
947 1421 1097 1488 (Descript.
1115 1419 1148 1469 de
1157 1416 1259 1469 l'Arab.
1270 1431 1328 1483 paq.
1339 1413 1387 1477 110,

270 1491 468 1558 explicandum,
484 1490 547 1542 aliis
558 1491 761 1546 diiudicandum
772 1510 813 1546 re·
865 1489 1107 1554 testeLarchero),
1117 1489 1166 1539 nbi
1175 1487 1307 1553 mulgente
1315 1486 1386 1536 ὠίετο

268 1562 391 1629 linquere
407 1565 541 1628 praestat.
575 1562 725 1629 Equidem,
742 1580 812 1631 quae
865 1563 934 1614 alter
952 1576 1060 1613 manum
1082 1558 1275 1623 brachiumque
1294 1557 1320 1607 iu
1335 1570 1387 1604 rac·

270 1637 330 1683 toto
346 1631 398 1682 boc
411 1631 502 1696 capite
518 1630 678 1696 traduntur,
692 1634 814 1702 reliquae
864 1649 914 1685 cae
930 1630 1041 1683 vulvam
1053 1631 1164 1692 inserit,
1185 1629 1257 1694 quod
1270 1624 1387 1677 illamhao

271 1702 304 1753 de
315 1701 424 1768 Scythis
435 1708 463 1752 et
473 1701 555 1751 Darii
566 1703 739 1767 expeditione
751 1720 815 1755 nar·
864 1703 1024 1754 titillatione
1052 1700 1203 1751 excitatam
1234 1696 1293 1762 plns
1319 1695 1388 1745 lactis

270 1772 372 1823 rationi
385 1770 530 1822 interiecta
544 1786 604 1823 esse
618 1773 781 1825 crediderim
795 1790 813 1825 a
864 1773 1000 1825 edituram
1021 1774 1130 1836 putant.
1168 1767 1274 1831 Quibus
1294 1764 1387 1816 subiicit

270 1844 388 1905 Nostro,
411 1842 459 1908 qui
477 1840 530 1891 hae
548 1840 643 1893 oblata
668 1845 814 1896 occasione
864 1839 1152 1906 Schweighaeuserus,
1171 1853 1243 1903 qnae
1261 1833 1388 1886 similini·

270 1926 364 1963 servos
386 1927 403 1962 a
423 1907 534 1977 Scythis
552 1912 656 1977 privari
674 1914 814 1966 oculorum
865 1909 982 1964 amtrali
993 1909 1105 1961 Africae
1119 1907 1302 1974 promontorio
1311 1903 1388 1956 vacus
1475 1915 1476 1938 i

270 1995 353 2032 sensu
381 1985 411 2031 et
440 1980 477 2031 ad
505 1980 634 2046 butyrum
661 1983 813 2048 parandum
865 1981 942 2046 flant,
956 1995 1036 2047 qnae,
1056 1983 1203 2046 postquam
1217 1977 1349 2040 ademptus
1359 1972 1388 2022 sii

270 2050 305 2117 (s.
323 2051 433 2102 omuino
455 2050 491 2101 ad
516 2050 667 2102 domestica
690 2053 814 2120 negotia)
864 2051 983 2113 vitulus,
999 2049 1044 2101 lac
1057 2051 1123 2100 dare
1134 2052 1276 2108 recusent,
1292 2049 1388 2095 σιτίοις

270 2120 395 2171 adhiberi
427 2120 563 2172 relaturus
589 2127 735 2188 utrumque
762 2124 815 2174 boc
865 2120 963 2172 Kolbio
990 2120 1020 2171 in
1036 2119 1136 2184 Capite
1156 2120 1252 2170 Bonae
1273 2115 1332 2180 Spei
1351 2111 1388 2160 bo·

271 2191 327 2240 iam
345 2193 386 2240 ita
410 2190 553 2240 contusum
571 2191 699 2256 exhibet,
723 2197 754 2244 ut
773 2193 814 2244 ia
865 2191 959 2242 dieruo
976 2188 1160 2254 (Norimberg.
1180 2186 1258 2251 1710)
1271 2200 1329 2252 pag·
1340 2181 1388 2232 11111-

270 2258 323 2310 oile
340 2260 476 2324 suspicari
490 2259 590 2324 liceat,
607 2262 741 2313 Herodoti
753 2278 815 2314 rer·
865 2262 908 2312 Tu
920 2260 983 2311 vide
995 2259 1104 2320 librum,
1112 2259 1158 2324 qui
1169 2257 1332 2308 inscribitur:
1343 2253 1389 2301 Der

271 2329 307 2379 ba
334 2329 444 2380 minime
468 2328 584 2394 proferri
612 2330 735 2397 integra,
766 2332 814 2385 sed
866 2328 1157 2382 orientaliscb-indian.
1170 2329 1271 2378 Knnst
1284 2323 1388 2376 ubist

271 2400 373 2450 omissa
398 2412 459 2449 esse
504 2397 635 2463 uaedam,
664 2401 700 2452 ad
720 2417 813 2455 servo-
863 2399 1097 2467 gilrtnerfflresd.
1112 2397 1192 2462 1002)
1206 2412 1269 2462 pag.
1282 2389 1389 2455 mebi

270 2482 330 2518 rum
353 2413 584 2518 excaecandorum
605 2484 706 2520 morem
730 2471 814 2537 perti·
865 2473 894 2521 in
920 2467 1016 2520 tabula
1041 2468 1151 2519 adiecta
1177 2468 1268 2532 imago
1288 2462 1389 2515 cernitur

270 2537 365 2590 nentia
394 2551 561 2604 causamque
590 2539 703 2591 nefandi
732 2540 814 2594 istius
864 2555 983 2604 vaccae,
1009 2553 1078 2605 quae
1101 2536 1253 2604 mulgetur,
1276 2532 1390 2597 oninique

158 2652 163 2661 .
270 2610 353 2660 moris
364 2606 549 2660 declarantia:
567 2625 638 2675 quae
649 2611 674 2661 si
685 2610 814 2663 adessent
865 2611 975 2663 vulvam
993 2625 1088 2661 servus
1109 2609 1198 2661 inflat.
1232 2608 1272 2658 Ac
1290 2601 1389 2655 similem

270 2680 363 2744 verba,
373 2682 472 2744 sponte
484 2678 581 2745 opinor
589 2679 814 2747 intelligeremus,
865 2680 999 2746 quendam
1012 2694 1113 2730 morem
1132 2694 1149 2729 a
1162 2676 1313 2728 Calmuccis
1325 2670 1389 2724 adii·

271 2750 318 2815 qui
331 2750 435 2800 iactum
452 2747 504 2813 sit,
522 2753 552 2799 ut
566 2748 621 2802 lul.
635 2752 707 2803 servi
718 2766 815 2803 excae·
864 2750 951 2801 bitum
969 2751 996 2799 in
1016 2750 1125 2812 vaccis,
1146 2748 1195 2815 qui
1211 2748 1255 2798 lac
1268 2744 1388 2799 recusant,

270 2821 327 2870 cati
346 2834 407 2870 cum
426 2818 526 2886 butyro
546 2822 668 2873 acervis
689 2822 814 2887 parando
864 2820 944 2871 affert
957 2818 1154 2881 Pallasllleise
1168 2818 1255 2868 indie
1267 2812 1388 2867 siidlicbeu

269 2890 400 2959 conlui
416 2888 563 2954 potuerint.
584 2891 627 2942 De
642 2890 748 2944 lacunis
757 2892 813 2942 He
863 2889 1018 2941 Provinzeu
1035 2905 1063 2940 v.
1081 2888 1221 2940 Russland
1240 2887 1276 2938 ll.
1293 2901 1318 2950 p-
1330 2878 1390 2941 1191,

270 2958 391 3037 rodoteis
404 2958 476 3009 coni.
489 2958 605 3010 Bredor.
619 2976 646 3026 p.
662 2960 694 3013 13
709 2977 788 3027 seqq.
864 2975 917 3025 quo
939 2958 976 3010 ad
990 2959 1124 3010 Herodoti
1142 2959 1229 3010 verba
1246 2954 1360 3020 erplicau

305 3019 392 3077 ἐπεαν
413 3025 580 3094 φυσητῆρας
604 3021 719 3097 λάβωσι]
745 3032 814 3081 cum
864 3032 977 3079 utuntur
986 3028 1127 3082 Heusenl.
1139 3023 1390 3093 lpagooetxrme

269 3101 386 3148 recenti.
407 3098 485 3151 editt.
502 3098 610 3172 'scripsi
636 3098 812 3166 φυσητῆρας,
864 3097 913 3151 1.1.
931 3115 949 3165 p
970 3098 1031 3150 201.
1066 3099 1105 3149 Ac
1120 3099 1258 3164 pertinent
1272 3096 1322 3145 buc
1336 3090 1389 3153 Scy·

269 3163 397 3231 φυσῶσι,
419 3180 595 3232 φυσεοντων,
623 3166 813 3236 φοτεωμὲνας,
865 3168 999 3233 thae‚qui
1012 3167 1138 3219 dicuntur
1146 3158 1334 3233 ’ίππημολγοζ
1343 3158 1365 3208 Γ
1363 3173 1388 3206 ⁰·

270 3251 340 3302 quae
354 3251 436 3287 voces
454 3236 595 3302 duplicata
608 3236 689 3289 litera
701 3242 721 3297 J
731 3240 814 3306 vulgo
865 3231 1053 3303 λακτοφοὶγοι,
1066 3238 1212 3304 dequibus
1224 3235 1294 3287 coni.
1306 3229 1389 3283 Strabo

269 3305 476 3385 exhibebantur.
491 3307 554 3356 Mox
564 3296 706 3367 ὀστεΐνους
714 3310 815 3361 Noster
864 3308 928 3358 Vll.
938 3323 965 3373 p.
974 3306 1027 3359 300
1038 3322 1061 3359 s.
1074 3324 1102 3373 p.
1116 3307 1168 3359 460
1178 3309 1210 3358 Β.
1226 3302 1331 3372 Scymni
1339 3296 1390 3349 Chii

269 3375 338 3455 dixit
352 3375 441 3425 torma
454 3369 580 3435 οστέϊτος
593 3391 673 3442 usus,
692 3394 753 3430 cnm
765 3378 814 3431 alii
864 3378 991 3443 iragmm.
1013 3394 1055 3429 vs.
1081 3378 1140 3431 110.
1165 3375 1253 3428 Nicol.
1277 3376 1389 3425 Damaso

269 3458 381 3502 οστινος
395 3446 573 3511 praeferrent.
602 3446 813 3500 Conf.Lobeck.
864 3448 1028 3513 fragmm.p.
1041 3445 1197 3511 14001211„
1210 3462 1243 3498 ue
1254 3446 1336 3511 plura.
1353 3435 1388 3487 Cf·

270 3514 502 3581 adPhrynicb.p
540 3515 621 3568 ,202
657 3518 699 3569 Ad
716 3534 812 3570 rocem
863 3518 913 3581 IV,
926 3518 968 3568 40.
993 3518 1066 3580 Quin
1076 3516 1214 3583 hodieque
1225 3515 1295 3582 apud
1306 3512 1390 3563 Tarte·

269 3571 368 3649 ἄρθρα
385 3531 539 3652 (gscrrs‘tolisi)g
552 3585 590 3637 cf.
610 3592 681 3642 nott.
706 3588 741 3639 ad
759 3584 813 3653 ΙΙΙ,
864 3602 908 3638 ros
920 3602 1049 3654 equarum
1062 3585 1107 3638 lac
1120 3586 1252 3653 praeferri
1262 3591 1389 3637 vaccarum

270 3652 329 3705 103·
863 3657 932 3708 lacti
951 3660 1098 3709 testantur.
1128 3656 1207 3708 conf.
1228 3655 1326 3706 corais
1339 3650 1389 3699 loco

303 3717 354 3781 τὰς
377 3718 482 3789 φλέβας
501 3737 531 3773 τε
554 3722 748 3803 πίμπλασθαιἵ
757 3740 811 3789 φυ-
864 3743 926 3779 mox
936 3726 1075 3778 laudando
1087 3742 1151 3793 pag.
1163 3725 1225 3778 200.
1238 3725 1285 3777 281
1298 3738 1350 3787 seq.

269 3788 409 3859 σεωμένας
425 3790 475 3859 τῆς
490 3790 581 3844 innoc
602 3789 650 3844 καί
669 3786 700 3844 τὸ
715 3792 811 3859 οοθαρ
899 3791 947 3846 καί
963 3793 1186 3862 περιστίξαντες]
1204 3796 1250 3846 Ita
1266 3793 1388 3844 Mediceis

268 3861 430 3930 κατίεσθαι]
441 3863 604 3917 Valckenar.
613 3865 698 3916 scribi
707 3864 813 3916 mauult
863 3865 990 3933 aliusque
1003 3866 1097 3917 codex.
1123 3868 1156 3917 Iu
1168 3864 1281 3928 Aldina,
1292 3862 1388 3912 Floren-

268 3926 451 3999 φνσεωμίτης
459 3931 611 4013 τῆςςίπποο
621 3950 653 3986 ex
660 3935 812 3999 Athenaeo,
862 3938 937 4000 tino,
953 3937 1030 3987 aliis:
1048 3927 1278 4002 crotoniensium,
1294 3934 1321 3981 in
1334 3925 1388 3979 alii!

267 4003 313 4066 qui
327 4003 362 4053 ob
374 4019 469 4054 vocem
486 4004 582 4069 ονθαρ
594 4003 663 4055 baec
679 4004 749 4056 citat
762 4006 811 4068 IX,
862 3998 1093 4072 περιστήσαντες,
1111 4005 1184 4073 quod
1198 4006 1232 4056 ab
1247 4004 1326 4053 Henr.
1338 3998 1387 4047 Sit*

267 4070 310 4126 00.
322 4087 386 4137 pag.
397 4071 449 4125 300
455 4073 486 4126 C.
505 4074 582 4124 Libri
592 4074 743 4153 lierodotei
756 4090 811 4124 non
862 4075 954 4141 pbano
967 4078 1103 4127 invectum
1122 4077 1163 4126 sic
1181 4074 1387 4139 interpretantur=

267 4140 408 4194 addicunt.
433 4142 484 4195 Est
495 4158 560 4194 vero
572 4142 677 4209 ουθαρ,
691 4144 765 4209 quod
777 4144 811 4195 de
860 4147 897 4196 od
914 4149 1055 4198 mulctralia
1073 4162 1164 4197 caecos
1181 4149 1333 4197 αοίίοτααίιι.
1356 4135 1385 4185 Al

267 4209 355 4262 bubus
365 4209 481 4276 aliisque
489 4211 654 4265 animalibus
663 4216 753 4264 rarius
763 4214 812 4265 ad·
861 4215 942 4266 uobis
960 4216 1012 4267 boc
1032 4214 1194 4266 vocabulum
1210 4214 1246 4264 ab
1265 4227 1296 4263 eo
1314 4209 1386 4257 intru-

247 4278 389 4342 qhibetun
407 4280 484 4342 uber,
495 4298 612 4342 marmio,
625 4299 723 4343 summ,
737 4284 809 4349 quod
861 4299 921 4336 sum
930 4286 1049 4349 videtur,
1063 4286 1112 4351 qui
1123 4300 1218 4335 rocem
1228 4272 1385 4348 nastulis*

259 4346 292 4405 bi
303 4349 464 4400 demittatur
475 4348 667 4416 (κατίεσθαι),
683 4352 727 4402 lac
742 4352 810 4403 iaci-
861 4369 905 4413 τες
923 4354 1061 4421 explicare
1083 4360 1130 4406 aut
1145 4353 1224 4409 buius
1238 4351 1318 4418 ipsius
1334 4345 1384 4395 100⁰

264 4417 321 4469 lius
334 4418 462 4483 emulgeri
474 4436 555 4485 posse
568 4426 692 4486 apparet.
717 4421 810 4474 Simile
860 4424 937 4475 alind
957 4426 1039 4491 idque
1056 4425 1110 4475 sibi
1128 4425 1219 4475 notius
1237 4415 1382 4472 vocabulum

266 4487 479 4553 quidiuArebia
489 4490 631 4542 sevidisse
641 4497 736 4543 narrat
746 4493 810 4543 Nie-
860 4495 1029 4546 substituere
1041 4494 1176 4559 voluerit,
1190 4495 1312 4559 ignorans
1323 4480 1384 4537 ,cili
