3042 5125
241 353 280 416 10
666 351 938 414 HERODOTI

240 546 427 635 λεομίναν·
449 541 515 615 άπὸ
531 544 568 614 δὲ
586 543 770 629 Καδύτιος,
792 543 912 632 ἐούσης
930 542 1060 630 πόλιος,
1084 538 1129 623 ὥς
1152 544 1360 631 discidentes,
1379 555 1429 607 luo

239 654 401 736 Σαρδίων
421 645 462 718 οὗ
475 653 588 742 πολλῷ
602 647 796 731 ἐλάσσονος,
823 644 889 717 άπὸ
904 646 1025 735 ταύτης
1039 645 1079 715 τά
1099 645 1242 735 ἐμπόρια
1261 645 1301 715 τὰ
1321 649 1375 716 ἐντὶ

205 814 209 821 .
238 753 410 839 θαλάσσης
424 755 519 841 μέχρι
537 749 689 841 Ἰηνύσου
703 749 818 833 πόλιός
831 755 900 821 ἐστι
913 755 974 820 τοῦ
984 746 1158 838 Ἀραβίου·
1186 748 1252 820 άπὸ
1266 751 1302 820 δὲ
1312 748 1374 839 Ἰη-

239 912 324 979 λιος
310 937 328 985 η
341 911 434 985 χώρη
447 910 503 968 iuri
517 910 626 984 Σύρων,
640 921 783 971 institutae

239 991 374 1041 orationis
387 988 488 1040 oblitus
501 989 596 1039 ultima
615 991 649 1040 ad
663 990 782 1056 Cadytin

238 1062 332 1111 urbem
342 1058 507 1124 retulisse
495 1047 576 1108 “tart
590 1051 699 1124 Σύρων.
719 1060 782 1110 Alia

238 1146 348 1196 prorsus
358 1130 782 1194 tentasitliitzigfflrgmcffichte

238 1217 265 1251 u.
277 1199 446 1262 Mythologie
458 1200 506 1250 der
515 1199 660 1249 Philistiter
669 1217 695 1264 p.
708 1201 780 1259 lost,

240 1272 286 1334 qui
304 1270 375 1320 hunc
392 1268 483 1319 locum
501 1285 568 1320 suae
580 1271 734 1320 sententiae
748 1269 782 1319 de

238 1340 348 1405 Cadyti,
357 1355 436 1405 quam
448 1341 482 1390 ad
493 1340 598 1390 Gazam
607 1340 702 1389 referri
712 1339 781 1400 vult,

238 1415 268 1459 ut
280 1409 506 1489 accommodaret,
518 1410 558 1458 ita
570 1409 709 1489 legendum
713 1425 783 1486 pro-

237 1481 328 1558 ponit:
350 1473 430 1558 μέχρι
451 1467 544 1558 σύρων
563 1477 619 1527 τῶν
639 1470 782 1536 Καδύτιος

239 1540 337 1606 πόλιος
351 1564 369 1612 η
363 1540 437 1598 ἐστὶ
449 1541 552 1614 Σύρων
564 1547 619 1597 τῶν
631 1547 782 1597 Παλαιστι-

238 1617 296 1667 νών
322 1616 497 1682 καλεομένων
526 1609 695 1683 ipudore:
725 1627 781 1668 οοιο

238 1690 310 1740 euim
324 1705 384 1740 esse
402 1688 481 1738 addit
500 1690 622 1753 emporia
636 1688 782 1737 Philistue·

239 1775 314 1809 orum
326 1758 362 1807 ab
375 1758 441 1809 urbe
454 1759 577 1823 Ecdippa
589 1772 675 1822 usque
685 1758 720 1807 ad
730 1758 782 1808 Ga·

239 1844 308 1879 sam.
321 1827 354 1878 Id
364 1843 429 1879 vero
443 1827 485 1878 vel
496 1831 583 1892 magis
594 1844 610 1877 a
624 1828 708 1877 totius
727 1827 781 1876 loci

237 1899 374 1949 sententia
392 1899 533 1958 abhorret,
550 1912 620 1963 quae
638 1896 713 1947 nulla
725 1898 781 1946 alia

238 1985 298 2019 esse
317 1972 423 2033 potest,
446 1983 524 2033 quam
547 1984 618 2031 quae
639 1967 739 2017 dudum
763 1982 780 2016 a

237 2036 779 2100 Wesseliugiohisverbisdaclarataest.

238 2125 273 2168 „a
286 2109 421 2159 Phoenice
431 2108 468 2158 ad
478 2107 545 2158 fines
562 2108 638 2157 urbis
656 2107 780 2171 Oadytis,

238 2178 457 2229 Palaestinorum
477 2176 628 2242 (Syrorum)
652 2177 781 2227 censeba-

238 2256 296 2297 tur:
309 2248 373 2296 hinc
385 2248 506 2311 emporia
518 2247 553 2296 ud
566 2262 639 2296 maro
653 2247 780 2311 Icnysum

237 2333 323 2381 usque
336 2318 408 2380 regis
420 2316 534 2377 Arabis,
555 2317 619 2366 inde
637 2332 702 2365 vero
721 2317 781 2365 Ser·

238 2387 364 2436 bouidem
375 2385 478 2446 lacum,
492 2385 582 2435 omnia
594 2387 691 2435 iterum
701 2386 783 2449 Syro-

238 2472 296 2506 rum
315 2455 560 2506 Palaestinorum.“
595 2457 629 2505 In
651 2470 705 2519 qua
722 2469 783 2504 sen

239 2526 326 2578 tentia
346 2524 465 2589 Cadytin
484 2526 577 2591 utique
593 2526 698 2589 cogites
716 2521 783 2575 licet

240 2597 274 2647 ad
290 2612 366 2646 mara
377 2597 476 2657 sitam,
493 2595 562 2646 adeo
579 2602 610 2645 ut
622 2612 671 2660 pro
685 2596 782 2645 Hiero-

239 2667 366 2732 solymis,
388 2680 459 2731 quae
473 2682 489 2715 a
502 2666 571 2715 mari
585 2667 714 2716 remotior
727 2682 781 2715 me-

238 2736 401 2786 diterraneis
420 2736 557 2787 montibus
578 2737 705 2800 imposita
728 2735 782 2784 fuit

238 2807 313 2867 urbs,
339 2806 433 2857 haberi
458 2810 585 2869 nequeat.
623 2805 781 2855 Offenderat

239 2876 290 2927 hoo
312 2877 365 2926 iam
388 2874 612 2941 Wesselinginm,
639 2875 723 2933 alios,
748 2891 781 2925 ac

238 2952 349 2997 nostrae
362 2947 463 2996 aetatis
474 2948 548 2997 visos
560 2947 655 2995 doctos
671 2945 780 3008 potissi-

238 3033 309 3067 mum
329 3016 490 3078 commovit,
511 3021 542 3065 ut
561 3018 654 3065 Gazam
667 3014 693 3065 h.
706 3015 725 3064 l.
740 3015 781 3063 iu·

238 3085 326 3148 telligi
345 3085 456 3135 mallent
467 3100 552 3150 eoque
566 3084 684 3146 Cadytiu
701 3084 784 3133 refer·

238 3160 311 3214 rent3
326 3155 381 3204 vid.
392 3155 514 3213 inprimis
523 3154 622 3213 Hitzig
632 3153 649 3202 l.
661 3153 689 3213 l.,
700 3153 782 3202 Starlr

238 3225 255 3274 1.
270 3224 288 3274 l.
304 3239 366 3287 pag.
387 3224 438 3274 ‘220
462 3229 489 3273 et
503 3239 570 3286 quos
585 3222 653 3273 ulios
670 3222 783 3272 laudavi

239 3295 271 3344 Τ
289 3293 311 3341 Ι.
333 3308 357 3356 p.
377 3293 437 3342 890.
476 3293 530 3353 Qui
543 3292 624 3342 iidem
640 3309 701 3342 cum
714 3292 783 3343 bene

239 3359 431 3446 intelligerent,
446 3361 517 3411 hanc
530 3363 695 3412 seutentiam
708 3368 782 3414 stare

238 3435 285 3481 vis
298 3446 387 3495 posse,
400 3432 424 3482 si
438 3433 465 3481 in
476 3430 610 3481 Herodoti
620 3431 710 3482 verbis
721 3449 783 3510 pro:

239 3502 310 3551 xime
337 3501 514 3581 sequentibus
540 3490 598 3549 άπὸ
622 3492 723 3566 ταύτης
747 3494 782 3551 τά

239 3562 408 3635 ἐμπόρια
378 3586 412 3618 τα
430 3561 477 3619 int
493 3561 641 3652 θαλάσσης
652 3570 690 3649 (i.
712 3588 734 3622 e.
752 3574 782 3621 in

239 3642 321 3690 muris
339 3656 387 3690 ora
402 3638 468 3719 sita)
488 3633 566 3704 μέχρι
583 3629 710 3703 Ἰηνύσου
730 3632 781 3690 πύ-

240 3699 298 3766 λιός
311 3700 367 3758 ἔστι
381 3708 431 3758 τοῦ
446 3701 583 3774 Ἀραβιᾝου
606 3710 729 3776 lesgans,
750 3716 782 3761 nt

238 3780 320 3841 vulgo
336 3780 380 3841 fit,
400 3778 436 3829 ad
454 3795 512 3830 eum
529 3779 617 3827 locum
636 3781 780 3844 referatur,

239 3851 286 3912 qui
302 3865 374 3899 nnnc
393 3855 508 3899 vocatur
520 3851 596 3899 ΚΙιοο
608 3850 727 3903 Ιιιααο.’
720 3866 738 3900 ι.
757 3867 780 3900 e.

239 3918 405 3968 domicilium
422 3920 521 3979 Ionae,
537 3919 636 3983 quippe
653 3920 700 3983 qui
715 3934 780 3983 qua·

240 3992 301 4037 tuor
323 3992 431 4038 tautum
453 3992 500 4037 ant
518 3989 636 4052 quinque
653 3987 781 4038 horarum

240 4057 338 4106 itinere
347 4057 431 4107 distet
442 4074 459 4106 a
470 4058 555 4117 Gaza,
565 4057 727 4117 maluerunt,
738 4058 782 4107 vel

240 4125 274 4173 de
287 4141 320 4175 ea
331 4126 411 4185 urbe,
429 4128 474 4175 cui
493 4141 589 4175 nomen
605 4128 780 4182 Rhinocolura.

239 4194 271 4253 (i.
285 4212 307 4244 e.
319 4195 461 4247 ElArisch.
475 4196 511 4243 cf.
523 4195 621 4244 Ritter:
634 4196 782 4246 ldrdkunde

240 4265 313 4313 xvi.
324 4279 350 4326 p.
361 4262 403 4315 39.
414 4262 488 4325 329.)
499 4263 541 4313 vel
554 4264 587 4313 de
596 4264 652 4313 alia
663 4266 781 4330 quadam

239 4332 321 4393 urbs,
335 4332 407 4382 hund
420 4333 500 4395 longe
516 4332 579 4383 inde
597 4339 717 4393 remota,
736 4350 782 4383 co-

239 4402 341 4467 gitem
354 4400 390 4453 ci.
403 4401 487 4453 Starlr
499 4417 526 4467 p.
544 4401 604 4453 223.
623 4401 670 4465 30,
687 4403 782 4469 Hitaig

833 919 850 970 l.
865 919 883 970 l.
897 936 922 985 p.
940 920 988 970 ton
1001 935 1057 983 seq.
1086 922 1164 981 Quae
1177 909 1377 985 qnam'incerta

834 990 903 1052 sint,
926 1004 1003 1039 nemo
1025 1004 1078 1039 non
1100 990 1192 1040 videt:
1215 1006 1265 1040 uec
1286 991 1375 1054 magis

833 1060 927 1124 utique
944 1063 1047 1109 certum
1065 1059 1187 1122 videtur,
1205 1062 1298 1110 Gazam
1322 1075 1376 1110 om-

833 1131 899 1179 niuo
923 1129 948 1177 h.
972 1128 990 1177 l.
1013 1128 1146 1194 intelligi:
1172 1144 1251 1194 quam
1275 1131 1299 1178 si
1322 1131 1376 1179 No-

833 1205 888 1249 ster
899 1199 1021 1249 indieare
1031 1199 1173 1260 voluisset,
1183 1198 1235 1249 hoc
1245 1200 1305 1263 ipso
1316 1200 1377 1249 eius

833 1270 941 1320 nomine
958 1270 1039 1318 etiam
1058 1269 1225 1333 appellasset
1244 1268 1324 1334 idque
1343 1285 1376 1318 eo

833 1340 934 1401 magis,
948 1354 1001 1404 quo
1015 1340 1172 1390 accuratius
1185 1343 1302 1388 tractum
1320 1355 1377 1389 rna·

832 1410 952 1458 ritimnm
967 1410 1128 1472 cognovisse
1140 1408 1257 1459 videtur.
1287 1408 1376 1473 Cady·

833 1480 870 1528 tis
886 1483 976 1529 autem
990 1495 1083 1528 vocem
1099 1480 1185 1543 ipsam
1199 1484 1230 1528 ut
1240 1494 1287 1543 pro
1299 1480 1377 1528 Gaza

832 1549 962 1608 habeam
978 1564 1056 1599 nemo
1068 1550 1212 1614 quisquam
1230 1548 1296 1597 mihi
1316 1564 1377 1611 pcr-

832 1618 966 1669 suadebit.
1004 1618 1096 1668 Malim
1116 1619 1209 1684 itaque
1228 1617 1261 1669 de
1278 1618 1377 1667 Hiero-

832 1687 943 1752 solymis
965 1689 1101 1753 cogitare,
1125 1689 1159 1738 ad
1180 1703 1261 1752 quam
1282 1687 1377 1737 urbem

833 1760 913 1808 unice
925 1764 1049 1837 spectare
1063 1759 1172 1809 credam
1181 1759 1265 1808 verba
1276 1747 1323 1804 ἔού
1317 1770 1377 1822 σης

832 1818 945 1885 πόλιος
969 1819 1006 1882 ὡς
1026 1819 1092 1904 ἐμοὶ
1113 1823 1219 1886 δοκέει,
1242 1825 1377 1890 Σαρδίων

832 1914 866 1948 ου
858 1887 971 1956 ’nolim
984 1888 1149 1956 ἐλάσσονος·
1142 1913 1226 1947 ·ιιοιο
1235 1897 1318 1947 fando
1330 1913 1378 1947 au-

832 1969 920 2018 dierat
940 1968 1040 2018 Noster
1070 1968 1103 2017 do
1127 1968 1376 2050 Hierosolymorum

832 2038 1017 2102 magnitudine
1032 2053 1064 2088 ac
1080 2038 1248 2102 frequentia.
1269 2054 1329 2088 eum
1347 2039 1376 2087 iu

832 2114 922 2158 tractu
956 2106 1002 2157 illo
1037 2108 1171 2157 maritimo
1208 2109 1377 2171 urbibusque

831 2178 997 2228 Phoenicum
1007 2178 1258 2239 commoraretur,in
1266 2178 1377 2226 interio-

832 2263 875 2297 res
885 2248 1004 2297 Iudaeae
1014 2253 1086 2297 tract
1087 2263 1118 2296 us
1133 2263 1166 2296 ac
1178 2247 1238 2297 loca
1252 2248 1377 2297 mediter-

831 2333 914 2367 rauce
922 2317 994 2367 hand
1003 2318 1148 2381 proiectus
1156 2333 1241 2381 neque
1249 2323 1378 2367 accurate

835 2387 897 2436 inde
910 2386 1159 2468 deHierosolymis
1156 2403 1187 2436 ac
1195 2387 1304 2437 Iudaeis
1314 2388 1377 2437 edo-

834 2462 908 2506 ctus:
908 2458 968 2533 qni
983 2459 1006 2505 si
1022 2458 1112 2506 verbis
1125 2450 1202 2521 μέχρι
1219 2471 1253 2506 οι
1254 2473 1311 2521 ρων
1320 2474 1377 2505 των

835 2517 975 2585 Καδύτιος
987 2517 1083 2585 πόλιος
1099 2526 1166 2577 lines
1184 2533 1273 2578 terrae
1284 2527 1378 2578 ludai-

832 2613 895 2657 cae
909 2598 985 2647 ouius
1000 2602 1083 2661 caput
1095 2614 1160 2647 sane
1179 2604 1238 2648 erat
1253 2599 1377 2662 Cudytis

832 2635 948 2732 intelligi
966 2667 1172 2732 voluit,'1psa1n
1189 2668 1260 2718 hauc
1272 2636 1377 2730 urbem,

832 2739 910 2787 cuius
935 2738 1017 2787 situm
1042 2738 1200 2801 ignorabat,
1224 2739 1312 2788 minus
1336 2754 1377 2788 rc-

831 2808 949 2871 spiciens
960 2823 1038 2873 qnam
1051 2808 1108 2856 eius
1118 2808 1246 2857 ditionem
1258 2808 1292 2857 ad
1302 2824 1378 2858 niare

830 2893 916 2943 usque
929 2879 1117 2940 pertinentem,
1130 2878 1201 2927 haud
1214 2878 1271 2927 scio
1285 2894 1321 2928 au
1335 2894 1377 2928 re-

832 2952 876 2997 cte
899 2945 932 2996 de
955 2947 996 2996 his
1021 2947 1147 2997 retulisse
1170 2947 1258 2997 videri
1283 2953 1377 3013 queat.

835 3017 913 3067 Coni.
937 3017 1111 3081 Heidelberg.
1132 3016 1245 3067 Jahrbb.
1266 3017 1292 3068 d.
1307 3020 1376 3069 Litt.

836 3086 910 3136 1833.
924 3102 988 3151 pag.
1002 3088 1062 3138 374.
1088 3089 1171 3151 Syros
1185 3092 1273 3136 autem
1283 3091 1378 3139 Pulue-

833 3160 956 3207 alineuscs
966 3156 1053 3207 nullos
1070 3157 1139 3207 alios
1149 3172 1209 3207 csse
1223 3160 1305 3222 atque
1316 3161 1377 3208 Phi-

833 3231 948 3283 ituoeoa‚
969 3226 1012 3276 vol
1029 3242 1061 3277 ex
1074 3228 1124 3287 iis,
1143 3243 1213 3292 quae
1227 3227 1262 3277 ad
1280 3229 1307 3290 1,
1326 3228 1377 3278 105

834 3293 895 3345 coll.
907 3295 933 3357 I,
948 3297 980 3345 7⁶2
994 3297 1160 3360 monuimus,
1174 3298 1243 3347 satis
1261 3312 1377 3362 appare-

833 3365 883 3415 bit

867 3429 946 3497 μέχρι
956 3424 1083 3498 Ἰηνύσου
1095 3425 1192 3493 πόλιός
1212 3427 1280 3520 ἔστι]
1300 3439 1377 3501 leurs-

832 3520 876 3554 sus
888 3519 905 3552 a
917 3504 990 3554 nullo
1004 3504 1066 3565 alio,
1081 3511 1210 3589 quantum
1223 3508 1290 3567 scio,
1304 3525 1377 3557 com-

833 3576 1146 3638 memoratnrscriptore
1149 3577 1202 3626 nisi
1212 3592 1228 3624 a
1236 3578 1377 3655 Stephapo

833 3644 996 3720 Byzantino,
1003 3658 1049 3707 qm
1042 3644 1126 3695 'haec
1136 3645 1234 3695 habet.
1244 3636 1300 3694 ’lvo
1294 3639 1377 3709 σούς,

833 3696 913 3767 πόλις
926 3707 1066 3769 Αίνυτιτου
1078 3710 1219 3779 προσεχὴς
1229 3732 1266 3779 τῳ
1258 3713 1378 3784 Κασιῳ

833 3770 900 3862 ὄρει
908 3773 1068 3845 Ηρόδοτος,
1086 3785 1140 3834 nisi
1132 3785 1296 3835 mendum
1289 3802 1316 3835 m
1330 3804 1379 3837 vo

833 3852 872 3900 cis
891 3854 1026 3915 scriptura
1045 3854 1125 3903 inest
1161 3854 1202 3903 De
1222 3857 1277 3905 situ
1300 3857 1379 3906 urbis

832 3920 855 3969 si
869 3936 993 3985 quaeras,
1007 3938 1040 3972 ex
1053 3924 1133 3974 trium
1147 3923 1247 3973 dierum
1262 3940 1322 3974 eam
1338 3928 1379 3976 in-

833 3996 874 4038 ter
889 3998 915 4040 et
930 3993 1039 4041 Casium
1050 3999 1169 4042 montem
1179 3994 1325 4044 intervallo
1338 3998 1380 4044 vi-

832 4060 890 4109 deri
910 4076 993 4124 prope
1012 4063 1133 4125 [taphium
1150 4064 1233 4113 fuisse
1248 4065 1377 4127 louysum

834 4131 932 4179 statuit
943 4131 1153 4193 Wesselingius:
1165 4132 1273 4196 Raphia
1284 4140 1378 4184 autem

834 4214 865 4247 eo
886 4198 946 4249 loco
967 4201 1021 4249 sita
1041 4202 1126 4252 fuisse
1145 4203 1314 4266 perhibetur,
1330 4208 1378 4269 qui

832 4283 918 4328 niuno,
938 4273 1050 4334 antiquo
1071 4272 1178 4321 nomine
1193 4276 1316 4333 retento,
1331 4290 1380 4323 vo-

833 4342 910 4386 catur
927 4340 1009 4400 Ποία,
1026 4355 1072 4389 sex
1085 4340 1212 4390 horarum
1228 4341 1325 4391 itinere
1338 4343 1378 4391 di-

833 4411 909 4456 stans
922 4407 957 4456 ab
971 4409 1037 4458 urbe
1048 4410 1125 4460 Gaza
1138 4415 1165 4461 et
1177 4411 1306 4475 antiquae
1321 4428 1380 4462 mo-
