<?xml version="1.0" encoding="UTF-8"?>
<!DOCTYPE html PUBLIC "-//W3C//DTD XHTML 1.0 Transitional//EN"
    "http://www.w3.org/TR/xhtml1/DTD/xhtml1-transitional.dtd">
<html xmlns="http://www.w3.org/1999/xhtml" xml:lang="en" lang="en">
 <head>
  <title>
</title>
<meta http-equiv="Content-Type" content="text/html;charset=utf-8" />
  <meta name='ocr-system' content='tesseract 3.04.00' />
  <meta name='ocr-capabilities' content='ocr_page ocr_carea ocr_par ocr_line ocrx_word'/>
</head>
<body>
  <div class='ocr_page' id='page_1' title='image "./herodotihalicar00unkngoog_0734.png"; bbox 0 0 3042 5125; ppageno 0'>
   <div class='ocr_carea' id='block_1_1' title="bbox 244 324 1227 400">
    <p class='ocr_par' dir='ltr' id='par_1_1' title="bbox 244 324 1227 400">
     <span class='ocr_line' id='line_1_1' title="bbox 244 324 1227 400; baseline -0.005 -15"><span class='ocrx_word' id='word_1_1' title='bbox 244 326 304 385; x_wconf 81' lang='lat'><strong>712</strong></span> <span class='ocrx_word' id='word_1_2' title='bbox 391 325 655 386; x_wconf 84' lang='lat' dir='ltr'>EXCURSUS</span> <span class='ocrx_word' id='word_1_3' title='bbox 675 326 751 385; x_wconf 88' lang='lat' dir='ltr'>VIII</span> <span class='ocrx_word' id='word_1_4' title='bbox 773 326 835 386; x_wconf 75' lang='lat' dir='ltr'><strong>AD</strong></span> <span class='ocrx_word' id='word_1_5' title='bbox 856 324 1227 400; x_wconf 81' lang='lat' dir='ltr'><strong>HERODOT.IV,1.</strong></span> 
     </span>
    </p>
   </div>
   <div class='ocr_carea' id='block_1_2' title="bbox 166 513 1377 3527">
    <p class='ocr_par' dir='ltr' id='par_1_2' title="bbox 244 513 1377 1936">
     <span class='ocr_line' id='line_1_2' title="bbox 244 513 1374 585; baseline -0.002 -16"><span class='ocrx_word' id='word_1_6' title='bbox 244 516 327 569; x_wconf 82' lang='lat' dir='ltr'><strong>sterio</strong></span> <span class='ocrx_word' id='word_1_7' title='bbox 344 514 489 585; x_wconf 76' lang='lat' dir='ltr'>proderet,</span> <span class='ocrx_word' id='word_1_8' title='bbox 506 521 562 566; x_wconf 94' lang='lat' dir='ltr'><strong>tum</strong></span> <span class='ocrx_word' id='word_1_9' title='bbox 574 531 609 565; x_wconf 94' lang='lat' dir='ltr'><strong>ne</strong></span> <span class='ocrx_word' id='word_1_10' title='bbox 625 514 653 565; x_wconf 91' lang='lat' dir='ltr'><strong>in</strong></span> <span class='ocrx_word' id='word_1_11' title='bbox 670 513 797 581; x_wconf 77' lang='lat' dir='ltr'><strong>civitate,</strong></span> <span class='ocrx_word' id='word_1_12' title='bbox 812 529 884 583; x_wconf 89' lang='lat' dir='ltr'><strong>quse</strong></span> <span class='ocrx_word' id='word_1_13' title='bbox 901 529 1035 566; x_wconf 88' lang='lat' dir='ltr'><strong>armornm</strong></span> <span class='ocrx_word' id='word_1_14' title='bbox 1048 513 1077 564; x_wconf 83' lang='lat' dir='ltr'><strong>vi</strong></span> <span class='ocrx_word' id='word_1_15' title='bbox 1093 513 1260 582; x_wconf 85' lang='lat' dir='ltr'><strong>coaluisset,</strong></span> <span class='ocrx_word' id='word_1_16' title='bbox 1281 514 1374 567; x_wconf 79' lang='lat' dir='ltr'><strong>milites</strong></span> 
     </span>
     <span class='ocr_line' id='line_1_3' title="bbox 244 594 1374 668; baseline -0.001 -15"><span class='ocrx_word' id='word_1_17' title='bbox 244 600 300 653; x_wconf 93' lang='lat' dir='ltr'><strong>otio</strong></span> <span class='ocrx_word' id='word_1_18' title='bbox 312 594 538 668; x_wconf 75' lang='lat' dir='ltr'><strong>languescerent,</strong></span> <span class='ocrx_word' id='word_1_19' title='bbox 556 598 655 650; x_wconf 90' lang='lat' dir='ltr'><strong>deinde</strong></span> <span class='ocrx_word' id='word_1_20' title='bbox 671 600 703 651; x_wconf 84' lang='lat' dir='ltr'><strong>ut</strong></span> <span class='ocrx_word' id='word_1_21' title='bbox 716 598 872 651; x_wconf 73' lang='lat' dir='ltr'><strong>zoroastris</strong></span> <span class='ocrx_word' id='word_1_22' title='bbox 885 598 993 665; x_wconf 79' lang='lat' dir='ltr'><strong>legibus</strong></span> <span class='ocrx_word' id='word_1_23' title='bbox 1008 599 1224 668; x_wconf 71' lang='lat' dir='ltr'>obtemperaret,</span> <span class='ocrx_word' id='word_1_24' title='bbox 1242 599 1374 668; x_wconf 89' lang='lat' dir='ltr'><strong>quaebel-</strong></span> 
     </span>
     <span class='ocr_line' id='line_1_4' title="bbox 244 682 1374 752; baseline -0.002 -15"><span class='ocrx_word' id='word_1_25' title='bbox 244 685 299 737; x_wconf 89' lang='lat' dir='ltr'><strong>lum</strong></span> <span class='ocrx_word' id='word_1_26' title='bbox 312 685 448 736; x_wconf 85' lang='lat' dir='ltr'><strong>adversus</strong></span> <span class='ocrx_word' id='word_1_27' title='bbox 460 683 612 750; x_wconf 90' lang='lat' dir='ltr'><strong>Nomades,</strong></span> <span class='ocrx_word' id='word_1_28' title='bbox 628 684 760 752; x_wconf 77' lang='lat' dir='ltr'><strong>profanos</strong></span> <span class='ocrx_word' id='word_1_29' title='bbox 776 682 927 749; x_wconf 84' lang='lat' dir='ltr'><strong>iudicatos,</strong></span> <span class='ocrx_word' id='word_1_30' title='bbox 945 682 1095 751; x_wconf 79' lang='lat' dir='ltr'><strong>gerendum</strong></span> <span class='ocrx_word' id='word_1_31' title='bbox 1116 684 1197 736; x_wconf 81' lang='lat' dir='ltr'><strong>enixe</strong></span> <span class='ocrx_word' id='word_1_32' title='bbox 1213 685 1374 736; x_wconf 86' lang='lat' dir='ltr'><strong>commenda-</strong></span> 
     </span>
     <span class='ocr_line' id='line_1_5' title="bbox 245 766 1373 837; baseline -0.002 -16"><span class='ocrx_word' id='word_1_33' title='bbox 245 772 321 822; x_wconf 85' lang='lat' dir='ltr'><strong>bunt.</strong></span> <span class='ocrx_word' id='word_1_34' title='bbox 345 769 471 837; x_wconf 85' lang='lat' dir='ltr'><strong>Denique</strong></span> <span class='ocrx_word' id='word_1_35' title='bbox 490 786 525 820; x_wconf 92' lang='lat' dir='ltr'><strong>ne</strong></span> <span class='ocrx_word' id='word_1_36' title='bbox 540 767 659 834; x_wconf 87' lang='lat' dir='ltr'><strong>Scythae</strong></span> <span class='ocrx_word' id='word_1_37' title='bbox 681 769 707 819; x_wconf 94' lang='lat' dir='ltr'><strong>in</strong></span> <span class='ocrx_word' id='word_1_38' title='bbox 725 775 864 836; x_wconf 88' lang='lat' dir='ltr'><strong>posterum</strong></span> <span class='ocrx_word' id='word_1_39' title='bbox 881 766 942 819; x_wconf 91' lang='lat' dir='ltr'><strong>suis</strong></span> <span class='ocrx_word' id='word_1_40' title='bbox 960 774 1056 819; x_wconf 89' lang='lat' dir='ltr'><strong>essent</strong></span> <span class='ocrx_word' id='word_1_41' title='bbox 1070 768 1180 835; x_wconf 81' lang='lat' dir='ltr'><strong>infesti,</strong></span> <span class='ocrx_word' id='word_1_42' title='bbox 1198 786 1249 819; x_wconf 89' lang='lat' dir='ltr'><strong>ens</strong></span> <span class='ocrx_word' id='word_1_43' title='bbox 1267 773 1315 820; x_wconf 84' lang='lat' dir='ltr'><strong>aut</strong></span> <span class='ocrx_word' id='word_1_44' title='bbox 1331 768 1373 820; x_wconf 84' lang='lat' dir='ltr'><strong>do</strong></span> 
     </span>
     <span class='ocr_line' id='line_1_6' title="bbox 246 851 1374 919; baseline -0.003 -13"><span class='ocrx_word' id='word_1_45' title='bbox 246 871 319 907; x_wconf 90' lang='lat' dir='ltr'><strong>mare</strong></span> <span class='ocrx_word' id='word_1_46' title='bbox 332 860 380 906; x_wconf 88' lang='lat' dir='ltr'><strong>ant</strong></span> <span class='ocrx_word' id='word_1_47' title='bbox 391 858 499 905; x_wconf 86' lang='lat' dir='ltr'><strong>vastata</strong></span> <span class='ocrx_word' id='word_1_48' title='bbox 515 869 609 905; x_wconf 87' lang='lat' dir='ltr'><strong>eorum</strong></span> <span class='ocrx_word' id='word_1_49' title='bbox 625 852 729 904; x_wconf 76' lang='lat' dir='ltr'><strong>ditione</strong></span> <span class='ocrx_word' id='word_1_50' title='bbox 744 858 877 904; x_wconf 86' lang='lat' dir='ltr'><strong>terrorem</strong></span> <span class='ocrx_word' id='word_1_51' title='bbox 888 852 964 919; x_wconf 83' lang='lat' dir='ltr'><strong>genti</strong></span> <span class='ocrx_word' id='word_1_52' title='bbox 982 851 1109 919; x_wconf 87' lang='lat' dir='ltr'><strong>iniicere,</strong></span> <span class='ocrx_word' id='word_1_53' title='bbox 1126 852 1231 905; x_wconf 84' lang='lat' dir='ltr'><strong>Durius</strong></span> <span class='ocrx_word' id='word_1_54' title='bbox 1245 852 1272 904; x_wconf 91' lang='lat' dir='ltr'><strong>iu</strong></span> <span class='ocrx_word' id='word_1_55' title='bbox 1291 853 1374 904; x_wconf 83' lang='lat' dir='ltr'><strong>animo</strong></span> 
     </span>
     <span class='ocr_line' id='line_1_7' title="bbox 245 936 1374 1006; baseline -0.002 -16"><span class='ocrx_word' id='word_1_56' title='bbox 245 939 376 992; x_wconf 88' lang='lat' dir='ltr'><strong>habuisse</strong></span> <span class='ocrx_word' id='word_1_57' title='bbox 396 937 535 989; x_wconf 83' lang='lat' dir='ltr'><strong>ridetur.“</strong></span> <span class='ocrx_word' id='word_1_58' title='bbox 565 936 604 988; x_wconf 83' lang='lat' dir='ltr'><strong>Ac</strong></span> <span class='ocrx_word' id='word_1_59' title='bbox 621 953 688 988; x_wconf 87' lang='lat' dir='ltr'><strong>sane</strong></span> <span class='ocrx_word' id='word_1_60' title='bbox 705 953 752 1000; x_wconf 86' lang='lat' dir='ltr'><strong>ea,</strong></span> <span class='ocrx_word' id='word_1_61' title='bbox 783 951 853 1005; x_wconf 87' lang='lat' dir='ltr'><strong>quae</strong></span> <span class='ocrx_word' id='word_1_62' title='bbox 872 943 991 988; x_wconf 82' lang='lat' dir='ltr'><strong>extremo</strong></span> <span class='ocrx_word' id='word_1_63' title='bbox 1017 936 1075 988; x_wconf 87' lang='lat' dir='ltr'><strong>loco</strong></span> <span class='ocrx_word' id='word_1_64' title='bbox 1093 937 1187 1006; x_wconf 78' lang='lat' dir='ltr'>posuit</span> <span class='ocrx_word' id='word_1_65' title='bbox 1209 936 1255 988; x_wconf 75' lang='lat' dir='ltr'><strong>vir</strong></span> <span class='ocrx_word' id='word_1_66' title='bbox 1274 936 1374 1004; x_wconf 84' lang='lat' dir='ltr'><strong>doctus,</strong></span> 
     </span>
     <span class='ocr_line' id='line_1_8' title="bbox 246 1019 1375 1091; baseline -0.002 -16"><span class='ocrx_word' id='word_1_67' title='bbox 246 1022 318 1075; x_wconf 80' lang='lat' dir='ltr'><strong>haud</strong></span> <span class='ocrx_word' id='word_1_68' title='bbox 336 1023 397 1075; x_wconf 84' lang='lat' dir='ltr'><strong>lere</strong></span> <span class='ocrx_word' id='word_1_69' title='bbox 414 1021 443 1073; x_wconf 93' lang='lat' dir='ltr'><strong>iu</strong></span> <span class='ocrx_word' id='word_1_70' title='bbox 462 1021 511 1073; x_wconf 84' lang='lat' dir='ltr'><strong>hac</strong></span> <span class='ocrx_word' id='word_1_71' title='bbox 529 1028 634 1073; x_wconf 83' lang='lat' dir='ltr'><strong>tutare</strong></span> <span class='ocrx_word' id='word_1_72' title='bbox 652 1027 813 1073; x_wconf 80' lang='lat' dir='ltr'><strong>momentum</strong></span> <span class='ocrx_word' id='word_1_73' title='bbox 826 1019 890 1073; x_wconf 92' lang='lat' dir='ltr'><strong>mihi</strong></span> <span class='ocrx_word' id='word_1_74' title='bbox 907 1020 1048 1073; x_wconf 85' lang='lat' dir='ltr'><strong>continere</strong></span> <span class='ocrx_word' id='word_1_75' title='bbox 1067 1028 1149 1091; x_wconf 87' lang='lat' dir='ltr'><strong>atque</strong></span> <span class='ocrx_word' id='word_1_76' title='bbox 1168 1020 1249 1072; x_wconf 89' lang='lat' dir='ltr'><strong>Darii</strong></span> <span class='ocrx_word' id='word_1_77' title='bbox 1267 1021 1375 1073; x_wconf 84' lang='lat' dir='ltr'><strong>animun</strong></span> 
     </span>
     <span class='ocr_line' id='line_1_9' title="bbox 245 1103 1375 1177; baseline -0.004 -17"><span class='ocrx_word' id='word_1_78' title='bbox 245 1124 325 1177; x_wconf 86' lang='lat' dir='ltr'><strong>quam</strong></span> <span class='ocrx_word' id='word_1_79' title='bbox 341 1107 453 1159; x_wconf 86' lang='lat' dir='ltr'><strong>maxime</strong></span> <span class='ocrx_word' id='word_1_80' title='bbox 465 1105 600 1158; x_wconf 79' lang='lat' dir='ltr'><strong>excitasse</strong></span> <span class='ocrx_word' id='word_1_81' title='bbox 613 1105 756 1173; x_wconf 84' lang='lat' dir='ltr'><strong>videntur,</strong></span> <span class='ocrx_word' id='word_1_82' title='bbox 774 1112 805 1157; x_wconf 92' lang='lat' dir='ltr'><strong>ut</strong></span> <span class='ocrx_word' id='word_1_83' title='bbox 821 1105 891 1157; x_wconf 85' lang='lat' dir='ltr'><strong>hanc</strong></span> <span class='ocrx_word' id='word_1_84' title='bbox 910 1103 1110 1174; x_wconf 81' lang='lat' dir='ltr'><strong>expeditionem</strong></span> <span class='ocrx_word' id='word_1_85' title='bbox 1131 1105 1309 1170; x_wconf 86' lang='lat' dir='ltr'><strong>institueret,</strong></span> <span class='ocrx_word' id='word_1_86' title='bbox 1327 1122 1375 1175; x_wconf 87' lang='lat' dir='ltr'><strong>qua</strong></span> 
     </span>
     <span class='ocr_line' id='line_1_10' title="bbox 246 1189 1374 1260; baseline -0.003 -16"><span class='ocrx_word' id='word_1_87' title='bbox 246 1191 273 1244; x_wconf 88' lang='lat' dir='ltr'><strong>id</strong></span> <span class='ocrx_word' id='word_1_88' title='bbox 285 1190 364 1244; x_wconf 90' lang='lat' dir='ltr'><strong>simul</strong></span> <span class='ocrx_word' id='word_1_89' title='bbox 375 1190 449 1243; x_wconf 88' lang='lat' dir='ltr'><strong>illum</strong></span> <span class='ocrx_word' id='word_1_90' title='bbox 460 1196 602 1260; x_wconf 72' lang='lat' dir='ltr'><strong>spectasse</strong></span> <span class='ocrx_word' id='word_1_91' title='bbox 613 1189 789 1255; x_wconf 79' lang='lat' dir='ltr'><strong>crediderim,</strong></span> <span class='ocrx_word' id='word_1_92' title='bbox 811 1194 842 1240; x_wconf 90' lang='lat' dir='ltr'><strong>ut</strong></span> <span class='ocrx_word' id='word_1_93' title='bbox 852 1189 932 1256; x_wconf 80' lang='lat' dir='ltr'><strong>regni</strong></span> <span class='ocrx_word' id='word_1_94' title='bbox 946 1189 991 1240; x_wconf 92' lang='lat' dir='ltr'><strong>sui</strong></span> <span class='ocrx_word' id='word_1_95' title='bbox 1008 1189 1078 1242; x_wconf 85' lang='lat' dir='ltr'><strong>fines</strong></span> <span class='ocrx_word' id='word_1_96' title='bbox 1090 1189 1309 1259; x_wconf 87' lang='lat' dir='ltr'><strong>septentrionem</strong></span> <span class='ocrx_word' id='word_1_97' title='bbox 1319 1207 1374 1242; x_wconf 87' lang='lat' dir='ltr'><strong>rer·</strong></span> 
     </span>
     <span class='ocr_line' id='line_1_11' title="bbox 245 1273 1374 1344; baseline -0.004 -16"><span class='ocrx_word' id='word_1_98' title='bbox 245 1293 296 1328; x_wconf 91' lang='lat' dir='ltr'><strong>sus</strong></span> <span class='ocrx_word' id='word_1_99' title='bbox 307 1282 384 1328; x_wconf 89' lang='lat' dir='ltr'><strong>tutos</strong></span> <span class='ocrx_word' id='word_1_100' title='bbox 399 1278 556 1344; x_wconf 75' lang='lat' dir='ltr'><strong>praestaret</strong></span> <span class='ocrx_word' id='word_1_101' title='bbox 566 1289 597 1325; x_wconf 92' lang='lat' dir='ltr'><strong>ac</strong></span> <span class='ocrx_word' id='word_1_102' title='bbox 612 1291 729 1326; x_wconf 88' lang='lat' dir='ltr'><strong>securos</strong></span> <span class='ocrx_word' id='word_1_103' title='bbox 745 1275 779 1326; x_wconf 89' lang='lat' dir='ltr'><strong>sb</strong></span> <span class='ocrx_word' id='word_1_104' title='bbox 796 1274 865 1325; x_wconf 88' lang='lat' dir='ltr'><strong>omni</strong></span> <span class='ocrx_word' id='word_1_105' title='bbox 884 1273 1005 1341; x_wconf 78' lang='lat' dir='ltr'><strong>gentium</strong></span> <span class='ocrx_word' id='word_1_106' title='bbox 1022 1274 1174 1343; x_wconf 84' lang='lat' dir='ltr'><strong>palantium</strong></span> <span class='ocrx_word' id='word_1_107' title='bbox 1199 1292 1234 1327; x_wconf 88' lang='lat' dir='ltr'><strong>se</strong></span> <span class='ocrx_word' id='word_1_108' title='bbox 1251 1274 1374 1325; x_wconf 83' lang='lat' dir='ltr'><strong>barbaro-</strong></span> 
     </span>
     <span class='ocr_line' id='line_1_12' title="bbox 247 1357 1375 1428; baseline -0.002 -16"><span class='ocrx_word' id='word_1_109' title='bbox 247 1376 305 1412; x_wconf 86' lang='lat' dir='ltr'><strong>rum</strong></span> <span class='ocrx_word' id='word_1_110' title='bbox 316 1357 484 1411; x_wconf 80' lang='lat' dir='ltr'><strong>incursione.</strong></span> <span class='ocrx_word' id='word_1_111' title='bbox 503 1358 584 1421; x_wconf 79' lang='lat' dir='ltr'><strong>Quae</strong></span> <span class='ocrx_word' id='word_1_112' title='bbox 601 1359 707 1428; x_wconf 83' lang='lat' dir='ltr'><strong>reliqna</strong></span> <span class='ocrx_word' id='word_1_113' title='bbox 721 1357 814 1411; x_wconf 88' lang='lat' dir='ltr'><strong>attulit</strong></span> <span class='ocrx_word' id='word_1_114' title='bbox 825 1357 973 1423; x_wconf 88' lang='lat' dir='ltr'><strong>0siander,</strong></span> <span class='ocrx_word' id='word_1_115' title='bbox 991 1358 1080 1411; x_wconf 89' lang='lat' dir='ltr'><strong>minus</strong></span> <span class='ocrx_word' id='word_1_116' title='bbox 1093 1358 1165 1411; x_wconf 88' lang='lat' dir='ltr'><strong>haud</strong></span> <span class='ocrx_word' id='word_1_117' title='bbox 1180 1358 1241 1411; x_wconf 87' lang='lat' dir='ltr'><strong>scio</strong></span> <span class='ocrx_word' id='word_1_118' title='bbox 1257 1375 1291 1411; x_wconf 84' lang='lat' dir='ltr'><strong>an</strong></span> <span class='ocrx_word' id='word_1_119' title='bbox 1307 1358 1375 1410; x_wconf 86' lang='lat' dir='ltr'><strong>ride·</strong></span> 
     </span>
     <span class='ocr_line' id='line_1_13' title="bbox 248 1441 1374 1512; baseline -0.002 -16"><span class='ocrx_word' id='word_1_120' title='bbox 248 1450 329 1496; x_wconf 86' lang='lat' dir='ltr'><strong>antur</strong></span> <span class='ocrx_word' id='word_1_121' title='bbox 347 1442 498 1512; x_wconf 88' lang='lat' dir='ltr'><strong>probabilia</strong></span> <span class='ocrx_word' id='word_1_122' title='bbox 516 1443 555 1509; x_wconf 86' lang='lat' dir='ltr'><strong>si,</strong></span> <span class='ocrx_word' id='word_1_123' title='bbox 578 1442 625 1512; x_wconf 92' lang='lat' dir='ltr'><strong>qui</strong></span> <span class='ocrx_word' id='word_1_124' title='bbox 650 1442 728 1495; x_wconf 88' lang='lat' dir='ltr'><strong>Darii</strong></span> <span class='ocrx_word' id='word_1_125' title='bbox 745 1442 863 1495; x_wconf 85' lang='lat' dir='ltr'><strong>animum</strong></span> <span class='ocrx_word' id='word_1_126' title='bbox 884 1459 900 1493; x_wconf 88' lang='lat' dir='ltr'><strong>a</strong></span> <span class='ocrx_word' id='word_1_127' title='bbox 923 1441 985 1493; x_wconf 89' lang='lat' dir='ltr'><strong>belli</strong></span> <span class='ocrx_word' id='word_1_128' title='bbox 1002 1443 1091 1511; x_wconf 75' lang='lat' dir='ltr'><strong>gloria</strong></span> <span class='ocrx_word' id='word_1_129' title='bbox 1112 1443 1252 1511; x_wconf 80' lang='lat' dir='ltr'><strong>regnique</strong></span> <span class='ocrx_word' id='word_1_130' title='bbox 1270 1442 1374 1511; x_wconf 84' lang='lat' dir='ltr'><strong>amplifi-</strong></span> 
     </span>
     <span class='ocr_line' id='line_1_14' title="bbox 248 1526 1375 1598; baseline -0.004 -17"><span class='ocrx_word' id='word_1_131' title='bbox 248 1528 326 1581; x_wconf 90' lang='lat' dir='ltr'><strong>candi</strong></span> <span class='ocrx_word' id='word_1_132' title='bbox 340 1527 432 1580; x_wconf 86' lang='lat' dir='ltr'><strong>studio</strong></span> <span class='ocrx_word' id='word_1_133' title='bbox 450 1526 569 1579; x_wconf 89' lang='lat' dir='ltr'><strong>alienum</strong></span> <span class='ocrx_word' id='word_1_134' title='bbox 580 1526 613 1578; x_wconf 87' lang='lat' dir='ltr'><strong>ad</strong></span> <span class='ocrx_word' id='word_1_135' title='bbox 626 1544 658 1579; x_wconf 86' lang='lat' dir='ltr'><strong>eu</strong></span> <span class='ocrx_word' id='word_1_136' title='bbox 670 1526 763 1597; x_wconf 88' lang='lat' dir='ltr'><strong>potius</strong></span> <span class='ocrx_word' id='word_1_137' title='bbox 779 1543 943 1580; x_wconf 86' lang='lat' dir='ltr'><strong>conversum</strong></span> <span class='ocrx_word' id='word_1_138' title='bbox 962 1527 1050 1579; x_wconf 79' lang='lat' dir='ltr'><strong>fuisse</strong></span> <span class='ocrx_word' id='word_1_139' title='bbox 1065 1527 1191 1593; x_wconf 81' lang='lat' dir='ltr'><strong>noverit,</strong></span> <span class='ocrx_word' id='word_1_140' title='bbox 1215 1545 1288 1598; x_wconf 85' lang='lat' dir='ltr'><strong>quae</strong></span> <span class='ocrx_word' id='word_1_141' title='bbox 1305 1526 1375 1595; x_wconf 79' lang='lat' dir='ltr'><strong>regul</strong></span> 
     </span>
     <span class='ocr_line' id='line_1_15' title="bbox 248 1610 1375 1682; baseline -0.003 -17"><span class='ocrx_word' id='word_1_142' title='bbox 248 1630 344 1665; x_wconf 87' lang='lat' dir='ltr'><strong>recens</strong></span> <span class='ocrx_word' id='word_1_143' title='bbox 360 1612 432 1682; x_wconf 89' lang='lat' dir='ltr'><strong>parti</strong></span> <span class='ocrx_word' id='word_1_144' title='bbox 449 1616 478 1664; x_wconf 90' lang='lat' dir='ltr'><strong>et</strong></span> <span class='ocrx_word' id='word_1_145' title='bbox 494 1618 558 1681; x_wconf 89' lang='lat' dir='ltr'><strong>post</strong></span> <span class='ocrx_word' id='word_1_146' title='bbox 572 1610 670 1664; x_wconf 86' lang='lat' dir='ltr'><strong>multas</strong></span> <span class='ocrx_word' id='word_1_147' title='bbox 683 1611 835 1664; x_wconf 85' lang='lat' dir='ltr'><strong>seditiones</strong></span> <span class='ocrx_word' id='word_1_148' title='bbox 851 1612 939 1681; x_wconf 88' lang='lat' dir='ltr'><strong>pacati</strong></span> <span class='ocrx_word' id='word_1_149' title='bbox 960 1611 1142 1664; x_wconf 88' lang='lat' dir='ltr'><strong>conditionem</strong></span> <span class='ocrx_word' id='word_1_150' title='bbox 1160 1612 1321 1665; x_wconf 70' lang='lat' dir='ltr'><strong>stabilirent</strong></span> <span class='ocrx_word' id='word_1_151' title='bbox 1337 1629 1375 1663; x_wconf 91' lang='lat' dir='ltr'><strong>or-</strong></span> 
     </span>
     <span class='ocr_line' id='line_1_16' title="bbox 247 1695 1377 1769; baseline -0.004 -19"><span class='ocrx_word' id='word_1_152' title='bbox 247 1698 392 1769; x_wconf 89' lang='lat' dir='ltr'><strong>dinemque</strong></span> <span class='ocrx_word' id='word_1_153' title='bbox 408 1703 449 1748; x_wconf 93' lang='lat' dir='ltr'><strong>tot</strong></span> <span class='ocrx_word' id='word_1_154' title='bbox 459 1695 656 1749; x_wconf 77' lang='lat' dir='ltr'><strong>rebellionibus</strong></span> <span class='ocrx_word' id='word_1_155' title='bbox 669 1696 806 1749; x_wconf 91' lang='lat' dir='ltr'><strong>turbatum</strong></span> <span class='ocrx_word' id='word_1_156' title='bbox 821 1704 998 1749; x_wconf 79' lang='lat' dir='ltr'><strong>revocarent:</strong></span> <span class='ocrx_word' id='word_1_157' title='bbox 1016 1697 1065 1747; x_wconf 89' lang='lat' dir='ltr'><strong>hoe</strong></span> <span class='ocrx_word' id='word_1_158' title='bbox 1077 1697 1164 1763; x_wconf 81' lang='lat' dir='ltr'><strong>igitur</strong></span> <span class='ocrx_word' id='word_1_159' title='bbox 1182 1702 1215 1748; x_wconf 90' lang='lat' dir='ltr'><strong>ut</strong></span> <span class='ocrx_word' id='word_1_160' title='bbox 1231 1701 1377 1766; x_wconf 82' lang='lat' dir='ltr'><strong>praestaret</strong></span> 
     </span>
     <span class='ocr_line' id='line_1_17' title="bbox 249 1779 1375 1853; baseline -0.004 -18"><span class='ocrx_word' id='word_1_161' title='bbox 249 1781 384 1853; x_wconf 79' lang='lat' dir='ltr'><strong>regnique</strong></span> <span class='ocrx_word' id='word_1_162' title='bbox 400 1782 470 1834; x_wconf 86' lang='lat' dir='ltr'><strong>lines</strong></span> <span class='ocrx_word' id='word_1_163' title='bbox 486 1779 596 1833; x_wconf 88' lang='lat' dir='ltr'><strong>illaesos</strong></span> <span class='ocrx_word' id='word_1_164' title='bbox 613 1780 640 1833; x_wconf 95' lang='lat' dir='ltr'><strong>in</strong></span> <span class='ocrx_word' id='word_1_165' title='bbox 657 1786 799 1850; x_wconf 91' lang='lat' dir='ltr'><strong>posterum</strong></span> <span class='ocrx_word' id='word_1_166' title='bbox 817 1781 980 1850; x_wconf 83' lang='lat' dir='ltr'><strong>praeberet,</strong></span> <span class='ocrx_word' id='word_1_167' title='bbox 1003 1782 1037 1833; x_wconf 90' lang='lat' dir='ltr'><strong>ad</strong></span> <span class='ocrx_word' id='word_1_168' title='bbox 1052 1781 1256 1850; x_wconf 82' lang='lat' dir='ltr'><strong>expeditionem</strong></span> <span class='ocrx_word' id='word_1_169' title='bbox 1272 1781 1299 1832; x_wconf 93' lang='lat' dir='ltr'><strong>in</strong></span> <span class='ocrx_word' id='word_1_170' title='bbox 1315 1782 1375 1847; x_wconf 83' lang='lat' dir='ltr'><strong>Sey-</strong></span> 
     </span>
     <span class='ocr_line' id='line_1_18' title="bbox 246 1865 1256 1936; baseline -0.002 -17"><span class='ocrx_word' id='word_1_171' title='bbox 246 1867 308 1919; x_wconf 89' lang='lat' dir='ltr'><strong>thas</strong></span> <span class='ocrx_word' id='word_1_172' title='bbox 325 1865 529 1936; x_wconf 82' lang='lat' dir='ltr'><strong>suscipiendam</strong></span> <span class='ocrx_word' id='word_1_173' title='bbox 542 1866 644 1919; x_wconf 88' lang='lat' dir='ltr'><strong>Darius</strong></span> <span class='ocrx_word' id='word_1_174' title='bbox 660 1865 808 1935; x_wconf 87' lang='lat' dir='ltr'><strong>praecipue</strong></span> <span class='ocrx_word' id='word_1_175' title='bbox 824 1866 887 1919; x_wconf 87' lang='lat' dir='ltr'><strong>mihi</strong></span> <span class='ocrx_word' id='word_1_176' title='bbox 901 1865 1036 1919; x_wconf 87' lang='lat' dir='ltr'><strong>adductus</strong></span> <span class='ocrx_word' id='word_1_177' title='bbox 1053 1883 1116 1918; x_wconf 89' lang='lat' dir='ltr'><strong>asse</strong></span> <span class='ocrx_word' id='word_1_178' title='bbox 1132 1866 1256 1918; x_wconf 77' lang='lat' dir='ltr'><strong>ridetur.</strong></span> 
     </span>
    </p>

    <p class='ocr_par' dir='ltr' id='par_1_3' title="bbox 166 1949 1376 3456">
     <span class='ocr_line' id='line_1_19' title="bbox 332 1949 1376 2021; baseline -0.003 -17"><span class='ocrx_word' id='word_1_179' title='bbox 332 1951 408 2004; x_wconf 85' lang='lat' dir='ltr'><strong>Haec</strong></span> <span class='ocrx_word' id='word_1_180' title='bbox 422 1968 489 2003; x_wconf 79' lang='lat' dir='ltr'><strong>vero</strong></span> <span class='ocrx_word' id='word_1_181' title='bbox 504 1950 607 2015; x_wconf 86' lang='lat' dir='ltr'><strong>omnia,</strong></span> <span class='ocrx_word' id='word_1_182' title='bbox 626 1967 697 2021; x_wconf 88' lang='lat' dir='ltr'><strong>quae</strong></span> <span class='ocrx_word' id='word_1_183' title='bbox 712 1949 848 2017; x_wconf 88' lang='lat' dir='ltr'><strong>disserui,</strong></span> <span class='ocrx_word' id='word_1_184' title='bbox 865 1950 945 2003; x_wconf 91' lang='lat' dir='ltr'><strong>simul</strong></span> <span class='ocrx_word' id='word_1_185' title='bbox 960 1950 1132 2019; x_wconf 87' lang='lat' dir='ltr'><strong>respicienda</strong></span> <span class='ocrx_word' id='word_1_186' title='bbox 1149 1968 1214 2003; x_wconf 88' lang='lat' dir='ltr'><strong>esse</strong></span> <span class='ocrx_word' id='word_1_187' title='bbox 1228 1957 1298 2020; x_wconf 91' lang='lat' dir='ltr'><strong>puto</strong></span> <span class='ocrx_word' id='word_1_188' title='bbox 1311 1949 1336 2002; x_wconf 90' lang='lat' dir='ltr'><strong>in</strong></span> <span class='ocrx_word' id='word_1_189' title='bbox 1349 1967 1376 2001; x_wconf 90' lang='lat' dir='ltr'><strong>ea</strong></span> 
     </span>
     <span class='ocr_line' id='line_1_20' title="bbox 248 2034 1376 2110; baseline -0.006 -19"><span class='ocrx_word' id='word_1_190' title='bbox 248 2036 425 2110; x_wconf 85' lang='lat' dir='ltr'><strong>quaestione,</strong></span> <span class='ocrx_word' id='word_1_191' title='bbox 447 2052 518 2106; x_wconf 86' lang='lat' dir='ltr'><strong>qnae</strong></span> <span class='ocrx_word' id='word_1_192' title='bbox 537 2036 570 2088; x_wconf 86' lang='lat' dir='ltr'><strong>ad</strong></span> <span class='ocrx_word' id='word_1_193' title='bbox 587 2043 694 2104; x_wconf 90' lang='lat' dir='ltr'><strong>tempus</strong></span> <span class='ocrx_word' id='word_1_194' title='bbox 714 2034 899 2103; x_wconf 79' lang='lat' dir='ltr'><strong>expeditionis</strong></span> <span class='ocrx_word' id='word_1_195' title='bbox 916 2052 932 2086; x_wconf 90' lang='lat' dir='ltr'><strong>a</strong></span> <span class='ocrx_word' id='word_1_196' title='bbox 950 2035 1034 2086; x_wconf 87' lang='lat' dir='ltr'><strong>Dario</strong></span> <span class='ocrx_word' id='word_1_197' title='bbox 1055 2035 1082 2087; x_wconf 93' lang='lat' dir='ltr'><strong>in</strong></span> <span class='ocrx_word' id='word_1_198' title='bbox 1099 2035 1218 2102; x_wconf 82' lang='lat' dir='ltr'><strong>Scythas</strong></span> <span class='ocrx_word' id='word_1_199' title='bbox 1237 2040 1376 2103; x_wconf 82' lang='lat' dir='ltr'><strong>susceptae</strong></span> 
     </span>
     <span class='ocr_line' id='line_1_21' title="bbox 247 2119 1375 2190; baseline -0.004 -15"><span class='ocrx_word' id='word_1_200' title='bbox 247 2120 468 2175; x_wconf 86' lang='lat' dir='ltr'><strong>constituendum</strong></span> <span class='ocrx_word' id='word_1_201' title='bbox 486 2120 615 2190; x_wconf 90' lang='lat' dir='ltr'><strong>pertinet.</strong></span> <span class='ocrx_word' id='word_1_202' title='bbox 644 2119 753 2182; x_wconf 86' lang='lat' dir='ltr'><strong>Quodsi</strong></span> <span class='ocrx_word' id='word_1_203' title='bbox 769 2119 910 2187; x_wconf 85' lang='lat' dir='ltr'><strong>Babylon,</strong></span> <span class='ocrx_word' id='word_1_204' title='bbox 934 2126 965 2170; x_wconf 91' lang='lat' dir='ltr'><strong>nt</strong></span> <span class='ocrx_word' id='word_1_205' title='bbox 985 2119 1019 2171; x_wconf 84' lang='lat' dir='ltr'><strong>ad</strong></span> <span class='ocrx_word' id='word_1_206' title='bbox 1035 2119 1092 2183; x_wconf 88' lang='grc' dir='ltr'>ΙΙΙ,</span> <span class='ocrx_word' id='word_1_207' title='bbox 1113 2122 1162 2173; x_wconf 82' lang='grc'><strong>151)</strong></span> <span class='ocrx_word' id='word_1_208' title='bbox 1185 2119 1341 2189; x_wconf 88' lang='lat' dir='ltr'><strong>posuimus,</strong></span> <span class='ocrx_word' id='word_1_209' title='bbox 1361 2136 1375 2170; x_wconf 88' lang='lat' dir='ltr'><strong>a</strong></span> 
     </span>
     <span class='ocr_line' id='line_1_22' title="bbox 248 2203 1374 2274; baseline -0.004 -15"><span class='ocrx_word' id='word_1_210' title='bbox 248 2206 332 2259; x_wconf 88' lang='lat' dir='ltr'><strong>Dario</strong></span> <span class='ocrx_word' id='word_1_211' title='bbox 344 2212 424 2274; x_wconf 81' lang='lat' dir='ltr'><strong>captu</strong></span> <span class='ocrx_word' id='word_1_212' title='bbox 438 2210 467 2256; x_wconf 92' lang='lat' dir='ltr'><strong>et</strong></span> <span class='ocrx_word' id='word_1_213' title='bbox 477 2221 550 2257; x_wconf 93' lang='lat' dir='ltr'><strong>anno</strong></span> <span class='ocrx_word' id='word_1_214' title='bbox 561 2207 613 2257; x_wconf 83' lang='grc'><strong>518</strong></span> <span class='ocrx_word' id='word_1_215' title='bbox 628 2209 691 2255; x_wconf 88' lang='lat' dir='ltr'><strong>ante</strong></span> <span class='ocrx_word' id='word_1_216' title='bbox 703 2203 770 2255; x_wconf 87' lang='lat' dir='ltr'><strong>Chr.</strong></span> <span class='ocrx_word' id='word_1_217' title='bbox 783 2220 827 2272; x_wconf 87' lang='grc' dir='ltr'>ιι.,</span> <span class='ocrx_word' id='word_1_218' title='bbox 848 2209 911 2274; x_wconf 86' lang='lat' dir='ltr'><strong>pust</strong></span> <span class='ocrx_word' id='word_1_219' title='bbox 929 2203 1000 2255; x_wconf 90' lang='lat' dir='ltr'><strong>hunc</strong></span> <span class='ocrx_word' id='word_1_220' title='bbox 1021 2210 1095 2256; x_wconf 92' lang='lat' dir='ltr'><strong>certe</strong></span> <span class='ocrx_word' id='word_1_221' title='bbox 1111 2221 1214 2257; x_wconf 80' lang='lat' dir='ltr'><strong>auruum</strong></span> <span class='ocrx_word' id='word_1_222' title='bbox 1232 2203 1374 2273; x_wconf 88' lang='lat' dir='ltr'><strong>expeditio-</strong></span> 
     </span>
     <span class='ocr_line' id='line_1_23' title="bbox 249 2287 1375 2358; baseline -0.005 -14"><span class='ocrx_word' id='word_1_223' title='bbox 249 2308 308 2344; x_wconf 87' lang='lat' dir='ltr'><strong>nem</strong></span> <span class='ocrx_word' id='word_1_224' title='bbox 321 2291 348 2341; x_wconf 90' lang='lat' dir='ltr'><strong>iu</strong></span> <span class='ocrx_word' id='word_1_225' title='bbox 362 2289 480 2356; x_wconf 77' lang='lat' dir='ltr'><strong>Scythas</strong></span> <span class='ocrx_word' id='word_1_226' title='bbox 498 2294 654 2357; x_wconf 88' lang='lat' dir='ltr'><strong>susceptam</strong></span> <span class='ocrx_word' id='word_1_227' title='bbox 674 2306 737 2341; x_wconf 87' lang='lat' dir='ltr'><strong>esse</strong></span> <span class='ocrx_word' id='word_1_228' title='bbox 752 2294 968 2341; x_wconf 87' lang='lat' dir='ltr'><strong>consentaneum</strong></span> <span class='ocrx_word' id='word_1_229' title='bbox 987 2294 1045 2340; x_wconf 85' lang='lat' dir='ltr'><strong>est:</strong></span> <span class='ocrx_word' id='word_1_230' title='bbox 1063 2296 1193 2358; x_wconf 88' lang='lat' dir='ltr'><strong>recteque</strong></span> <span class='ocrx_word' id='word_1_231' title='bbox 1216 2289 1244 2339; x_wconf 90' lang='lat' dir='ltr'><strong>id</strong></span> <span class='ocrx_word' id='word_1_232' title='bbox 1260 2287 1375 2341; x_wconf 86' lang='lat' dir='ltr'><strong>sensisse</strong></span> 
     </span>
     <span class='ocr_line' id='line_1_24' title="bbox 247 2371 1375 2442; baseline -0.007 -14"><span class='ocrx_word' id='word_1_233' title='bbox 247 2372 545 2428; x_wconf 82' lang='lat' dir='ltr'><strong>arbitrorHsusenium</strong></span> <span class='ocrx_word' id='word_1_234' title='bbox 558 2373 730 2442; x_wconf 89' lang='lat' dir='ltr'><strong>(Osteuropa</strong></span> <span class='ocrx_word' id='word_1_235' title='bbox 742 2391 769 2442; x_wconf 93' lang='lat' dir='ltr'><strong>p.</strong></span> <span class='ocrx_word' id='word_1_236' title='bbox 785 2371 858 2439; x_wconf 77' lang='lat' dir='ltr'><strong>luo),</strong></span> <span class='ocrx_word' id='word_1_237' title='bbox 872 2389 931 2426; x_wconf 88' lang='lat' dir='ltr'><strong>cum</strong></span> <span class='ocrx_word' id='word_1_238' title='bbox 943 2371 1143 2442; x_wconf 84' lang='lat' dir='ltr'><strong>expeditionem</strong></span> <span class='ocrx_word' id='word_1_239' title='bbox 1155 2390 1211 2424; x_wconf 94' lang='lat' dir='ltr'><strong>non</strong></span> <span class='ocrx_word' id='word_1_240' title='bbox 1224 2372 1305 2441; x_wconf 85' lang='lat' dir='ltr'><strong>longe</strong></span> <span class='ocrx_word' id='word_1_241' title='bbox 1319 2378 1375 2441; x_wconf 88' lang='lat' dir='ltr'><strong>post</strong></span> 
     </span>
     <span class='ocr_line' id='line_1_25' title="bbox 248 2454 1374 2527; baseline -0.006 -15"><span class='ocrx_word' id='word_1_242' title='bbox 248 2457 415 2527; x_wconf 80' lang='lat' dir='ltr'><strong>Babylonem</strong></span> <span class='ocrx_word' id='word_1_243' title='bbox 428 2464 531 2526; x_wconf 84' lang='lat' dir='ltr'><strong>captam</strong></span> <span class='ocrx_word' id='word_1_244' title='bbox 555 2457 708 2510; x_wconf 87' lang='lat' dir='ltr'><strong>institutam</strong></span> <span class='ocrx_word' id='word_1_245' title='bbox 720 2474 783 2510; x_wconf 88' lang='lat' dir='ltr'><strong>esse</strong></span> <span class='ocrx_word' id='word_1_246' title='bbox 800 2458 1008 2526; x_wconf 84' lang='lat' dir='ltr'><strong>pronuntiaret:</strong></span> <span class='ocrx_word' id='word_1_247' title='bbox 1027 2475 1104 2509; x_wconf 90' lang='lat' dir='ltr'><strong>nemo</strong></span> <span class='ocrx_word' id='word_1_248' title='bbox 1123 2457 1195 2510; x_wconf 90' lang='lat' dir='ltr'><strong>enim</strong></span> <span class='ocrx_word' id='word_1_249' title='bbox 1211 2475 1266 2509; x_wconf 93' lang='lat' dir='ltr'><strong>nou</strong></span> <span class='ocrx_word' id='word_1_250' title='bbox 1283 2454 1374 2508; x_wconf 89' lang='lat' dir='ltr'><strong>iutelli-</strong></span> 
     </span>
     <span class='ocr_line' id='line_1_26' title="bbox 247 2540 1373 2614; baseline -0.005 -17"><span class='ocrx_word' id='word_1_251' title='bbox 247 2544 306 2614; x_wconf 76' lang='lat' dir='ltr'><strong>git,</strong></span> <span class='ocrx_word' id='word_1_252' title='bbox 330 2560 383 2596; x_wconf 94' lang='lat' dir='ltr'><strong>non</strong></span> <span class='ocrx_word' id='word_1_253' title='bbox 401 2542 454 2595; x_wconf 90' lang='lat' dir='ltr'><strong>nisi</strong></span> <span class='ocrx_word' id='word_1_254' title='bbox 470 2548 529 2595; x_wconf 90' lang='lat' dir='ltr'><strong>toto</strong></span> <span class='ocrx_word' id='word_1_255' title='bbox 544 2560 629 2610; x_wconf 82' lang='lat' dir='ltr'><strong>regno</strong></span> <span class='ocrx_word' id='word_1_256' title='bbox 646 2549 741 2612; x_wconf 86' lang='lat' dir='ltr'><strong>pacato</strong></span> <span class='ocrx_word' id='word_1_257' title='bbox 764 2548 793 2595; x_wconf 90' lang='lat' dir='ltr'><strong>et</strong></span> <span class='ocrx_word' id='word_1_258' title='bbox 807 2542 850 2594; x_wconf 85' lang='lat' dir='ltr'><strong>vel</strong></span> <span class='ocrx_word' id='word_1_259' title='bbox 865 2541 900 2595; x_wconf 90' lang='lat' dir='ltr'><strong>iis</strong></span> <span class='ocrx_word' id='word_1_260' title='bbox 916 2540 1131 2609; x_wconf 86' lang='lat' dir='ltr'><strong>rebellionibus,</strong></span> <span class='ocrx_word' id='word_1_261' title='bbox 1155 2558 1226 2614; x_wconf 86' lang='lat' dir='ltr'><strong>quas</strong></span> <span class='ocrx_word' id='word_1_262' title='bbox 1250 2548 1313 2612; x_wconf 90' lang='lat' dir='ltr'><strong>post</strong></span> <span class='ocrx_word' id='word_1_263' title='bbox 1326 2541 1373 2592; x_wconf 87' lang='lat' dir='ltr'><strong>Ba-</strong></span> 
     </span>
     <span class='ocr_line' id='line_1_27' title="bbox 247 2625 1373 2698; baseline -0.007 -15"><span class='ocrx_word' id='word_1_264' title='bbox 247 2629 374 2698; x_wconf 91' lang='lat' dir='ltr'><strong>bylonem</strong></span> <span class='ocrx_word' id='word_1_265' title='bbox 396 2633 501 2698; x_wconf 87' lang='lat' dir='ltr'><strong>captam</strong></span> <span class='ocrx_word' id='word_1_266' title='bbox 517 2635 627 2681; x_wconf 85' lang='lat' dir='ltr'><strong>exortas</strong></span> <span class='ocrx_word' id='word_1_267' title='bbox 645 2644 708 2680; x_wconf 89' lang='lat' dir='ltr'><strong>esse</strong></span> <span class='ocrx_word' id='word_1_268' title='bbox 730 2626 846 2679; x_wconf 80' lang='lat' dir='ltr'><strong>dirimas</strong></span> <span class='ocrx_word' id='word_1_269' title='bbox 862 2626 888 2679; x_wconf 92' lang='lat' dir='ltr'><strong>in</strong></span> <span class='ocrx_word' id='word_1_270' title='bbox 906 2634 975 2679; x_wconf 89' lang='lat' dir='ltr'><strong>nott.</strong></span> <span class='ocrx_word' id='word_1_271' title='bbox 994 2627 1027 2679; x_wconf 88' lang='lat' dir='ltr'><strong>ad</strong></span> <span class='ocrx_word' id='word_1_272' title='bbox 1043 2627 1100 2696; x_wconf 76' lang='grc' dir='ltr'>ΙΙΙ,</span> <span class='ocrx_word' id='word_1_273' title='bbox 1121 2630 1185 2693; x_wconf 76' lang='lat' dir='ltr'><strong>loo,</strong></span> <span class='ocrx_word' id='word_1_274' title='bbox 1207 2625 1373 2696; x_wconf 87' lang='lat' dir='ltr'><strong>compressis,</strong></span> 
     </span>
     <span class='ocr_line' id='line_1_28' title="bbox 248 2710 1373 2784; baseline -0.006 -17"><span class='ocrx_word' id='word_1_275' title='bbox 248 2715 367 2784; x_wconf 86' lang='lat' dir='ltr'><strong>itemque</strong></span> <span class='ocrx_word' id='word_1_276' title='bbox 382 2713 461 2765; x_wconf 81' lang='lat' dir='ltr'><strong>Samo</strong></span> <span class='ocrx_word' id='word_1_277' title='bbox 477 2713 568 2766; x_wconf 89' lang='lat' dir='ltr'><strong>insula</strong></span> <span class='ocrx_word' id='word_1_278' title='bbox 582 2719 662 2782; x_wconf 87' lang='lat' dir='ltr'><strong>capta</strong></span> <span class='ocrx_word' id='word_1_279' title='bbox 675 2710 717 2782; x_wconf 87' lang='lat' dir='ltr'><strong>(id</strong></span> <span class='ocrx_word' id='word_1_280' title='bbox 729 2710 803 2781; x_wconf 88' lang='lat' dir='ltr'><strong>qnod</strong></span> <span class='ocrx_word' id='word_1_281' title='bbox 823 2727 895 2764; x_wconf 91' lang='lat' dir='ltr'><strong>anno</strong></span> <span class='ocrx_word' id='word_1_282' title='bbox 910 2713 995 2764; x_wconf 78' lang='lat' dir='ltr'><strong>terme</strong></span> <span class='ocrx_word' id='word_1_283' title='bbox 1009 2714 1061 2765; x_wconf 82' lang='grc'><strong>516</strong></span> <span class='ocrx_word' id='word_1_284' title='bbox 1075 2717 1139 2763; x_wconf 89' lang='lat' dir='ltr'><strong>ante</strong></span> <span class='ocrx_word' id='word_1_285' title='bbox 1151 2711 1219 2764; x_wconf 80' lang='lat' dir='ltr'><strong>Chr.</strong></span> <span class='ocrx_word' id='word_1_286' title='bbox 1236 2730 1264 2764; x_wconf 94' lang='lat' dir='ltr'><strong>n.</strong></span> <span class='ocrx_word' id='word_1_287' title='bbox 1282 2711 1373 2762; x_wconf 86' lang='lat' dir='ltr'><strong>laetum</strong></span> 
     </span>
     <span class='ocr_line' id='line_1_29' title="bbox 249 2793 1372 2866; baseline -0.007 -16"><span class='ocrx_word' id='word_1_288' title='bbox 249 2799 336 2852; x_wconf 85' lang='lat' dir='ltr'><strong>videri</strong></span> <span class='ocrx_word' id='word_1_289' title='bbox 360 2798 510 2850; x_wconf 87' lang='lat' dir='ltr'><strong>monuimus</strong></span> <span class='ocrx_word' id='word_1_290' title='bbox 526 2798 553 2850; x_wconf 93' lang='lat' dir='ltr'><strong>in</strong></span> <span class='ocrx_word' id='word_1_291' title='bbox 573 2805 643 2849; x_wconf 91' lang='lat' dir='ltr'><strong>nott.</strong></span> <span class='ocrx_word' id='word_1_292' title='bbox 663 2797 698 2848; x_wconf 92' lang='lat' dir='ltr'><strong>ad</strong></span> <span class='ocrx_word' id='word_1_293' title='bbox 720 2795 777 2862; x_wconf 84' lang='grc' dir='ltr'>ΙΙΙ,</span> <span class='ocrx_word' id='word_1_294' title='bbox 803 2798 865 2866; x_wconf 84' lang='grc'><strong>149)</strong></span> <span class='ocrx_word' id='word_1_295' title='bbox 887 2795 1086 2866; x_wconf 84' lang='lat' dir='ltr'><strong>expeditionem</strong></span> <span class='ocrx_word' id='word_1_296' title='bbox 1101 2795 1129 2847; x_wconf 94' lang='lat' dir='ltr'><strong>in</strong></span> <span class='ocrx_word' id='word_1_297' title='bbox 1144 2795 1263 2863; x_wconf 83' lang='lat' dir='ltr'><strong>Scythas</strong></span> <span class='ocrx_word' id='word_1_298' title='bbox 1278 2793 1372 2862; x_wconf 87' lang='lat' dir='ltr'><strong>suscipi</strong></span> 
     </span>
     <span class='ocr_line' id='line_1_30' title="bbox 247 2877 1372 2954; baseline -0.007 -18"><span class='ocrx_word' id='word_1_299' title='bbox 247 2883 387 2954; x_wconf 80' lang='lat' dir='ltr'><strong>potuisse3</strong></span> <span class='ocrx_word' id='word_1_300' title='bbox 405 2899 491 2952; x_wconf 88' lang='lat' dir='ltr'><strong>quare</strong></span> <span class='ocrx_word' id='word_1_301' title='bbox 507 2882 579 2934; x_wconf 84' lang='lat' dir='ltr'><strong>haud</strong></span> <span class='ocrx_word' id='word_1_302' title='bbox 593 2881 776 2947; x_wconf 89' lang='lat' dir='ltr'><strong>intercedam,</strong></span> <span class='ocrx_word' id='word_1_303' title='bbox 798 2879 898 2949; x_wconf 87' lang='lat' dir='ltr'><strong>siquis</strong></span> <span class='ocrx_word' id='word_1_304' title='bbox 918 2897 976 2933; x_wconf 88' lang='lat' dir='ltr'><strong>curu</strong></span> <span class='ocrx_word' id='word_1_305' title='bbox 991 2877 1175 2948; x_wconf 79' lang='lat' dir='ltr'><strong>Dunclrero*)</strong></span> <span class='ocrx_word' id='word_1_306' title='bbox 1190 2880 1269 2932; x_wconf 87' lang='lat' dir='ltr'><strong>Darii</strong></span> <span class='ocrx_word' id='word_1_307' title='bbox 1287 2878 1372 2948; x_wconf 88' lang='lat' dir='ltr'><strong>copias</strong></span> 
     </span>
     <span class='ocr_line' id='line_1_31' title="bbox 247 2962 1372 3034; baseline -0.006 -15"><span class='ocrx_word' id='word_1_308' title='bbox 247 2985 319 3020; x_wconf 88' lang='lat' dir='ltr'><strong>anno</strong></span> <span class='ocrx_word' id='word_1_309' title='bbox 335 2970 386 3019; x_wconf 87' lang='grc'><strong>515</strong></span> <span class='ocrx_word' id='word_1_310' title='bbox 402 2974 466 3019; x_wconf 85' lang='lat' dir='ltr'><strong>ente</strong></span> <span class='ocrx_word' id='word_1_311' title='bbox 482 2966 548 3018; x_wconf 90' lang='lat' dir='ltr'><strong>Chr.</strong></span> <span class='ocrx_word' id='word_1_312' title='bbox 569 2983 596 3019; x_wconf 89' lang='lat' dir='ltr'><strong>n.</strong></span> <span class='ocrx_word' id='word_1_313' title='bbox 614 2966 751 3034; x_wconf 83' lang='lat' dir='ltr'><strong>Europam</strong></span> <span class='ocrx_word' id='word_1_314' title='bbox 767 2963 911 3031; x_wconf 82' lang='lat' dir='ltr'><strong>ingressas</strong></span> <span class='ocrx_word' id='word_1_315' title='bbox 929 2983 992 3018; x_wconf 88' lang='lat' dir='ltr'><strong>esse</strong></span> <span class='ocrx_word' id='word_1_316' title='bbox 1008 2969 1129 3032; x_wconf 86' lang='lat' dir='ltr'><strong>statuat,</strong></span> <span class='ocrx_word' id='word_1_317' title='bbox 1150 2970 1198 3016; x_wconf 88' lang='lat' dir='ltr'><strong>ant</strong></span> <span class='ocrx_word' id='word_1_318' title='bbox 1216 2982 1278 3016; x_wconf 88' lang='lat' dir='ltr'><strong>oum</strong></span> <span class='ocrx_word' id='word_1_319' title='bbox 1293 2962 1372 3029; x_wconf 74' lang='lat' dir='ltr'><strong>Anglo</strong></span> 
     </span>
     <span class='ocr_line' id='line_1_32' title="bbox 248 3047 1371 3118; baseline -0.005 -16"><span class='ocrx_word' id='word_1_320' title='bbox 248 3052 307 3104; x_wconf 89' lang='lat' dir='ltr'><strong>viro</strong></span> <span class='ocrx_word' id='word_1_321' title='bbox 322 3047 459 3116; x_wconf 70' lang='lat' dir='ltr'><strong>docto*⁶)</strong></span> <span class='ocrx_word' id='word_1_322' title='bbox 479 3067 580 3101; x_wconf 84' lang='lat' dir='ltr'><strong>anuum</strong></span> <span class='ocrx_word' id='word_1_323' title='bbox 597 3052 736 3103; x_wconf 85' lang='grc'><strong>516-515</strong></span> <span class='ocrx_word' id='word_1_324' title='bbox 762 3048 824 3101; x_wconf 89' lang='lat' dir='ltr'><strong>huic</strong></span> <span class='ocrx_word' id='word_1_325' title='bbox 841 3049 1010 3118; x_wconf 87' lang='lat' dir='ltr'><strong>expeditioni</strong></span> <span class='ocrx_word' id='word_1_326' title='bbox 1025 3049 1183 3102; x_wconf 86' lang='lat' dir='ltr'><strong>adscribere</strong></span> <span class='ocrx_word' id='word_1_327' title='bbox 1203 3048 1285 3114; x_wconf 89' lang='lat' dir='ltr'><strong>relit,</strong></span> <span class='ocrx_word' id='word_1_328' title='bbox 1301 3063 1371 3117; x_wconf 91' lang='lat' dir='ltr'><strong>quum</strong></span> 
     </span>
     <span class='ocr_line' id='line_1_33' title="bbox 247 3129 1369 3204; baseline -0.004 -17"><span class='ocrx_word' id='word_1_329' title='bbox 247 3134 359 3189; x_wconf 79' lang='lat' dir='ltr'><strong>Schultz</strong></span> <span class='ocrx_word' id='word_1_330' title='bbox 368 3129 432 3198; x_wconf 65' lang='grc'><strong>11*)</strong></span> <span class='ocrx_word' id='word_1_331' title='bbox 452 3133 485 3185; x_wconf 88' lang='lat' dir='ltr'><strong>ad</strong></span> <span class='ocrx_word' id='word_1_332' title='bbox 504 3150 603 3185; x_wconf 83' lang='lat' dir='ltr'><strong>sunum</strong></span> <span class='ocrx_word' id='word_1_333' title='bbox 625 3136 676 3186; x_wconf 84' lang='grc'><strong>513</strong></span> <span class='ocrx_word' id='word_1_334' title='bbox 701 3139 766 3186; x_wconf 86' lang='lat' dir='ltr'><strong>unte</strong></span> <span class='ocrx_word' id='word_1_335' title='bbox 780 3133 846 3186; x_wconf 83' lang='lat' dir='ltr'><strong>Chr.</strong></span> <span class='ocrx_word' id='word_1_336' title='bbox 869 3151 897 3185; x_wconf 90' lang='lat' dir='ltr'><strong>n.</strong></span> <span class='ocrx_word' id='word_1_337' title='bbox 919 3153 943 3187; x_wconf 90' lang='lat' dir='ltr'><strong>s.</strong></span> <span class='ocrx_word' id='word_1_338' title='bbox 961 3133 1071 3204; x_wconf 88' lang='lat' dir='ltr'><strong>Olymp.</strong></span> <span class='ocrx_word' id='word_1_339' title='bbox 1094 3133 1200 3201; x_wconf 78' lang='lat' dir='ltr'><strong>LXVI,</strong></span> <span class='ocrx_word' id='word_1_340' title='bbox 1220 3140 1236 3186; x_wconf 81' lang='lat'>4</span> <span class='ocrx_word' id='word_1_341' title='bbox 1260 3137 1369 3195; x_wconf 78' lang='lat' dir='ltr'><strong>revocat,</strong></span> 
     </span>
     <span class='ocr_line' id='line_1_34' title="bbox 248 3216 1369 3290; baseline -0.004 -19"><span class='ocrx_word' id='word_1_342' title='bbox 248 3236 327 3290; x_wconf 88' lang='lat' dir='ltr'><strong>quem</strong></span> <span class='ocrx_word' id='word_1_343' title='bbox 342 3216 456 3269; x_wconf 90' lang='lat' dir='ltr'><strong>eundem</strong></span> <span class='ocrx_word' id='word_1_344' title='bbox 471 3232 571 3269; x_wconf 89' lang='lat' dir='ltr'><strong>annum</strong></span> <span class='ocrx_word' id='word_1_345' title='bbox 588 3233 661 3268; x_wconf 87' lang='lat' dir='ltr'><strong>nunc</strong></span> <span class='ocrx_word' id='word_1_346' title='bbox 677 3220 763 3270; x_wconf 81' lang='lat' dir='ltr'><strong>refert</strong></span> <span class='ocrx_word' id='word_1_347' title='bbox 776 3217 870 3269; x_wconf 85' lang='lat' dir='ltr'><strong>tabula</strong></span> <span class='ocrx_word' id='word_1_348' title='bbox 885 3217 1078 3286; x_wconf 78' lang='lat' dir='ltr'><strong>chronologica</strong></span> <span class='ocrx_word' id='word_1_349' title='bbox 1090 3218 1208 3286; x_wconf 85' lang='lat' dir='ltr'><strong>Graeca,</strong></span> <span class='ocrx_word' id='word_1_350' title='bbox 1224 3219 1260 3269; x_wconf 85' lang='lat' dir='ltr'><strong>ub</strong></span> <span class='ocrx_word' id='word_1_351' title='bbox 1275 3217 1369 3269; x_wconf 80' lang='lat' dir='ltr'><strong>Hense</strong></span> 
     </span>
     <span class='ocr_line' id='line_1_35' title="bbox 247 3298 1369 3372; baseline -0.004 -17"><span class='ocrx_word' id='word_1_352' title='bbox 247 3303 333 3369; x_wconf 87' lang='lat' dir='ltr'><strong>nio†)</strong></span> <span class='ocrx_word' id='word_1_353' title='bbox 348 3318 437 3370; x_wconf 89' lang='lat' dir='ltr'><strong>nuper</strong></span> <span class='ocrx_word' id='word_1_354' title='bbox 449 3300 600 3370; x_wconf 84' lang='lat' dir='ltr'><strong>publicata,</strong></span> <span class='ocrx_word' id='word_1_355' title='bbox 613 3302 639 3352; x_wconf 89' lang='lat' dir='ltr'><strong>in</strong></span> <span class='ocrx_word' id='word_1_356' title='bbox 657 3319 712 3371; x_wconf 84' lang='lat' dir='ltr'><strong>qua</strong></span> <span class='ocrx_word' id='word_1_357' title='bbox 727 3302 865 3372; x_wconf 83' lang='lat' dir='ltr'><strong>expeditio</strong></span> <span class='ocrx_word' id='word_1_358' title='bbox 881 3302 947 3355; x_wconf 87' lang='lat' dir='ltr'><strong>haec</strong></span> <span class='ocrx_word' id='word_1_359' title='bbox 962 3302 1038 3356; x_wconf 86' lang='lat' dir='ltr'><strong>Darii</strong></span> <span class='ocrx_word' id='word_1_360' title='bbox 1057 3301 1150 3355; x_wconf 92' lang='lat' dir='ltr'><strong>eodem</strong></span> <span class='ocrx_word' id='word_1_361' title='bbox 1165 3309 1286 3372; x_wconf 83' lang='lat' dir='ltr'><strong>tempore</strong></span> <span class='ocrx_word' id='word_1_362' title='bbox 1299 3298 1369 3352; x_wconf 90' lang='lat' dir='ltr'><strong>insti·</strong></span> 
     </span>
     <span class='ocr_line' id='line_1_36' title="bbox 166 3386 1370 3456; baseline -0.002 -17"><span class='ocrx_word' id='word_1_363' title='bbox 166 3398 169 3404; x_wconf 88' lang='lat'>&#39;</span> <span class='ocrx_word' id='word_1_364' title='bbox 246 3394 307 3441; x_wconf 88' lang='lat' dir='ltr'><strong>tuta</strong></span> <span class='ocrx_word' id='word_1_365' title='bbox 327 3386 444 3452; x_wconf 85' lang='lat' dir='ltr'><strong>dicitur,</strong></span> <span class='ocrx_word' id='word_1_366' title='bbox 465 3403 520 3455; x_wconf 85' lang='lat' dir='ltr'><strong>quo</strong></span> <span class='ocrx_word' id='word_1_367' title='bbox 536 3387 712 3456; x_wconf 83' lang='lat' dir='ltr'><strong>Hipparchus</strong></span> <span class='ocrx_word' id='word_1_368' title='bbox 733 3387 767 3439; x_wconf 84' lang='lat' dir='ltr'><strong>ab</strong></span> <span class='ocrx_word' id='word_1_369' title='bbox 782 3387 931 3440; x_wconf 85' lang='lat' dir='ltr'><strong>Harmodio</strong></span> <span class='ocrx_word' id='word_1_370' title='bbox 954 3392 982 3440; x_wconf 90' lang='lat' dir='ltr'><strong>et</strong></span> <span class='ocrx_word' id='word_1_371' title='bbox 1000 3386 1190 3455; x_wconf 78' lang='lat' dir='ltr'><strong>Aristogitone</strong></span> <span class='ocrx_word' id='word_1_372' title='bbox 1208 3386 1319 3440; x_wconf 80' lang='lat' dir='ltr'><strong>Athenis</strong></span> <span class='ocrx_word' id='word_1_373' title='bbox 1334 3389 1370 3436; x_wconf 88' lang='lat' dir='ltr'><strong>est</strong></span> 
     </span>
    </p>

    <p class='ocr_par' dir='ltr' id='par_1_4' title="bbox 247 3486 1172 3527">
     <span class='ocr_line' id='line_1_37' title="bbox 247 3486 1172 3527; baseline -0.004 -1"><span class='ocrx_word' id='word_1_374' title='bbox 247 3489 365 3527; x_wconf 70' lang='lat' dir='ltr'><strong>occisus.</strong></span> <span class='ocrx_word' id='word_1_375' title='bbox 1166 3486 1172 3496; x_wconf 90' lang='lat'><strong>·</strong></span> 
     </span>
    </p>
   </div>
   <div class='ocr_carea' id='block_1_3' title="bbox 246 3633 1365 3978">
    <p class='ocr_par' dir='ltr' id='par_1_5' title="bbox 316 3633 923 3756">
     <span class='ocr_line' id='line_1_38' title="bbox 316 3633 923 3756; baseline 0.002 -71"><span class='ocrx_word' id='word_1_376' title='bbox 316 3635 348 3739; x_wconf 59' lang='lat'><strong>2</strong></span> <span class='ocrx_word' id='word_1_377' title='bbox 363 3635 526 3755; x_wconf 50' lang='lat' dir='ltr'><strong>Ggacpiclpgp</strong></span> <span class='ocrx_word' id='word_1_378' title='bbox 538 3635 564 3753; x_wconf 57' lang='lat' dir='ltr'><strong>p.</strong></span> <span class='ocrx_word' id='word_1_379' title='bbox 579 3633 695 3756; x_wconf 59' lang='lat' dir='ltr'><strong>Altefrgr.</strong></span> <span class='ocrx_word' id='word_1_380' title='bbox 709 3635 747 3686; x_wconf 89' lang='grc' dir='ltr'><strong>ΙΙ.</strong></span> <span class='ocrx_word' id='word_1_381' title='bbox 761 3650 808 3754; x_wconf 63' lang='lat' dir='ltr'><strong>ppv</strong></span> <span class='ocrx_word' id='word_1_382' title='bbox 803 3634 863 3687; x_wconf 84' lang='grc'><strong>573.</strong></span> <span class='ocrx_word' id='word_1_383' title='bbox 876 3704 923 3756; x_wconf 52' lang='grc' dir='ltr'><em>Ἦ</em></span> 
     </span>
    </p>

    <p class='ocr_par' dir='ltr' id='par_1_6' title="bbox 317 3705 935 3839">
     <span class='ocr_line' id='line_1_39' title="bbox 317 3705 935 3839; baseline 0.002 -15"><span class='ocrx_word' id='word_1_384' title='bbox 317 3705 379 3836; x_wconf 72' lang='grc'>**)*)</span> <span class='ocrx_word' id='word_1_385' title='bbox 399 3721 474 3825; x_wconf 65' lang='lat' dir='ltr'><strong>hiel.</strong></span> <span class='ocrx_word' id='word_1_386' title='bbox 486 3720 821 3839; x_wconf 50' lang='lat' dir='ltr'><strong>philotlbh.⁰Stuldibirepap.</strong></span> <span class='ocrx_word' id='word_1_387' title='bbox 831 3720 897 3825; x_wconf 71' lang='lat' dir='ltr'><strong>¹illd.</strong></span> <span class='ocrx_word' id='word_1_388' title='bbox 929 3742 935 3753; x_wconf 89' lang='lat'><strong>·</strong></span> 
     </span>
    </p>

    <p class='ocr_par' dir='ltr' id='par_1_7' title="bbox 246 3837 1365 3978">
     <span class='ocr_line' id='line_1_40' title="bbox 315 3837 1365 3908; baseline -0.002 -17"><span class='ocrx_word' id='word_1_389' title='bbox 315 3845 346 3906; x_wconf 78' lang='lat'><strong>†)</strong></span> <span class='ocrx_word' id='word_1_390' title='bbox 363 3842 425 3894; x_wconf 83' lang='lat' dir='ltr'><strong>vid.</strong></span> <span class='ocrx_word' id='word_1_391' title='bbox 439 3843 537 3894; x_wconf 87' lang='lat' dir='ltr'><strong>Bullet.</strong></span> <span class='ocrx_word' id='word_1_392' title='bbox 558 3843 711 3907; x_wconf 78' lang='lat' dir='ltr'><strong>archoolog.</strong></span> <span class='ocrx_word' id='word_1_393' title='bbox 729 3842 802 3897; x_wconf 83' lang='grc'><strong>1843,</strong></span> <span class='ocrx_word' id='word_1_394' title='bbox 825 3859 851 3908; x_wconf 87' lang='grc' dir='ltr'><strong>ρ.</strong></span> <span class='ocrx_word' id='word_1_395' title='bbox 868 3842 911 3892; x_wconf 79' lang='lat'><strong>82.</strong></span> <span class='ocrx_word' id='word_1_396' title='bbox 929 3843 987 3893; x_wconf 82' lang='grc'><strong>1111.</strong></span> <span class='ocrx_word' id='word_1_397' title='bbox 1011 3844 1082 3896; x_wconf 85' lang='lat' dir='ltr'><strong>Mus.</strong></span> <span class='ocrx_word' id='word_1_398' title='bbox 1094 3842 1218 3896; x_wconf 84' lang='lat' dir='ltr'><strong>Rheuau.</strong></span> <span class='ocrx_word' id='word_1_399' title='bbox 1236 3844 1270 3893; x_wconf 87' lang='lat' dir='ltr'><strong>N.</strong></span> <span class='ocrx_word' id='word_1_400' title='bbox 1282 3843 1311 3893; x_wconf 80' lang='lat' dir='ltr'><strong>F.</strong></span> <span class='ocrx_word' id='word_1_401' title='bbox 1325 3837 1365 3888; x_wconf 82' lang='lat' dir='ltr'><strong>lx.</strong></span> 
     </span>
     <span class='ocr_line' id='line_1_41' title="bbox 246 3911 1365 3978; baseline 0 -16"><span class='ocrx_word' id='word_1_402' title='bbox 246 3929 272 3976; x_wconf 89' lang='lat' dir='ltr'><strong>p.</strong></span> <span class='ocrx_word' id='word_1_403' title='bbox 289 3913 335 3963; x_wconf 79' lang='lat' dir='ltr'><strong>lot</strong></span> <span class='ocrx_word' id='word_1_404' title='bbox 351 3929 427 3977; x_wconf 87' lang='lat' dir='ltr'><strong>seqq.</strong></span> <span class='ocrx_word' id='word_1_405' title='bbox 451 3912 530 3963; x_wconf 88' lang='lat' dir='ltr'><strong>Unde</strong></span> <span class='ocrx_word' id='word_1_406' title='bbox 544 3913 653 3962; x_wconf 78' lang='lat' dir='ltr'><strong>translit</strong></span> <span class='ocrx_word' id='word_1_407' title='bbox 665 3911 759 3963; x_wconf 87' lang='lat' dir='ltr'><strong>tabula</strong></span> <span class='ocrx_word' id='word_1_408' title='bbox 778 3914 806 3962; x_wconf 89' lang='lat' dir='ltr'><strong>iu</strong></span> <span class='ocrx_word' id='word_1_409' title='bbox 819 3913 900 3978; x_wconf 86' lang='lat' dir='ltr'><strong>Corp.</strong></span> <span class='ocrx_word' id='word_1_410' title='bbox 913 3912 1055 3977; x_wconf 83' lang='lat' dir='ltr'><strong>Inscriptt.</strong></span> <span class='ocrx_word' id='word_1_411' title='bbox 1070 3913 1184 3964; x_wconf 82' lang='lat' dir='ltr'><strong>Graeco.</strong></span> <span class='ocrx_word' id='word_1_412' title='bbox 1198 3912 1259 3964; x_wconf 86' lang='lat' dir='ltr'><strong>Vol.</strong></span> <span class='ocrx_word' id='word_1_413' title='bbox 1274 3913 1316 3963; x_wconf 91' lang='lat' dir='ltr'><strong>lv.</strong></span> <span class='ocrx_word' id='word_1_414' title='bbox 1332 3922 1365 3957; x_wconf 83' lang='lat' dir='ltr'><strong>ur·</strong></span> 
     </span>
    </p>
   </div>
   <div class='ocr_carea' id='block_1_4' title="bbox 246 3979 635 4047">
    <p class='ocr_par' dir='ltr' id='par_1_8' title="bbox 246 3979 635 4047">
     <span class='ocr_line' id='line_1_42' title="bbox 246 3979 635 4047; baseline 0.008 -15"><span class='ocrx_word' id='word_1_415' title='bbox 246 3979 323 4032; x_wconf 75' lang='lat' dir='ltr'><strong>aaut.</strong></span> <span class='ocrx_word' id='word_1_416' title='bbox 339 3981 365 4032; x_wconf 90' lang='lat' dir='ltr'><strong>d.</strong></span> <span class='ocrx_word' id='word_1_417' title='bbox 377 3997 439 4047; x_wconf 76' lang='lat' dir='ltr'><strong>pag.</strong></span> <span class='ocrx_word' id='word_1_418' title='bbox 457 3982 488 4033; x_wconf 76' lang='lat' dir='ltr'><strong>lt}</strong></span> <span class='ocrx_word' id='word_1_419' title='bbox 500 3996 575 4047; x_wconf 87' lang='lat' dir='ltr'><strong>seqq.</strong></span> <span class='ocrx_word' id='word_1_420' title='bbox 593 3982 635 4035; x_wconf 78' lang='lat'><strong>19.</strong></span> 
     </span>
    </p>
   </div>
   <div class='ocr_carea' id='block_1_5' title="bbox 0 0 1526 5125">
    <p class='ocr_par' dir='ltr' id='par_1_9' title="bbox 0 0 1526 5125">
     <span class='ocr_line' id='line_1_43' title="bbox 0 0 1526 5125; baseline 0 0"><span class='ocrx_word' id='word_1_421' title='bbox 0 0 1526 5125; x_wconf 95' lang='lat' dir='ltr'><strong> </strong></span> 
     </span>
    </p>
   </div>
  </div>
 </body>
</html>
