<?xml version="1.0" encoding="UTF-8"?>
<!DOCTYPE html PUBLIC "-//W3C//DTD XHTML 1.0 Transitional//EN"
    "http://www.w3.org/TR/xhtml1/DTD/xhtml1-transitional.dtd">
<html xmlns="http://www.w3.org/1999/xhtml" xml:lang="en" lang="en">
 <head>
  <title>
</title>
<meta http-equiv="Content-Type" content="text/html;charset=utf-8" />
  <meta name='ocr-system' content='tesseract 3.04.00' />
  <meta name='ocr-capabilities' content='ocr_page ocr_carea ocr_par ocr_line ocrx_word'/>
</head>
<body>
  <div class='ocr_page' id='page_1' title='image "./herodotihalicar00unkngoog/herodotihalicar00unkngoog_0261.png"; bbox 0 0 3042 5125; ppageno 0'>
   <div class='ocr_carea' id='block_1_1' title="bbox 477 391 1272 464">
    <p class='ocr_par' dir='ltr' id='par_1_1' title="bbox 477 391 1272 464">
     <span class='ocr_line' id='line_1_1' title="bbox 477 391 1272 464; baseline -0.003 -2"><span class='ocrx_word' id='word_1_1' title='bbox 477 395 682 463; x_wconf 69' lang='lat' dir='ltr'>unable.</span> <span class='ocrx_word' id='word_1_2' title='bbox 704 395 764 461; x_wconf 87' lang='lat'>111.</span> <span class='ocrx_word' id='word_1_3' title='bbox 788 405 850 464; x_wconf 73' lang='lat'>126.</span> <span class='ocrx_word' id='word_1_4' title='bbox 870 403 930 464; x_wconf 76' lang='lat'>12⁷.</span> <span class='ocrx_word' id='word_1_5' title='bbox 1209 391 1272 460; x_wconf 80' lang='lat'>243</span> 
     </span>
    </p>
   </div>
   <div class='ocr_carea' id='block_1_2' title="bbox 149 586 1338 1515">
    <p class='ocr_par' dir='ltr' id='par_1_2' title="bbox 149 586 1338 1515">
     <span class='ocr_line' id='line_1_2' title="bbox 153 586 1276 682; baseline 0.001 -21"><span class='ocrx_word' id='word_1_6' title='bbox 153 589 187 661; x_wconf 83' lang='grc' dir='ltr'>τά</span> <span class='ocrx_word' id='word_1_7' title='bbox 208 587 443 681; x_wconf 76' lang='grc' dir='ltr'><strong><em>άμγείίόμενα,</em></strong></span> <span class='ocrx_word' id='word_1_8' title='bbox 470 600 593 663; x_wconf 82' lang='grc' dir='ltr'><strong><em>κτείνει</em></strong></span> <span class='ocrx_word' id='word_1_9' title='bbox 619 620 678 682; x_wconf 90' lang='grc' dir='ltr'>μιν</span> <span class='ocrx_word' id='word_1_10' title='bbox 698 587 806 662; x_wconf 79' lang='grc' dir='ltr'><strong><em>ὀπίσω</em></strong></span> <span class='ocrx_word' id='word_1_11' title='bbox 827 588 1066 680; x_wconf 72' lang='grc' dir='ltr'><strong><em>νομιζόμενον,</em></strong></span> <span class='ocrx_word' id='word_1_12' title='bbox 1092 586 1218 680; x_wconf 74' lang='grc' dir='ltr'><strong><em>ἄνδρας</em></strong></span> <span class='ocrx_word' id='word_1_13' title='bbox 1240 598 1276 662; x_wconf 86' lang='lat' dir='ltr'>of</span> 
     </span>
     <span class='ocr_line' id='line_1_3' title="bbox 152 689 1270 789; baseline -0.001 -23"><span class='ocrx_word' id='word_1_14' title='bbox 152 691 276 776; x_wconf 77' lang='grc' dir='ltr'><strong><em>ὑπείσας</em></strong></span> <span class='ocrx_word' id='word_1_15' title='bbox 299 693 373 765; x_wconf 83' lang='grc' dir='ltr'><strong><em>κατ’</em></strong></span> <span class='ocrx_word' id='word_1_16' title='bbox 394 692 491 765; x_wconf 72' lang='grc' dir='ltr'><em>ὁδόν</em></span> <span class='ocrx_word' id='word_1_17' title='bbox 530 693 730 777; x_wconf 75' lang='grc' dir='ltr'><strong><em>ἀποκτείνας</em></strong></span> <span class='ocrx_word' id='word_1_18' title='bbox 758 699 875 785; x_wconf 76' lang='grc' dir='ltr'><em>θέμιν</em></span> <span class='ocrx_word' id='word_1_19' title='bbox 892 691 1036 784; x_wconf 76' lang='grc' dir='ltr'><em>ἠφάνισε</em></span> <span class='ocrx_word' id='word_1_20' title='bbox 1057 689 1150 786; x_wconf 75' lang='grc' dir='ltr'><strong><em>αὐτῷ</em></strong></span> <span class='ocrx_word' id='word_1_21' title='bbox 1167 700 1270 789; x_wconf 68' lang='lat' dir='ltr'>lamp.</span> 
     </span>
     <span class='ocr_line' id='line_1_4' title="bbox 153 794 1338 890; baseline 0.001 -22"><span class='ocrx_word' id='word_1_22' title='bbox 153 810 281 886; x_wconf 78' lang='grc' dir='ltr'><strong><em>Δαρεῖος</em></strong></span> <span class='ocrx_word' id='word_1_23' title='bbox 299 800 335 868; x_wconf 80' lang='lat' dir='ltr'>dl</span> <span class='ocrx_word' id='word_1_24' title='bbox 356 794 401 881; x_wconf 69' lang='lat' dir='ltr'>ein</span> <span class='ocrx_word' id='word_1_25' title='bbox 421 807 494 889; x_wconf 77' lang='grc' dir='ltr'><strong><em>ἔσχε</em></strong></span> <span class='ocrx_word' id='word_1_26' title='bbox 517 799 579 890; x_wconf 80' lang='grc' dir='ltr'>τὴν</span> <span class='ocrx_word' id='word_1_27' title='bbox 599 796 720 889; x_wconf 74' lang='grc' dir='ltr'><strong><em>ἀρχὴν,</em></strong></span> <span class='ocrx_word' id='word_1_28' title='bbox 750 796 917 887; x_wconf 78' lang='grc' dir='ltr'>ἐπεθύμεε</span> <span class='ocrx_word' id='word_1_29' title='bbox 935 795 995 867; x_wconf 85' lang='grc' dir='ltr'>τὸν</span> <span class='ocrx_word' id='word_1_30' title='bbox 1013 795 1159 887; x_wconf 78' lang='grc' dir='ltr'><strong><em>Ὀροίτεα</em></strong></span> <span class='ocrx_word' id='word_1_31' title='bbox 1176 806 1267 869; x_wconf 85' lang='grc' dir='ltr'><strong><em>τίσα-</em></strong></span> <span class='ocrx_word' id='word_1_32' title='bbox 1280 807 1338 882; x_wconf 80' lang='lat'>127</span> 
     </span>
     <span class='ocr_line' id='line_1_5' title="bbox 151 901 1271 993; baseline -0.001 -20"><span class='ocrx_word' id='word_1_33' title='bbox 151 913 238 989; x_wconf 84' lang='grc' dir='ltr'><strong><em>σθαι,</em></strong></span> <span class='ocrx_word' id='word_1_34' title='bbox 259 901 393 973; x_wconf 86' lang='grc' dir='ltr'><em>πάντων</em></span> <span class='ocrx_word' id='word_1_35' title='bbox 407 931 443 973; x_wconf 88' lang='grc' dir='ltr'><strong><em>τε</em></strong></span> <span class='ocrx_word' id='word_1_36' title='bbox 457 909 525 973; x_wconf 77' lang='grc' dir='ltr'>τῶν</span> <span class='ocrx_word' id='word_1_37' title='bbox 538 901 751 993; x_wconf 77' lang='grc' dir='ltr'><em>ἀδικημάτων</em></span> <span class='ocrx_word' id='word_1_38' title='bbox 770 909 900 973; x_wconf 75' lang='grc' dir='ltr'><strong><em>εἵνεκεν</em></strong></span> <span class='ocrx_word' id='word_1_39' title='bbox 913 904 969 972; x_wconf 80' lang='grc' dir='ltr'><strong><em>καί</em></strong></span> <span class='ocrx_word' id='word_1_40' title='bbox 987 901 1129 992; x_wconf 78' lang='grc' dir='ltr'><em>μάλιστα</em></span> <span class='ocrx_word' id='word_1_41' title='bbox 1142 911 1271 992; x_wconf 88' lang='grc' dir='ltr'><strong><em>Μιτρο-</em></strong></span> 
     </span>
     <span class='ocr_line' id='line_1_6' title="bbox 151 1003 1273 1096; baseline 0.002 -21"><span class='ocrx_word' id='word_1_42' title='bbox 151 1005 246 1095; x_wconf 65' lang='lat' dir='ltr'>disee</span> <span class='ocrx_word' id='word_1_43' title='bbox 259 1009 389 1078; x_wconf 79' lang='grc' dir='ltr'><strong><em>καὶτοῦ</em></strong></span> <span class='ocrx_word' id='word_1_44' title='bbox 401 1006 529 1089; x_wconf 74' lang='grc' dir='ltr'>παιδός.</span> <span class='ocrx_word' id='word_1_45' title='bbox 562 1012 599 1077; x_wconf 80' lang='grc' dir='ltr'>ἐκ</span> <span class='ocrx_word' id='word_1_46' title='bbox 615 1007 678 1096; x_wconf 74' lang='grc' dir='ltr'>μὲν</span> <span class='ocrx_word' id='word_1_47' title='bbox 692 1005 734 1096; x_wconf 79' lang='grc' dir='ltr'>δὴ</span> <span class='ocrx_word' id='word_1_48' title='bbox 747 1011 804 1096; x_wconf 77' lang='grc' dir='ltr'>τῆς</span> <span class='ocrx_word' id='word_1_49' title='bbox 817 1013 927 1096; x_wconf 77' lang='grc' dir='ltr'><strong><em>ἰθείης</em></strong></span> <span class='ocrx_word' id='word_1_50' title='bbox 940 1003 1083 1094; x_wconf 78' lang='grc' dir='ltr'><strong><em>στρατὸν</em></strong></span> <span class='ocrx_word' id='word_1_51' title='bbox 1096 1003 1152 1075; x_wconf 75' lang='grc' dir='ltr'>ἐπ’</span> <span class='ocrx_word' id='word_1_52' title='bbox 1169 1004 1273 1077; x_wconf 82' lang='grc' dir='ltr'><strong><em>αὐτὸν</em></strong></span> 
     </span>
     <span class='ocr_line' id='line_1_7' title="bbox 151 1106 1272 1201; baseline 0.004 -23"><span class='ocrx_word' id='word_1_53' title='bbox 151 1106 204 1179; x_wconf 77' lang='grc' dir='ltr'>οὖν</span> <span class='ocrx_word' id='word_1_54' title='bbox 217 1108 325 1181; x_wconf 80' lang='grc' dir='ltr'><strong><em>εἰΙόαεε</em></strong></span> <span class='ocrx_word' id='word_1_55' title='bbox 340 1115 502 1201; x_wconf 79' lang='grc' dir='ltr'><em>πέμπειν,</em></span> <span class='ocrx_word' id='word_1_56' title='bbox 516 1108 574 1181; x_wconf 78' lang='grc' dir='ltr'><strong><em>ἅτε</em></strong></span> <span class='ocrx_word' id='word_1_57' title='bbox 589 1116 624 1180; x_wconf 83' lang='lat' dir='ltr'>of</span> <span class='ocrx_word' id='word_1_58' title='bbox 633 1110 815 1182; x_wconf 74' lang='grc' dir='ltr'><em>οἰδεόντων</em></span> <span class='ocrx_word' id='word_1_59' title='bbox 827 1117 876 1181; x_wconf 78' lang='grc' dir='ltr'>ἔτι</span> <span class='ocrx_word' id='word_1_60' title='bbox 891 1114 960 1179; x_wconf 72' lang='grc' dir='ltr'><strong><em>ταῖν</em></strong></span> <span class='ocrx_word' id='word_1_61' title='bbox 974 1106 1194 1200; x_wconf 79' lang='grc' dir='ltr'><em>πρηγμάτων,</em></span> <span class='ocrx_word' id='word_1_62' title='bbox 1217 1115 1272 1182; x_wconf 82' lang='grc' dir='ltr'>καὶ</span> 
     </span>
     <span class='ocr_line' id='line_1_8' title="bbox 150 1212 1274 1305; baseline 0.003 -22"><span class='ocrx_word' id='word_1_63' title='bbox 150 1215 257 1283; x_wconf 77' lang='grc' dir='ltr'><strong><em>νεωστί</em></strong></span> <span class='ocrx_word' id='word_1_64' title='bbox 275 1222 362 1302; x_wconf 78' lang='grc' dir='ltr'><em>ἔχων</em></span> <span class='ocrx_word' id='word_1_65' title='bbox 381 1214 443 1304; x_wconf 81' lang='grc' dir='ltr'>τὴν</span> <span class='ocrx_word' id='word_1_66' title='bbox 462 1213 586 1305; x_wconf 76' lang='grc' dir='ltr'><strong><em>ἀρχὴν,</em></strong></span> <span class='ocrx_word' id='word_1_67' title='bbox 610 1212 740 1285; x_wconf 77' lang='grc' dir='ltr'><strong><em>καὶτὸν</em></strong></span> <span class='ocrx_word' id='word_1_68' title='bbox 758 1212 904 1302; x_wconf 82' lang='grc' dir='ltr'><strong><em>Ὀροίτεα</em></strong></span> <span class='ocrx_word' id='word_1_69' title='bbox 923 1214 1072 1303; x_wconf 77' lang='grc' dir='ltr'><em>μεγάλην</em></span> <span class='ocrx_word' id='word_1_70' title='bbox 1092 1213 1154 1304; x_wconf 80' lang='grc' dir='ltr'>τὴν</span> <span class='ocrx_word' id='word_1_71' title='bbox 1175 1214 1274 1304; x_wconf 73' lang='grc' dir='ltr'><em>ἰσχὺν</em></span> 
     </span>
     <span class='ocr_line' id='line_1_9' title="bbox 149 1316 1272 1410; baseline 0.003 -24"><span class='ocrx_word' id='word_1_72' title='bbox 149 1319 394 1408; x_wconf 86' lang='grc' dir='ltr'><strong><em>πυνθανόμενος</em></strong></span> <span class='ocrx_word' id='word_1_73' title='bbox 418 1326 524 1408; x_wconf 80' lang='grc' dir='ltr'><strong><em>ἔχειν,</em></strong></span> <span class='ocrx_word' id='word_1_74' title='bbox 552 1316 612 1388; x_wconf 81' lang='grc' dir='ltr'>τὸν</span> <span class='ocrx_word' id='word_1_75' title='bbox 640 1326 740 1407; x_wconf 77' lang='grc' dir='ltr'><strong><em>χίλιοι</em></strong></span> <span class='ocrx_word' id='word_1_76' title='bbox 767 1318 830 1408; x_wconf 75' lang='grc' dir='ltr'>μὲν</span> <span class='ocrx_word' id='word_1_77' title='bbox 850 1321 1011 1407; x_wconf 80' lang='grc' dir='ltr'><strong><em>Περαίων</em></strong></span> <span class='ocrx_word' id='word_1_78' title='bbox 1033 1318 1272 1410; x_wconf 77' lang='grc' dir='ltr'>ἐδορυφόρεον,</span> 
     </span>
     <span class='ocr_line' id='line_1_10' title="bbox 149 1418 1273 1515; baseline 0.002 -24"><span class='ocrx_word' id='word_1_79' title='bbox 149 1420 207 1510; x_wconf 69' lang='grc' dir='ltr'><strong><em>εἶχε</em></strong></span> <span class='ocrx_word' id='word_1_80' title='bbox 225 1421 261 1490; x_wconf 71' lang='grc' dir='ltr'>δὲ</span> <span class='ocrx_word' id='word_1_81' title='bbox 275 1420 381 1512; x_wconf 84' lang='grc' dir='ltr'><strong><em>νομὸν</em></strong></span> <span class='ocrx_word' id='word_1_82' title='bbox 395 1421 454 1492; x_wconf 90' lang='grc' dir='ltr'>τόν</span> <span class='ocrx_word' id='word_1_83' title='bbox 468 1449 503 1492; x_wconf 91' lang='grc' dir='ltr'><strong><em>τε</em></strong></span> <span class='ocrx_word' id='word_1_84' title='bbox 519 1420 670 1512; x_wconf 76' lang='grc' dir='ltr'>Φρύγιον</span> <span class='ocrx_word' id='word_1_85' title='bbox 687 1423 745 1494; x_wconf 77' lang='grc' dir='ltr'><strong><em>καί</em></strong></span> <span class='ocrx_word' id='word_1_86' title='bbox 757 1420 887 1492; x_wconf 79' lang='grc' dir='ltr'><strong><em>Λύδιον</em></strong></span> <span class='ocrx_word' id='word_1_87' title='bbox 908 1423 965 1491; x_wconf 81' lang='grc' dir='ltr'><strong><em>καί</em></strong></span> <span class='ocrx_word' id='word_1_88' title='bbox 980 1418 1136 1492; x_wconf 82' lang='grc' dir='ltr'><em>Ἰωνικόν.</em></span> <span class='ocrx_word' id='word_1_89' title='bbox 1179 1422 1273 1515; x_wconf 87' lang='grc' dir='ltr'><strong><em>Πρὸς</em></strong></span> 
     </span>
    </p>
   </div>
   <div class='ocr_carea' id='block_1_3' title="bbox 142 1611 1353 4550">
    <p class='ocr_par' dir='ltr' id='par_1_3' title="bbox 142 1611 1353 4550">
     <span class='ocr_line' id='line_1_11' title="bbox 176 1611 1269 1693; baseline 0.004 -19"><span class='ocrx_word' id='word_1_90' title='bbox 176 1611 278 1693; x_wconf 76' lang='grc' dir='ltr'><strong><em>ἄνδρας</em></strong></span> <span class='ocrx_word' id='word_1_91' title='bbox 287 1615 319 1674; x_wconf 76' lang='grc' dir='ltr'>οἷ</span> <span class='ocrx_word' id='word_1_92' title='bbox 331 1613 463 1690; x_wconf 73' lang='grc' dir='ltr'><strong><em>ὑπείσας]</em></strong></span> <span class='ocrx_word' id='word_1_93' title='bbox 474 1624 493 1674; x_wconf 87' lang='lat' dir='ltr'>i.</span> <span class='ocrx_word' id='word_1_94' title='bbox 505 1639 529 1675; x_wconf 93' lang='lat' dir='ltr'>e.</span> <span class='ocrx_word' id='word_1_95' title='bbox 543 1626 613 1677; x_wconf 81' lang='lat' dir='ltr'>uiros</span> <span class='ocrx_word' id='word_1_96' title='bbox 621 1625 681 1675; x_wconf 81' lang='lat' dir='ltr'>rub·</span> <span class='ocrx_word' id='word_1_97' title='bbox 731 1624 906 1690; x_wconf 76' lang='lat' dir='ltr'>participium</span> <span class='ocrx_word' id='word_1_98' title='bbox 918 1623 947 1674; x_wconf 89' lang='lat' dir='ltr'>in</span> <span class='ocrx_word' id='word_1_99' title='bbox 960 1625 1128 1677; x_wconf 83' lang='lat' dir='ltr'>nominativo</span> <span class='ocrx_word' id='word_1_100' title='bbox 1141 1627 1269 1692; x_wconf 88' lang='lat' dir='ltr'>positum,</span> 
     </span>
     <span class='ocr_line' id='line_1_12' title="bbox 148 1692 1269 1761; baseline 0.001 -15"><span class='ocrx_word' id='word_1_101' title='bbox 148 1711 246 1755; x_wconf 79' lang='lat' dir='ltr'>eruens,</span> <span class='ocrx_word' id='word_1_102' title='bbox 262 1697 287 1745; x_wconf 85' lang='lat' dir='ltr'>in</span> <span class='ocrx_word' id='word_1_103' title='bbox 297 1695 399 1747; x_wconf 75' lang='lat' dir='ltr'>insidiis</span> <span class='ocrx_word' id='word_1_104' title='bbox 410 1698 472 1745; x_wconf 85' lang='lat' dir='ltr'>clam</span> <span class='ocrx_word' id='word_1_105' title='bbox 487 1698 628 1754; x_wconf 81' lang='lat' dir='ltr'>collocans,</span> <span class='ocrx_word' id='word_1_106' title='bbox 649 1697 680 1744; x_wconf 91' lang='lat' dir='ltr'>ut</span> <span class='ocrx_word' id='word_1_107' title='bbox 730 1694 767 1745; x_wconf 86' lang='lat' dir='ltr'>cf.</span> <span class='ocrx_word' id='word_1_108' title='bbox 782 1693 884 1745; x_wconf 81' lang='lat' dir='ltr'>Herod.</span> <span class='ocrx_word' id='word_1_109' title='bbox 898 1697 935 1757; x_wconf 85' lang='lat' dir='ltr'>V,</span> <span class='ocrx_word' id='word_1_110' title='bbox 950 1692 984 1745; x_wconf 80' lang='grc'>34</span> <span class='ocrx_word' id='word_1_111' title='bbox 995 1699 1023 1746; x_wconf 91' lang='lat' dir='ltr'>et</span> <span class='ocrx_word' id='word_1_112' title='bbox 1033 1709 1102 1761; x_wconf 86' lang='lat' dir='ltr'>quae</span> <span class='ocrx_word' id='word_1_113' title='bbox 1113 1695 1216 1747; x_wconf 86' lang='lat' dir='ltr'>similis</span> <span class='ocrx_word' id='word_1_114' title='bbox 1228 1703 1269 1747; x_wconf 90' lang='lat' dir='ltr'>at·</span> 
     </span>
     <span class='ocr_line' id='line_1_13' title="bbox 148 1753 1269 1833; baseline 0.004 -20"><span class='ocrx_word' id='word_1_115' title='bbox 148 1763 193 1826; x_wconf 82' lang='lat' dir='ltr'>Vl,</span> <span class='ocrx_word' id='word_1_116' title='bbox 212 1764 274 1827; x_wconf 84' lang='grc'><strong>103,</strong></span> <span class='ocrx_word' id='word_1_117' title='bbox 292 1781 350 1831; x_wconf 90' lang='lat' dir='ltr'>quo</span> <span class='ocrx_word' id='word_1_118' title='bbox 365 1768 479 1830; x_wconf 88' lang='lat' dir='ltr'>utroque</span> <span class='ocrx_word' id='word_1_119' title='bbox 497 1763 558 1815; x_wconf 87' lang='lat' dir='ltr'>loco</span> <span class='ocrx_word' id='word_1_120' title='bbox 574 1753 680 1821; x_wconf 76' lang='grc' dir='ltr'><strong><em>ὑπίαας</em></strong></span> <span class='ocrx_word' id='word_1_121' title='bbox 730 1763 783 1814; x_wconf 90' lang='lat' dir='ltr'>tuli</span> <span class='ocrx_word' id='word_1_122' title='bbox 801 1764 837 1815; x_wconf 88' lang='lat' dir='ltr'>ad</span> <span class='ocrx_word' id='word_1_123' title='bbox 855 1762 996 1814; x_wconf 87' lang='lat' dir='ltr'>Plutarchi</span> <span class='ocrx_word' id='word_1_124' title='bbox 1011 1764 1178 1831; x_wconf 80' lang='lat' dir='ltr'>Philopocm.</span> <span class='ocrx_word' id='word_1_125' title='bbox 1206 1783 1269 1833; x_wconf 79' lang='lat' dir='ltr'>pag.</span> 
     </span>
     <span class='ocr_line' id='line_1_14' title="bbox 148 1833 1270 1899; baseline 0.004 -17"><span class='ocrx_word' id='word_1_126' title='bbox 148 1833 220 1885; x_wconf 85' lang='lat' dir='ltr'>scribi</span> <span class='ocrx_word' id='word_1_127' title='bbox 233 1835 292 1886; x_wconf 88' lang='lat' dir='ltr'>rult</span> <span class='ocrx_word' id='word_1_128' title='bbox 306 1834 404 1886; x_wconf 84' lang='lat' dir='ltr'>Cobet.</span> <span class='ocrx_word' id='word_1_129' title='bbox 421 1835 501 1885; x_wconf 85' lang='lat' dir='ltr'>Varr.</span> <span class='ocrx_word' id='word_1_130' title='bbox 513 1834 602 1884; x_wconf 88' lang='lat' dir='ltr'>Lectt.</span> <span class='ocrx_word' id='word_1_131' title='bbox 613 1849 678 1899; x_wconf 81' lang='lat' dir='ltr'>pag.</span> <span class='ocrx_word' id='word_1_132' title='bbox 729 1834 773 1885; x_wconf 93' lang='grc'>40.</span> <span class='ocrx_word' id='word_1_133' title='bbox 788 1833 935 1885; x_wconf 81' lang='lat' dir='ltr'>Admonuit</span> <span class='ocrx_word' id='word_1_134' title='bbox 950 1848 1059 1899; x_wconf 87' lang='lat' dir='ltr'>quoque</span> <span class='ocrx_word' id='word_1_135' title='bbox 1075 1833 1138 1886; x_wconf 87' lang='lat' dir='ltr'>huis</span> <span class='ocrx_word' id='word_1_136' title='bbox 1153 1842 1270 1887; x_wconf 87' lang='lat' dir='ltr'>structu·</span> 
     </span>
     <span class='ocr_line' id='line_1_15' title="bbox 148 1895 1272 1969; baseline 0.004 -17"><span class='ocrx_word' id='word_1_137' title='bbox 148 1902 184 1966; x_wconf 84' lang='lat'>88,</span> <span class='ocrx_word' id='word_1_138' title='bbox 196 1919 358 1969; x_wconf 74' lang='lat' dir='ltr'>comparant</span> <span class='ocrx_word' id='word_1_139' title='bbox 369 1895 465 1953; x_wconf 82' lang='grc' dir='ltr'><strong><em>κάτισε</em></strong></span> <span class='ocrx_word' id='word_1_140' title='bbox 477 1905 501 1967; x_wconf 88' lang='grc' dir='ltr'>Ι,</span> <span class='ocrx_word' id='word_1_141' title='bbox 514 1903 548 1954; x_wconf 85' lang='grc'>88</span> <span class='ocrx_word' id='word_1_142' title='bbox 560 1918 601 1968; x_wconf 88' lang='lat' dir='ltr'>sq.</span> <span class='ocrx_word' id='word_1_143' title='bbox 616 1902 679 1954; x_wconf 93' lang='lat' dir='ltr'>coll.</span> <span class='ocrx_word' id='word_1_144' title='bbox 729 1919 777 1954; x_wconf 91' lang='lat' dir='ltr'>rae</span> <span class='ocrx_word' id='word_1_145' title='bbox 790 1904 834 1953; x_wconf 82' lang='lat' dir='ltr'>vir</span> <span class='ocrx_word' id='word_1_146' title='bbox 853 1903 950 1953; x_wconf 87' lang='lat' dir='ltr'>doctus</span> <span class='ocrx_word' id='word_1_147' title='bbox 967 1902 995 1951; x_wconf 86' lang='lat' dir='ltr'>in</span> <span class='ocrx_word' id='word_1_148' title='bbox 1008 1902 1198 1967; x_wconf 85' lang='lat' dir='ltr'>premeridd.</span> <span class='ocrx_word' id='word_1_149' title='bbox 1214 1907 1272 1956; x_wconf 88' lang='lat' dir='ltr'>He·</span> 
     </span>
     <span class='ocr_line' id='line_1_16' title="bbox 147 1970 1272 2037; baseline 0.004 -16"><span class='ocrx_word' id='word_1_150' title='bbox 147 1973 196 2035; x_wconf 88' lang='grc' dir='ltr'>ΙΙΙ,</span> <span class='ocrx_word' id='word_1_151' title='bbox 208 1974 253 2034; x_wconf 86' lang='grc'>14,</span> <span class='ocrx_word' id='word_1_152' title='bbox 263 1974 311 2024; x_wconf 91' lang='lat' dir='ltr'>ubi</span> <span class='ocrx_word' id='word_1_153' title='bbox 322 1973 360 2023; x_wconf 89' lang='lat' dir='ltr'>cf.</span> <span class='ocrx_word' id='word_1_154' title='bbox 370 1977 441 2024; x_wconf 88' lang='lat' dir='ltr'>nott.</span> <span class='ocrx_word' id='word_1_155' title='bbox 466 1973 520 2024; x_wconf 87' lang='lat' dir='ltr'>Sed</span> <span class='ocrx_word' id='word_1_156' title='bbox 531 1977 606 2023; x_wconf 87' lang='lat' dir='ltr'>recte</span> <span class='ocrx_word' id='word_1_157' title='bbox 618 1986 679 2023; x_wconf 89' lang='lat' dir='ltr'>curn</span> <span class='ocrx_word' id='word_1_158' title='bbox 729 1972 896 2024; x_wconf 67' lang='lat' dir='ltr'>tenuatam.</span> <span class='ocrx_word' id='word_1_159' title='bbox 908 1987 948 2022; x_wconf 89' lang='lat' dir='ltr'>ur.</span> <span class='ocrx_word' id='word_1_160' title='bbox 958 1970 1002 2022; x_wconf 93' lang='grc'>64.</span> <span class='ocrx_word' id='word_1_161' title='bbox 1010 1987 1074 2037; x_wconf 78' lang='lat' dir='ltr'>pag.</span> <span class='ocrx_word' id='word_1_162' title='bbox 1083 1973 1142 2024; x_wconf 83' lang='lat' dir='ltr'>blb.</span> <span class='ocrx_word' id='word_1_163' title='bbox 1153 1974 1272 2037; x_wconf 85' lang='lat' dir='ltr'>—Quod</span> 
     </span>
     <span class='ocr_line' id='line_1_17' title="bbox 143 2041 1273 2109; baseline 0.001 -16"><span class='ocrx_word' id='word_1_164' title='bbox 143 2042 249 2098; x_wconf 79' lang='lat' dir='ltr'>Bredor.</span> <span class='ocrx_word' id='word_1_165' title='bbox 275 2060 302 2109; x_wconf 93' lang='lat' dir='ltr'>p.</span> <span class='ocrx_word' id='word_1_166' title='bbox 323 2041 376 2095; x_wconf 77' lang='grc'>148</span> <span class='ocrx_word' id='word_1_167' title='bbox 396 2043 537 2109; x_wconf 81' lang='lat' dir='ltr'>vulgatam</span> <span class='ocrx_word' id='word_1_168' title='bbox 561 2043 679 2093; x_wconf 86' lang='lat' dir='ltr'>retinue-</span> <span class='ocrx_word' id='word_1_169' title='bbox 730 2041 766 2093; x_wconf 87' lang='lat' dir='ltr'>sd</span> <span class='ocrx_word' id='word_1_170' title='bbox 782 2042 871 2107; x_wconf 86' lang='lat' dir='ltr'>ipsum</span> <span class='ocrx_word' id='word_1_171' title='bbox 889 2047 1078 2106; x_wconf 74' lang='lat' dir='ltr'><strong>argumentum</strong></span> <span class='ocrx_word' id='word_1_172' title='bbox 1099 2044 1209 2105; x_wconf 75' lang='lat' dir='ltr'>attinet,</span> <span class='ocrx_word' id='word_1_173' title='bbox 1228 2059 1273 2094; x_wconf 86' lang='lat' dir='ltr'>ve-</span> 
     </span>
     <span class='ocr_line' id='line_1_18' title="bbox 146 2109 1272 2179; baseline 0.003 -19"><span class='ocrx_word' id='word_1_174' title='bbox 146 2116 202 2162; x_wconf 86' lang='lat' dir='ltr'>runt</span> <span class='ocrx_word' id='word_1_175' title='bbox 211 2112 329 2165; x_wconf 86' lang='lat' dir='ltr'>editores</span> <span class='ocrx_word' id='word_1_176' title='bbox 341 2117 455 2163; x_wconf 90' lang='lat' dir='ltr'>reccntt.</span> <span class='ocrx_word' id='word_1_177' title='bbox 476 2112 519 2164; x_wconf 82' lang='lat' dir='ltr'>Cf.</span> <span class='ocrx_word' id='word_1_178' title='bbox 533 2113 616 2163; x_wconf 89' lang='lat' dir='ltr'>etiam</span> <span class='ocrx_word' id='word_1_179' title='bbox 626 2112 680 2175; x_wconf 89' lang='grc' dir='ltr'>ΠΙ,</span> <span class='ocrx_word' id='word_1_180' title='bbox 729 2111 838 2162; x_wconf 80' lang='lat' dir='ltr'>tissime</span> <span class='ocrx_word' id='word_1_181' title='bbox 853 2110 880 2162; x_wconf 81' lang='lat' dir='ltr'>h.</span> <span class='ocrx_word' id='word_1_182' title='bbox 897 2110 916 2161; x_wconf 93' lang='lat' dir='ltr'>l.</span> <span class='ocrx_word' id='word_1_183' title='bbox 926 2125 960 2162; x_wconf 88' lang='lat' dir='ltr'>ea</span> <span class='ocrx_word' id='word_1_184' title='bbox 972 2109 1043 2173; x_wconf 90' lang='lat' dir='ltr'>dici,</span> <span class='ocrx_word' id='word_1_185' title='bbox 1063 2125 1133 2176; x_wconf 87' lang='lat' dir='ltr'>quae</span> <span class='ocrx_word' id='word_1_186' title='bbox 1151 2111 1184 2162; x_wconf 88' lang='lat' dir='ltr'>de</span> <span class='ocrx_word' id='word_1_187' title='bbox 1197 2115 1272 2179; x_wconf 69' lang='lat' dir='ltr'>regni</span> 
     </span>
     <span class='ocr_line' id='line_1_19' title="bbox 146 2170 1274 2249; baseline 0.003 -18"><span class='ocrx_word' id='word_1_188' title='bbox 146 2180 173 2231; x_wconf 85' lang='lat' dir='ltr'>bl</span> <span class='ocrx_word' id='word_1_189' title='bbox 185 2175 269 2249; x_wconf 75' lang='lat' dir='ltr'>(aies).</span> <span class='ocrx_word' id='word_1_190' title='bbox 289 2210 327 2220; x_wconf 92' lang='grc'>-</span> <span class='ocrx_word' id='word_1_191' title='bbox 348 2182 401 2233; x_wconf 89' lang='lat' dir='ltr'>Pro</span> <span class='ocrx_word' id='word_1_192' title='bbox 418 2172 483 2232; x_wconf 81' lang='grc' dir='ltr'><strong><em>κατ’</em></strong></span> <span class='ocrx_word' id='word_1_193' title='bbox 504 2170 592 2231; x_wconf 80' lang='grc' dir='ltr'><strong><em>οὐδὸν</em></strong></span> <span class='ocrx_word' id='word_1_194' title='bbox 611 2182 679 2232; x_wconf 87' lang='lat' dir='ltr'>scri·</span> <span class='ocrx_word' id='word_1_195' title='bbox 729 2181 810 2233; x_wconf 87' lang='lat' dir='ltr'>rebus</span> <span class='ocrx_word' id='word_1_196' title='bbox 824 2181 940 2231; x_wconf 85' lang='lat' dir='ltr'>maxime</span> <span class='ocrx_word' id='word_1_197' title='bbox 958 2180 1122 2232; x_wconf 82' lang='lat' dir='ltr'>turbulentis</span> <span class='ocrx_word' id='word_1_198' title='bbox 1134 2182 1274 2247; x_wconf 89' lang='lat' dir='ltr'>proferun-</span> 
     </span>
     <span class='ocr_line' id='line_1_20' title="bbox 145 2250 1272 2317; baseline 0.001 -16"><span class='ocrx_word' id='word_1_199' title='bbox 145 2252 238 2315; x_wconf 84' lang='lat' dir='ltr'>psiruus</span> <span class='ocrx_word' id='word_1_200' title='bbox 247 2269 308 2304; x_wconf 90' lang='lat' dir='ltr'>cnm</span> <span class='ocrx_word' id='word_1_201' title='bbox 320 2256 438 2305; x_wconf 87' lang='lat' dir='ltr'>receutt.</span> <span class='ocrx_word' id='word_1_202' title='bbox 450 2252 511 2303; x_wconf 91' lang='lat' dir='ltr'>edd.</span> <span class='ocrx_word' id='word_1_203' title='bbox 524 2251 678 2303; x_wconf 78' lang='lat' dir='ltr'>etBredor.</span> <span class='ocrx_word' id='word_1_204' title='bbox 730 2257 789 2314; x_wconf 85' lang='lat' dir='ltr'>tur,</span> <span class='ocrx_word' id='word_1_205' title='bbox 801 2251 899 2317; x_wconf 90' lang='lat' dir='ltr'>quibus</span> <span class='ocrx_word' id='word_1_206' title='bbox 907 2250 1009 2301; x_wconf 88' lang='lat' dir='ltr'>Darius</span> <span class='ocrx_word' id='word_1_207' title='bbox 1020 2251 1056 2301; x_wconf 88' lang='lat' dir='ltr'>ad</span> <span class='ocrx_word' id='word_1_208' title='bbox 1067 2266 1178 2317; x_wconf 76' lang='lat' dir='ltr'>regnum</span> <span class='ocrx_word' id='word_1_209' title='bbox 1192 2252 1272 2303; x_wconf 90' lang='lat' dir='ltr'>modo</span> 
     </span>
     <span class='ocr_line' id='line_1_21' title="bbox 145 2319 1273 2413; baseline 0.002 -42"><span class='ocrx_word' id='word_1_210' title='bbox 145 2335 200 2385; x_wconf 72' lang='lat' dir='ltr'>pag.</span> <span class='ocrx_word' id='word_1_211' title='bbox 214 2321 263 2376; x_wconf 89' lang='grc'>106</span> <span class='ocrx_word' id='word_1_212' title='bbox 272 2339 334 2389; x_wconf 89' lang='lat' dir='ltr'>seq.</span> <span class='ocrx_word' id='word_1_213' title='bbox 345 2321 484 2413; x_wconf 74' lang='lat' dir='ltr'>plerisque</span> <span class='ocrx_word' id='word_1_214' title='bbox 494 2320 572 2373; x_wconf 88' lang='lat' dir='ltr'>codd.</span> <span class='ocrx_word' id='word_1_215' title='bbox 587 2322 628 2371; x_wconf 87' lang='lat' dir='ltr'>sic</span> <span class='ocrx_word' id='word_1_216' title='bbox 637 2323 680 2371; x_wconf 89' lang='lat' dir='ltr'>iu·</span> <span class='ocrx_word' id='word_1_217' title='bbox 730 2326 843 2374; x_wconf 86' lang='lat' dir='ltr'>erectus</span> <span class='ocrx_word' id='word_1_218' title='bbox 861 2319 1009 2386; x_wconf 89' lang='lat' dir='ltr'>impeditus</span> <span class='ocrx_word' id='word_1_219' title='bbox 1028 2328 1086 2383; x_wconf 89' lang='lat' dir='ltr'>est,</span> <span class='ocrx_word' id='word_1_220' title='bbox 1107 2336 1160 2387; x_wconf 91' lang='lat' dir='ltr'>quo</span> <span class='ocrx_word' id='word_1_221' title='bbox 1183 2321 1273 2373; x_wconf 87' lang='lat' dir='ltr'>miuus</span> 
     </span>
     <span class='ocr_line' id='line_1_22' title="bbox 144 2388 1353 2464; baseline 0.002 -23"><span class='ocrx_word' id='word_1_222' title='bbox 144 2389 343 2464; x_wconf 75' lang='lat' dir='ltr'>bentibuszaoer</span> <span class='ocrx_word' id='word_1_223' title='bbox 370 2388 447 2441; x_wconf 78' lang='grc' dir='ltr'><strong><em>οθον.</em></strong></span> <span class='ocrx_word' id='word_1_224' title='bbox 460 2391 503 2442; x_wconf 80' lang='lat' dir='ltr'>Ad</span> <span class='ocrx_word' id='word_1_225' title='bbox 515 2391 680 2443; x_wconf 87' lang='lat' dir='ltr'>locutionem</span> <span class='ocrx_word' id='word_1_226' title='bbox 730 2391 860 2442; x_wconf 87' lang='lat' dir='ltr'>continuo</span> <span class='ocrx_word' id='word_1_227' title='bbox 873 2390 1001 2442; x_wconf 84' lang='lat' dir='ltr'>Oroetam</span> <span class='ocrx_word' id='word_1_228' title='bbox 1015 2391 1139 2456; x_wconf 89' lang='lat' dir='ltr'>puniret,</span> <span class='ocrx_word' id='word_1_229' title='bbox 1153 2397 1231 2457; x_wconf 92' lang='lat' dir='ltr'>patet</span> <span class='ocrx_word' id='word_1_230' title='bbox 1240 2408 1272 2442; x_wconf 88' lang='lat' dir='ltr'>ex</span> <span class='ocrx_word' id='word_1_231' title='bbox 1345 2429 1353 2437; x_wconf 84' lang='lat'>.</span> 
     </span>
     <span class='ocr_line' id='line_1_23' title="bbox 144 2458 1273 2530; baseline 0.004 -21"><span class='ocrx_word' id='word_1_232' title='bbox 144 2458 212 2530; x_wconf 77' lang='grc' dir='ltr'><strong><em>αυτῷ</em></strong></span> <span class='ocrx_word' id='word_1_233' title='bbox 223 2458 303 2528; x_wconf 82' lang='grc' dir='ltr'>ίππῳ</span> <span class='ocrx_word' id='word_1_234' title='bbox 315 2462 389 2513; x_wconf 91' lang='lat' dir='ltr'>conf.</span> <span class='ocrx_word' id='word_1_235' title='bbox 405 2461 466 2525; x_wconf 91' lang='lat'>111,</span> <span class='ocrx_word' id='word_1_236' title='bbox 478 2463 521 2512; x_wconf 78' lang='grc'>45.</span> <span class='ocrx_word' id='word_1_237' title='bbox 537 2460 595 2512; x_wconf 88' lang='grc'><strong>100.</strong></span> <span class='ocrx_word' id='word_1_238' title='bbox 732 2462 780 2522; x_wconf 89' lang='lat' dir='ltr'>iis,</span> <span class='ocrx_word' id='word_1_239' title='bbox 802 2475 872 2526; x_wconf 87' lang='lat' dir='ltr'>quae</span> <span class='ocrx_word' id='word_1_240' title='bbox 895 2461 923 2510; x_wconf 89' lang='lat' dir='ltr'>iu</span> <span class='ocrx_word' id='word_1_241' title='bbox 939 2462 1075 2511; x_wconf 86' lang='lat' dir='ltr'>Bisutuua</span> <span class='ocrx_word' id='word_1_242' title='bbox 1094 2460 1273 2528; x_wconf 74' lang='lat' dir='ltr'>inscriptione</span> 
     </span>
     <span class='ocr_line' id='line_1_24' title="bbox 730 2529 1272 2585; baseline 0 -3"><span class='ocrx_word' id='word_1_243' title='bbox 730 2531 876 2582; x_wconf 86' lang='lat' dir='ltr'>traduntur</span> <span class='ocrx_word' id='word_1_244' title='bbox 906 2530 940 2581; x_wconf 90' lang='lat' dir='ltr'>de</span> <span class='ocrx_word' id='word_1_245' title='bbox 971 2529 1056 2583; x_wconf 85' lang='lat' dir='ltr'>variis</span> <span class='ocrx_word' id='word_1_246' title='bbox 1090 2532 1272 2585; x_wconf 76' lang='lat' dir='ltr'>seditionibus</span> 
     </span>
     <span class='ocr_line' id='line_1_25' title="bbox 302 2601 1274 2725; baseline 0.001 -75"><span class='ocrx_word' id='word_1_247' title='bbox 302 2635 371 2686; x_wconf 41' lang='lat' dir='ltr'>cn·</span> <span class='ocrx_word' id='word_1_248' title='bbox 390 2633 527 2686; x_wconf 40' lang='lat' dir='ltr'>CXXVII.</span> <span class='ocrx_word' id='word_1_249' title='bbox 730 2601 1274 2725; x_wconf 42' lang='grc' dir='ltr'>ιιροιοὗοτίίεἶτοτὲοτιιιὶοιιαιριἶίῙμμςρξονἶ</span> 
     </span>
     <span class='ocr_line' id='line_1_26' title="bbox 175 2685 1260 2804; baseline 0.005 -18"><span class='ocrx_word' id='word_1_250' title='bbox 175 2727 269 2802; x_wconf 67' lang='lat' dir='ltr'>apto</span> <span class='ocrx_word' id='word_1_251' title='bbox 289 2730 516 2804; x_wconf 68' lang='grc' dir='ltr'>οὴτῆςιοειης]</span> <span class='ocrx_word' id='word_1_252' title='bbox 536 2737 579 2790; x_wconf 83' lang='lat' dir='ltr'>cr.</span> <span class='ocrx_word' id='word_1_253' title='bbox 596 2752 679 2803; x_wconf 68' lang='lat' dir='ltr'>supro</span> <span class='ocrx_word' id='word_1_254' title='bbox 731 2686 802 2793; x_wconf 49' lang='grc' dir='ltr'>’ἷιίόει</span> <span class='ocrx_word' id='word_1_255' title='bbox 842 2685 1031 2760; x_wconf 53' lang='lat' dir='ltr'>mammo</span> <span class='ocrx_word' id='word_1_256' title='bbox 1059 2686 1098 2722; x_wconf 69' lang='lat'>&#39;⁸</span> <span class='ocrx_word' id='word_1_257' title='bbox 1179 2711 1185 2735; x_wconf 91' lang='lat'>&#39;</span> <span class='ocrx_word' id='word_1_258' title='bbox 1246 2688 1260 2723; x_wconf 74' lang='lat'><strong>⁰</strong></span> 
     </span>
     <span class='ocr_line' id='line_1_27' title="bbox 144 2798 1274 2874; baseline 0.003 -19"><span class='ocrx_word' id='word_1_259' title='bbox 144 2806 183 2870; x_wconf 83' lang='grc' dir='ltr'>ΙΙ,</span> <span class='ocrx_word' id='word_1_260' title='bbox 201 2807 264 2873; x_wconf 85' lang='grc'><strong>161,</strong></span> <span class='ocrx_word' id='word_1_261' title='bbox 276 2809 327 2859; x_wconf 88' lang='lat' dir='ltr'>ubi</span> <span class='ocrx_word' id='word_1_262' title='bbox 339 2806 519 2870; x_wconf 89' lang='lat' dir='ltr'>locutionem,</span> <span class='ocrx_word' id='word_1_263' title='bbox 537 2823 617 2874; x_wconf 89' lang='lat' dir='ltr'>quam</span> <span class='ocrx_word' id='word_1_264' title='bbox 630 2822 681 2858; x_wconf 89' lang='lat' dir='ltr'>nos</span> <span class='ocrx_word' id='word_1_265' title='bbox 767 2800 816 2858; x_wconf 80' lang='grc' dir='ltr'>τὸν</span> <span class='ocrx_word' id='word_1_266' title='bbox 829 2805 912 2872; x_wconf 71' lang='grc' dir='ltr'><strong><em>χίλιοι</em></strong></span> <span class='ocrx_word' id='word_1_267' title='bbox 926 2798 977 2872; x_wconf 69' lang='grc' dir='ltr'>μὲν</span> <span class='ocrx_word' id='word_1_268' title='bbox 991 2801 1121 2871; x_wconf 83' lang='grc' dir='ltr'><strong><em>Περσέων</em></strong></span> <span class='ocrx_word' id='word_1_269' title='bbox 1137 2798 1274 2874; x_wconf 72' lang='grc' dir='ltr'><strong><em>ἓδορνφο-</em></strong></span> 
     </span>
     <span class='ocr_line' id='line_1_28' title="bbox 144 2876 1272 2960; baseline 0.003 -34"><span class='ocrx_word' id='word_1_270' title='bbox 144 2891 228 2928; x_wconf 81' lang='lat' dir='ltr'>eumue</span> <span class='ocrx_word' id='word_1_271' title='bbox 239 2878 415 2944; x_wconf 86' lang='lat' dir='ltr'>interpretati</span> <span class='ocrx_word' id='word_1_272' title='bbox 435 2880 581 2943; x_wconf 78' lang='lat' dir='ltr'>esestipio,</span> <span class='ocrx_word' id='word_1_273' title='bbox 601 2879 680 2929; x_wconf 79' lang='grc' dir='ltr'><strong><em>οοιιίί-</em></strong></span> <span class='ocrx_word' id='word_1_274' title='bbox 733 2876 810 2943; x_wconf 87' lang='grc' dir='ltr'><strong><em>ρεον]</em></strong></span> <span class='ocrx_word' id='word_1_275' title='bbox 847 2877 1005 2960; x_wconf 78' lang='lat' dir='ltr'>Opportune</span> <span class='ocrx_word' id='word_1_276' title='bbox 1036 2883 1129 2929; x_wconf 90' lang='lat' dir='ltr'>monet</span> <span class='ocrx_word' id='word_1_277' title='bbox 1153 2878 1272 2931; x_wconf 89' lang='lat' dir='ltr'>Heeren.</span> 
     </span>
     <span class='ocr_line' id='line_1_29' title="bbox 145 2946 1274 3014; baseline 0.003 -18"><span class='ocrx_word' id='word_1_278' title='bbox 145 2963 202 3009; x_wconf 84' lang='lat' dir='ltr'>nac,</span> <span class='ocrx_word' id='word_1_279' title='bbox 216 2946 373 3013; x_wconf 76' lang='lat' dir='ltr'>Schweigh.</span> <span class='ocrx_word' id='word_1_280' title='bbox 391 2948 419 2997; x_wconf 92' lang='lat' dir='ltr'>in</span> <span class='ocrx_word' id='word_1_281' title='bbox 430 2948 498 2997; x_wconf 84' lang='lat' dir='ltr'>Lex.</span> <span class='ocrx_word' id='word_1_282' title='bbox 509 2946 612 3000; x_wconf 81' lang='lat' dir='ltr'>Herod.</span> <span class='ocrx_word' id='word_1_283' title='bbox 626 2961 683 2997; x_wconf 87' lang='lat' dir='ltr'>ma·</span> <span class='ocrx_word' id='word_1_284' title='bbox 730 2947 853 3010; x_wconf 87' lang='lat' dir='ltr'>ldeenl,</span> <span class='ocrx_word' id='word_1_285' title='bbox 866 2947 890 2998; x_wconf 94' lang='lat' dir='ltr'>l.</span> <span class='ocrx_word' id='word_1_286' title='bbox 900 2962 927 3012; x_wconf 85' lang='lat' dir='ltr'>p.</span> <span class='ocrx_word' id='word_1_287' title='bbox 937 2946 998 3009; x_wconf 85' lang='grc'><strong>403,</strong></span> <span class='ocrx_word' id='word_1_288' title='bbox 1009 2946 1132 3013; x_wconf 83' lang='lat' dir='ltr'>singulos</span> <span class='ocrx_word' id='word_1_289' title='bbox 1144 2949 1219 3014; x_wconf 77' lang='lat' dir='ltr'>regni</span> <span class='ocrx_word' id='word_1_290' title='bbox 1231 2964 1274 3000; x_wconf 90' lang='lat' dir='ltr'>sa·</span> 
     </span>
     <span class='ocr_line' id='line_1_30' title="bbox 145 3016 1274 3086; baseline 0.003 -19"><span class='ocrx_word' id='word_1_291' title='bbox 145 3016 320 3069; x_wconf 82' lang='lat' dir='ltr'>rultreddcre</span> <span class='ocrx_word' id='word_1_292' title='bbox 331 3021 424 3081; x_wconf 82' lang='grc' dir='ltr'><strong><em>ραΙανι,</em></strong></span> <span class='ocrx_word' id='word_1_293' title='bbox 435 3025 578 3082; x_wconf 78' lang='lat' dir='ltr'>exsperto,</span> <span class='ocrx_word' id='word_1_294' title='bbox 592 3016 681 3068; x_wconf 90' lang='lat' dir='ltr'>etboc</span> <span class='ocrx_word' id='word_1_295' title='bbox 731 3022 827 3083; x_wconf 84' lang='lat' dir='ltr'>trapaa</span> <span class='ocrx_word' id='word_1_296' title='bbox 853 3016 913 3082; x_wconf 87' lang='lat' dir='ltr'>pari</span> <span class='ocrx_word' id='word_1_297' title='bbox 939 3018 1037 3081; x_wconf 87' lang='lat' dir='ltr'>modo,</span> <span class='ocrx_word' id='word_1_298' title='bbox 1067 3034 1120 3083; x_wconf 92' lang='lat' dir='ltr'>quo</span> <span class='ocrx_word' id='word_1_299' title='bbox 1146 3034 1274 3086; x_wconf 75' lang='lat' dir='ltr'>maguum</span> 
     </span>
     <span class='ocr_line' id='line_1_31' title="bbox 145 3084 1274 3154; baseline 0.004 -19"><span class='ocrx_word' id='word_1_300' title='bbox 145 3084 199 3137; x_wconf 88' lang='lat' dir='ltr'>loeo</span> <span class='ocrx_word' id='word_1_301' title='bbox 209 3088 301 3152; x_wconf 79' lang='lat' dir='ltr'>eth,</span> <span class='ocrx_word' id='word_1_302' title='bbox 311 3086 356 3138; x_wconf 79' lang='lat'>37.</span> <span class='ocrx_word' id='word_1_303' title='bbox 380 3088 467 3149; x_wconf 83' lang='lat' dir='ltr'>Quam</span> <span class='ocrx_word' id='word_1_304' title='bbox 478 3087 584 3152; x_wconf 88' lang='lat' dir='ltr'>quidem</span> <span class='ocrx_word' id='word_1_305' title='bbox 598 3086 682 3152; x_wconf 77' lang='lat' dir='ltr'>sigui·</span> <span class='ocrx_word' id='word_1_306' title='bbox 731 3090 877 3139; x_wconf 78' lang='lat' dir='ltr'>Persarum</span> <span class='ocrx_word' id='word_1_307' title='bbox 897 3101 1002 3152; x_wconf 80' lang='lat' dir='ltr'>regern,</span> <span class='ocrx_word' id='word_1_308' title='bbox 1022 3091 1049 3139; x_wconf 89' lang='lat' dir='ltr'>et</span> <span class='ocrx_word' id='word_1_309' title='bbox 1063 3086 1170 3138; x_wconf 91' lang='lat' dir='ltr'>adeius</span> <span class='ocrx_word' id='word_1_310' title='bbox 1187 3088 1274 3154; x_wconf 88' lang='lat' dir='ltr'>ipsius</span> 
     </span>
     <span class='ocr_line' id='line_1_32' title="bbox 145 3153 1273 3223; baseline 0.004 -18"><span class='ocrx_word' id='word_1_311' title='bbox 145 3153 292 3208; x_wconf 75' lang='lat' dir='ltr'>tentionem</span> <span class='ocrx_word' id='word_1_312' title='bbox 315 3171 350 3206; x_wconf 82' lang='lat' dir='ltr'>ex</span> <span class='ocrx_word' id='word_1_313' title='bbox 374 3156 515 3221; x_wconf 79' lang='lat' dir='ltr'>primitiva</span> <span class='ocrx_word' id='word_1_314' title='bbox 538 3155 601 3220; x_wconf 85' lang='lat' dir='ltr'>illa,</span> <span class='ocrx_word' id='word_1_315' title='bbox 628 3170 683 3222; x_wconf 88' lang='lat' dir='ltr'>qua</span> <span class='ocrx_word' id='word_1_316' title='bbox 733 3157 883 3223; x_wconf 85' lang='lat' dir='ltr'>exemplar,</span> <span class='ocrx_word' id='word_1_317' title='bbox 904 3156 959 3207; x_wconf 88' lang='lat' dir='ltr'>sibi</span> <span class='ocrx_word' id='word_1_318' title='bbox 980 3156 1062 3208; x_wconf 86' lang='lat' dir='ltr'>aulae</span> <span class='ocrx_word' id='word_1_319' title='bbox 1079 3156 1193 3208; x_wconf 88' lang='lat' dir='ltr'>formam</span> <span class='ocrx_word' id='word_1_320' title='bbox 1210 3175 1273 3210; x_wconf 90' lang='lat' dir='ltr'>oon·</span> 
     </span>
     <span class='ocr_line' id='line_1_33' title="bbox 145 3225 1274 3293; baseline 0.004 -18"><span class='ocrx_word' id='word_1_321' title='bbox 145 3231 182 3276; x_wconf 90' lang='lat' dir='ltr'>est</span> <span class='ocrx_word' id='word_1_322' title='bbox 193 3235 294 3287; x_wconf 80' lang='lat' dir='ltr'>erecta,</span> <span class='ocrx_word' id='word_1_323' title='bbox 305 3243 320 3277; x_wconf 85' lang='lat' dir='ltr'>e</span> <span class='ocrx_word' id='word_1_324' title='bbox 330 3229 448 3291; x_wconf 70' lang='lat' dir='ltr'>eserieie,</span> <span class='ocrx_word' id='word_1_325' title='bbox 460 3229 593 3287; x_wconf 78' lang='lat' dir='ltr'>continuo,</span> <span class='ocrx_word' id='word_1_326' title='bbox 602 3241 680 3291; x_wconf 87' lang='lat' dir='ltr'>spon·</span> <span class='ocrx_word' id='word_1_327' title='bbox 732 3227 865 3291; x_wconf 85' lang='lat' dir='ltr'>stituisse,</span> <span class='ocrx_word' id='word_1_328' title='bbox 880 3225 996 3293; x_wconf 86' lang='lat' dir='ltr'>indeque</span> <span class='ocrx_word' id='word_1_329' title='bbox 1007 3241 1053 3278; x_wconf 87' lang='lat' dir='ltr'>eos</span> <span class='ocrx_word' id='word_1_330' title='bbox 1067 3225 1196 3280; x_wconf 84' lang='lat' dir='ltr'>habuisse</span> <span class='ocrx_word' id='word_1_331' title='bbox 1210 3244 1274 3280; x_wconf 84' lang='lat' dir='ltr'>suos</span> 
     </span>
     <span class='ocr_line' id='line_1_34' title="bbox 145 3294 1276 3364; baseline 0.003 -20"><span class='ocrx_word' id='word_1_332' title='bbox 145 3300 170 3345; x_wconf 90' lang='lat' dir='ltr'>te</span> <span class='ocrx_word' id='word_1_333' title='bbox 186 3297 279 3358; x_wconf 86' lang='lat' dir='ltr'>fluere,</span> <span class='ocrx_word' id='word_1_334' title='bbox 298 3294 427 3361; x_wconf 90' lang='lat' dir='ltr'>equidem</span> <span class='ocrx_word' id='word_1_335' title='bbox 443 3297 560 3347; x_wconf 87' lang='lat' dir='ltr'>credam.</span> <span class='ocrx_word' id='word_1_336' title='bbox 582 3295 683 3347; x_wconf 81' lang='lat' dir='ltr'>Sebae·</span> <span class='ocrx_word' id='word_1_337' title='bbox 731 3313 865 3364; x_wconf 86' lang='lat' dir='ltr'>quemque</span> <span class='ocrx_word' id='word_1_338' title='bbox 881 3296 998 3364; x_wconf 66' lang='lat' dir='ltr'>comites⁸</span> <span class='ocrx_word' id='word_1_339' title='bbox 1011 3303 1038 3349; x_wconf 88' lang='lat' dir='ltr'>et</span> <span class='ocrx_word' id='word_1_340' title='bbox 1059 3295 1179 3363; x_wconf 83' lang='lat' dir='ltr'>aulicos,</span> <span class='ocrx_word' id='word_1_341' title='bbox 1200 3297 1276 3349; x_wconf 90' lang='lat' dir='ltr'>femi-</span> 
     </span>
     <span class='ocr_line' id='line_1_35' title="bbox 142 3363 1275 3434; baseline 0.001 -16"><span class='ocrx_word' id='word_1_342' title='bbox 142 3363 190 3419; x_wconf 81' lang='lat' dir='ltr'>ter.</span> <span class='ocrx_word' id='word_1_343' title='bbox 207 3365 242 3416; x_wconf 82' lang='lat' dir='ltr'>ad</span> <span class='ocrx_word' id='word_1_344' title='bbox 260 3365 406 3417; x_wconf 87' lang='lat' dir='ltr'>Plutarch.</span> <span class='ocrx_word' id='word_1_345' title='bbox 422 3367 499 3417; x_wconf 88' lang='lat' dir='ltr'>Tem.</span> <span class='ocrx_word' id='word_1_346' title='bbox 517 3366 566 3418; x_wconf 83' lang='lat' dir='ltr'>lv.</span> <span class='ocrx_word' id='word_1_347' title='bbox 584 3381 611 3430; x_wconf 88' lang='lat' dir='ltr'>p.</span> <span class='ocrx_word' id='word_1_348' title='bbox 629 3364 678 3417; x_wconf 81' lang='grc'>361</span> <span class='ocrx_word' id='word_1_349' title='bbox 732 3383 828 3418; x_wconf 88' lang='lat' dir='ltr'>narum</span> <span class='ocrx_word' id='word_1_350' title='bbox 846 3382 956 3434; x_wconf 70' lang='lat' dir='ltr'>gregem</span> <span class='ocrx_word' id='word_1_351' title='bbox 973 3369 1001 3417; x_wconf 90' lang='lat' dir='ltr'>et</span> <span class='ocrx_word' id='word_1_352' title='bbox 1013 3366 1152 3418; x_wconf 87' lang='lat' dir='ltr'>eunuchos</span> <span class='ocrx_word' id='word_1_353' title='bbox 1170 3368 1206 3419; x_wconf 91' lang='lat' dir='ltr'>ad</span> <span class='ocrx_word' id='word_1_354' title='bbox 1224 3367 1275 3419; x_wconf 84' lang='lat' dir='ltr'>has</span> 
     </span>
     <span class='ocr_line' id='line_1_36' title="bbox 146 3432 1274 3501; baseline 0.004 -17"><span class='ocrx_word' id='word_1_355' title='bbox 146 3432 193 3494; x_wconf 90' lang='lat' dir='ltr'>(ed.</span> <span class='ocrx_word' id='word_1_356' title='bbox 207 3435 345 3487; x_wconf 88' lang='lat' dir='ltr'>Teubner.</span> <span class='ocrx_word' id='word_1_357' title='bbox 359 3435 434 3501; x_wconf 87' lang='lat' dir='ltr'>Lips.</span> <span class='ocrx_word' id='word_1_358' title='bbox 445 3435 521 3500; x_wconf 78' lang='lat'>1829)</span> <span class='ocrx_word' id='word_1_359' title='bbox 538 3440 681 3500; x_wconf 89' lang='lat' dir='ltr'>comparat</span> <span class='ocrx_word' id='word_1_360' title='bbox 733 3435 943 3499; x_wconf 84' lang='lat' dir='ltr'>custodiendae,</span> <span class='ocrx_word' id='word_1_361' title='bbox 969 3436 1101 3501; x_wconf 90' lang='lat' dir='ltr'>palatium</span> <span class='ocrx_word' id='word_1_362' title='bbox 1132 3453 1188 3488; x_wconf 87' lang='lat' dir='ltr'>una</span> <span class='ocrx_word' id='word_1_363' title='bbox 1213 3453 1274 3489; x_wconf 88' lang='lat' dir='ltr'>curu</span> 
     </span>
     <span class='ocr_line' id='line_1_37' title="bbox 145 3493 1274 3573; baseline 0.006 -22"><span class='ocrx_word' id='word_1_364' title='bbox 145 3493 195 3552; x_wconf 77' lang='grc' dir='ltr'>ἆτ’</span> <span class='ocrx_word' id='word_1_365' title='bbox 207 3494 329 3562; x_wconf 71' lang='grc' dir='ltr'><strong><em>εὐθείας</em></strong></span> <span class='ocrx_word' id='word_1_366' title='bbox 345 3501 511 3570; x_wconf 72' lang='lat' dir='ltr'>(peredere),</span> <span class='ocrx_word' id='word_1_367' title='bbox 528 3504 598 3570; x_wconf 88' lang='lat' dir='ltr'>quod</span> <span class='ocrx_word' id='word_1_368' title='bbox 609 3502 682 3570; x_wconf 85' lang='lat' dir='ltr'>apud</span> <span class='ocrx_word' id='word_1_369' title='bbox 733 3507 881 3573; x_wconf 75' lang='lat' dir='ltr'>paradiso,</span> <span class='ocrx_word' id='word_1_370' title='bbox 900 3507 928 3556; x_wconf 87' lang='lat' dir='ltr'>in</span> <span class='ocrx_word' id='word_1_371' title='bbox 941 3521 995 3571; x_wconf 92' lang='lat' dir='ltr'>quo</span> <span class='ocrx_word' id='word_1_372' title='bbox 1009 3506 1082 3558; x_wconf 84' lang='lat' dir='ltr'>ieras</span> <span class='ocrx_word' id='word_1_373' title='bbox 1098 3513 1274 3569; x_wconf 85' lang='lat' dir='ltr'>venarentur,</span> 
     </span>
     <span class='ocr_line' id='line_1_38' title="bbox 145 3572 1275 3643; baseline 0.005 -21"><span class='ocrx_word' id='word_1_374' title='bbox 145 3572 317 3626; x_wconf 78' lang='lat' dir='ltr'>Plutarchum</span> <span class='ocrx_word' id='word_1_375' title='bbox 332 3573 444 3640; x_wconf 76' lang='lat' dir='ltr'>legitur.</span> <span class='ocrx_word' id='word_1_376' title='bbox 466 3575 500 3624; x_wconf 92' lang='lat' dir='ltr'>ln</span> <span class='ocrx_word' id='word_1_377' title='bbox 511 3574 599 3638; x_wconf 90' lang='lat' dir='ltr'>ipsam</span> <span class='ocrx_word' id='word_1_378' title='bbox 608 3574 683 3624; x_wconf 89' lang='lat' dir='ltr'>locu·</span> <span class='ocrx_word' id='word_1_379' title='bbox 735 3577 799 3643; x_wconf 88' lang='lat' dir='ltr'>quin</span> <span class='ocrx_word' id='word_1_380' title='bbox 812 3578 886 3641; x_wconf 87' lang='lat' dir='ltr'>ipsos</span> <span class='ocrx_word' id='word_1_381' title='bbox 905 3575 1053 3638; x_wconf 79' lang='lat' dir='ltr'>satellites,</span> <span class='ocrx_word' id='word_1_382' title='bbox 1076 3578 1174 3643; x_wconf 87' lang='lat' dir='ltr'>quibus</span> <span class='ocrx_word' id='word_1_383' title='bbox 1192 3578 1275 3628; x_wconf 90' lang='lat' dir='ltr'>cincti</span> 
     </span>
     <span class='ocr_line' id='line_1_39' title="bbox 146 3642 1276 3713; baseline 0.006 -22"><span class='ocrx_word' id='word_1_384' title='bbox 146 3642 221 3694; x_wconf 91' lang='lat' dir='ltr'>tionis</span> <span class='ocrx_word' id='word_1_385' title='bbox 243 3646 382 3696; x_wconf 87' lang='lat' dir='ltr'>rationem</span> <span class='ocrx_word' id='word_1_386' title='bbox 407 3643 551 3709; x_wconf 80' lang='lat' dir='ltr'>inquisivit</span> <span class='ocrx_word' id='word_1_387' title='bbox 573 3643 683 3695; x_wconf 82' lang='lat' dir='ltr'>Lobcclr</span> <span class='ocrx_word' id='word_1_388' title='bbox 734 3649 763 3698; x_wconf 91' lang='lat' dir='ltr'>in</span> <span class='ocrx_word' id='word_1_389' title='bbox 778 3646 914 3712; x_wconf 89' lang='lat' dir='ltr'>publicum</span> <span class='ocrx_word' id='word_1_390' title='bbox 933 3645 1090 3712; x_wconf 86' lang='lat' dir='ltr'>prodirent,</span> <span class='ocrx_word' id='word_1_391' title='bbox 1108 3646 1164 3697; x_wconf 88' lang='lat' dir='ltr'>alia</span> <span class='ocrx_word' id='word_1_392' title='bbox 1183 3648 1209 3697; x_wconf 86' lang='lat' dir='ltr'>id</span> <span class='ocrx_word' id='word_1_393' title='bbox 1230 3663 1276 3713; x_wconf 79' lang='lat' dir='ltr'>ge-</span> 
     </span>
     <span class='ocr_line' id='line_1_40' title="bbox 145 3713 1275 3783; baseline 0.005 -21"><span class='ocrx_word' id='word_1_394' title='bbox 145 3713 622 3781; x_wconf 73' lang='lat' dir='ltr'>inProgramm.Regiomont.183l5.</span> <span class='ocrx_word' id='word_1_395' title='bbox 641 3713 683 3764; x_wconf 89' lang='lat' dir='ltr'>De</span> <span class='ocrx_word' id='word_1_396' title='bbox 735 3732 796 3768; x_wconf 89' lang='lat' dir='ltr'>nus.</span> <span class='ocrx_word' id='word_1_397' title='bbox 813 3717 918 3782; x_wconf 79' lang='lat' dir='ltr'>Attigit</span> <span class='ocrx_word' id='word_1_398' title='bbox 939 3715 1006 3766; x_wconf 87' lang='lat' dir='ltr'>haec</span> <span class='ocrx_word' id='word_1_399' title='bbox 1023 3716 1147 3766; x_wconf 86' lang='lat' dir='ltr'>Briason.</span> <span class='ocrx_word' id='word_1_400' title='bbox 1167 3718 1199 3767; x_wconf 89' lang='lat' dir='ltr'>dc</span> <span class='ocrx_word' id='word_1_401' title='bbox 1218 3732 1275 3783; x_wconf 79' lang='lat' dir='ltr'>reg.</span> 
     </span>
     <span class='ocr_line' id='line_1_41' title="bbox 144 3782 1169 3861; baseline 0.003 -28"><span class='ocrx_word' id='word_1_402' title='bbox 144 3797 277 3850; x_wconf 77' lang='lat' dir='ltr'>paragoge</span> <span class='ocrx_word' id='word_1_403' title='bbox 302 3784 424 3836; x_wconf 89' lang='lat' dir='ltr'>uominn.</span> <span class='ocrx_word' id='word_1_404' title='bbox 446 3784 511 3834; x_wconf 84' lang='lat' dir='ltr'>Jon.</span> <span class='ocrx_word' id='word_1_405' title='bbox 536 3784 558 3834; x_wconf 91' lang='lat' dir='ltr'>I.</span> <span class='ocrx_word' id='word_1_406' title='bbox 583 3799 611 3848; x_wconf 88' lang='lat' dir='ltr'>p.</span> <span class='ocrx_word' id='word_1_407' title='bbox 633 3782 683 3833; x_wconf 82' lang='lat'>113</span> <span class='ocrx_word' id='word_1_408' title='bbox 734 3787 936 3851; x_wconf 81' lang='lat' dir='ltr'>Peraprincip.</span> <span class='ocrx_word' id='word_1_409' title='bbox 951 3785 1045 3849; x_wconf 81' lang='lat'>1,175.</span> <span class='ocrx_word' id='word_1_410' title='bbox 1162 3842 1169 3861; x_wconf 76' lang='lat'>,</span> 
     </span>
     <span class='ocr_line' id='line_1_42' title="bbox 145 3847 1275 3920; baseline 0.001 -20"><span class='ocrx_word' id='word_1_411' title='bbox 145 3867 215 3917; x_wconf 86' lang='lat' dir='ltr'>seqq.</span> <span class='ocrx_word' id='word_1_412' title='bbox 235 3854 342 3905; x_wconf 78' lang='lat' dir='ltr'>Similia</span> <span class='ocrx_word' id='word_1_413' title='bbox 355 3852 490 3920; x_wconf 87' lang='lat' dir='ltr'>quaedam</span> <span class='ocrx_word' id='word_1_414' title='bbox 499 3852 623 3903; x_wconf 85' lang='lat' dir='ltr'>exhibuit</span> <span class='ocrx_word' id='word_1_415' title='bbox 633 3854 684 3903; x_wconf 90' lang='lat' dir='ltr'>Bo·</span> <span class='ocrx_word' id='word_1_416' title='bbox 771 3849 826 3918; x_wconf 80' lang='grc' dir='ltr'><strong><em>εἶχε</em></strong></span> <span class='ocrx_word' id='word_1_417' title='bbox 846 3848 876 3904; x_wconf 77' lang='lat' dir='ltr'>dl</span> <span class='ocrx_word' id='word_1_418' title='bbox 895 3848 982 3920; x_wconf 87' lang='grc' dir='ltr'><strong><em>νομὸν</em></strong></span> <span class='ocrx_word' id='word_1_419' title='bbox 1000 3847 1232 3918; x_wconf 62' lang='lat' dir='ltr'>contemperies</span> <span class='ocrx_word' id='word_1_420' title='bbox 1249 3869 1275 3903; x_wconf 82' lang='grc' dir='ltr'>κ.</span> 
     </span>
     <span class='ocr_line' id='line_1_43' title="bbox 146 3918 1277 3990; baseline 0.004 -20"><span class='ocrx_word' id='word_1_421' title='bbox 146 3918 187 3976; x_wconf 86' lang='lat' dir='ltr'>the</span> <span class='ocrx_word' id='word_1_422' title='bbox 198 3923 232 3974; x_wconf 84' lang='lat' dir='ltr'>ad</span> <span class='ocrx_word' id='word_1_423' title='bbox 244 3924 372 3990; x_wconf 82' lang='lat' dir='ltr'>Sophocl.</span> <span class='ocrx_word' id='word_1_424' title='bbox 382 3924 509 3989; x_wconf 74' lang='lat' dir='ltr'>Antigon.</span> <span class='ocrx_word' id='word_1_425' title='bbox 522 3921 582 3973; x_wconf 83' lang='grc'><strong>012.</strong></span> <span class='ocrx_word' id='word_1_426' title='bbox 597 3922 684 3973; x_wconf 89' lang='lat' dir='ltr'>Paulo</span> <span class='ocrx_word' id='word_1_427' title='bbox 734 3941 759 3978; x_wconf 88' lang='grc' dir='ltr'>τ.</span> <span class='ocrx_word' id='word_1_428' title='bbox 769 3923 803 3989; x_wconf 69' lang='lat' dir='ltr'>i]</span> <span class='ocrx_word' id='word_1_429' title='bbox 821 3925 1015 3990; x_wconf 79' lang='lat' dir='ltr'>Intelliguntur</span> <span class='ocrx_word' id='word_1_430' title='bbox 1027 3922 1108 3973; x_wconf 90' lang='lat' dir='ltr'>credo</span> <span class='ocrx_word' id='word_1_431' title='bbox 1124 3924 1201 3988; x_wconf 89' lang='lat' dir='ltr'>ipsae</span> <span class='ocrx_word' id='word_1_432' title='bbox 1212 3923 1277 3974; x_wconf 88' lang='lat' dir='ltr'>illae</span> 
     </span>
     <span class='ocr_line' id='line_1_44' title="bbox 146 3991 1276 4059; baseline 0.004 -20"><span class='ocrx_word' id='word_1_433' title='bbox 146 3997 205 4043; x_wconf 83' lang='lat' dir='ltr'>aute</span> <span class='ocrx_word' id='word_1_434' title='bbox 223 3991 334 4044; x_wconf 81' lang='grc' dir='ltr'><strong><em>είνειιεν</em></strong></span> <span class='ocrx_word' id='word_1_435' title='bbox 351 4010 365 4046; x_wconf 95' lang='lat' dir='ltr'>e</span> <span class='ocrx_word' id='word_1_436' title='bbox 381 3993 542 4045; x_wconf 84' lang='lat' dir='ltr'>Florentino</span> <span class='ocrx_word' id='word_1_437' title='bbox 561 4007 622 4043; x_wconf 88' lang='lat' dir='ltr'>cum</span> <span class='ocrx_word' id='word_1_438' title='bbox 643 4007 685 4042; x_wconf 85' lang='lat' dir='ltr'>re·</span> <span class='ocrx_word' id='word_1_439' title='bbox 734 4001 792 4046; x_wconf 86' lang='lat' dir='ltr'>tres</span> <span class='ocrx_word' id='word_1_440' title='bbox 804 3995 1007 4059; x_wconf 76' lang='lat' dir='ltr'>praefecturae,</span> <span class='ocrx_word' id='word_1_441' title='bbox 1030 4007 1097 4058; x_wconf 86' lang='lat' dir='ltr'>quas</span> <span class='ocrx_word' id='word_1_442' title='bbox 1115 3993 1203 4057; x_wconf 90' lang='lat' dir='ltr'>primo</span> <span class='ocrx_word' id='word_1_443' title='bbox 1215 3994 1276 4046; x_wconf 89' lang='lat' dir='ltr'>lece</span> 
     </span>
     <span class='ocr_line' id='line_1_45' title="bbox 149 4059 1277 4128; baseline 0.004 -18"><span class='ocrx_word' id='word_1_444' title='bbox 149 4065 227 4114; x_wconf 88' lang='lat' dir='ltr'>centt.</span> <span class='ocrx_word' id='word_1_445' title='bbox 242 4061 305 4113; x_wconf 90' lang='lat' dir='ltr'>edd.</span> <span class='ocrx_word' id='word_1_446' title='bbox 318 4063 469 4128; x_wconf 89' lang='lat' dir='ltr'>recepimus</span> <span class='ocrx_word' id='word_1_447' title='bbox 480 4079 527 4128; x_wconf 89' lang='lat' dir='ltr'>pro</span> <span class='ocrx_word' id='word_1_448' title='bbox 542 4059 641 4112; x_wconf 76' lang='grc' dir='ltr'><strong><em>εἴνεκε.</em></strong></span> <span class='ocrx_word' id='word_1_449' title='bbox 735 4068 875 4116; x_wconf 81' lang='lat' dir='ltr'>recensuit</span> <span class='ocrx_word' id='word_1_450' title='bbox 888 4066 989 4115; x_wconf 87' lang='lat' dir='ltr'>Noster</span> <span class='ocrx_word' id='word_1_451' title='bbox 1002 4077 1086 4128; x_wconf 90' lang='lat' dir='ltr'>supra</span> <span class='ocrx_word' id='word_1_452' title='bbox 1096 4062 1156 4125; x_wconf 89' lang='lat'>111,</span> <span class='ocrx_word' id='word_1_453' title='bbox 1166 4062 1210 4116; x_wconf 84' lang='grc'>90.</span> <span class='ocrx_word' id='word_1_454' title='bbox 1234 4067 1277 4116; x_wconf 85' lang='lat' dir='ltr'>Ex</span> 
     </span>
     <span class='ocr_line' id='line_1_46' title="bbox 176 4121 1278 4199; baseline 0.005 -19"><span class='ocrx_word' id='word_1_455' title='bbox 176 4123 226 4181; x_wconf 82' lang='grc' dir='ltr'>άτε</span> <span class='ocrx_word' id='word_1_456' title='bbox 238 4125 270 4180; x_wconf 80' lang='lat' dir='ltr'>oi</span> <span class='ocrx_word' id='word_1_457' title='bbox 279 4121 444 4198; x_wconf 71' lang='grc' dir='ltr'><strong><em>οἰδεόντων]</em></strong></span> <span class='ocrx_word' id='word_1_458' title='bbox 462 4133 506 4183; x_wconf 81' lang='lat' dir='ltr'>Cf.</span> <span class='ocrx_word' id='word_1_459' title='bbox 519 4132 577 4196; x_wconf 92' lang='lat'>111,</span> <span class='ocrx_word' id='word_1_460' title='bbox 590 4131 624 4183; x_wconf 79' lang='lat' dir='ltr'>te</span> <span class='ocrx_word' id='word_1_461' title='bbox 636 4130 686 4181; x_wconf 90' lang='lat' dir='ltr'>ibi·</span> <span class='ocrx_word' id='word_1_462' title='bbox 736 4151 769 4186; x_wconf 89' lang='lat' dir='ltr'>eo</span> <span class='ocrx_word' id='word_1_463' title='bbox 786 4135 860 4199; x_wconf 91' lang='lat' dir='ltr'>ipso,</span> <span class='ocrx_word' id='word_1_464' title='bbox 887 4133 959 4199; x_wconf 88' lang='lat' dir='ltr'>quod</span> <span class='ocrx_word' id='word_1_465' title='bbox 980 4132 1071 4197; x_wconf 86' lang='lat' dir='ltr'>plures</span> <span class='ocrx_word' id='word_1_466' title='bbox 1087 4132 1278 4196; x_wconf 80' lang='lat' dir='ltr'>praefecturae</span> 
     </span>
     <span class='ocr_line' id='line_1_47' title="bbox 147 4194 1279 4268; baseline 0.004 -18"><span class='ocrx_word' id='word_1_467' title='bbox 147 4213 195 4264; x_wconf 87' lang='lat' dir='ltr'>que</span> <span class='ocrx_word' id='word_1_468' title='bbox 210 4205 281 4252; x_wconf 89' lang='lat' dir='ltr'>uett.</span> <span class='ocrx_word' id='word_1_469' title='bbox 311 4200 446 4253; x_wconf 84' lang='lat' dir='ltr'>Voculam</span> <span class='ocrx_word' id='word_1_470' title='bbox 470 4194 500 4251; x_wconf 84' lang='grc' dir='ltr'><strong><em>οί</em></strong></span> <span class='ocrx_word' id='word_1_471' title='bbox 522 4202 686 4253; x_wconf 87' lang='lat' dir='ltr'>translatam</span> <span class='ocrx_word' id='word_1_472' title='bbox 737 4204 868 4256; x_wconf 84' lang='lat' dir='ltr'>adunam</span> <span class='ocrx_word' id='word_1_473' title='bbox 885 4202 1057 4255; x_wconf 88' lang='lat' dir='ltr'>deferrentur</span> <span class='ocrx_word' id='word_1_474' title='bbox 1071 4206 1226 4268; x_wconf 86' lang='lat' dir='ltr'>satrapam,</span> <span class='ocrx_word' id='word_1_475' title='bbox 1247 4211 1279 4255; x_wconf 86' lang='lat' dir='ltr'>ut</span> 
     </span>
     <span class='ocr_line' id='line_1_48' title="bbox 148 4261 1278 4338; baseline 0.005 -20"><span class='ocrx_word' id='word_1_476' title='bbox 148 4269 309 4321; x_wconf 80' lang='lat' dir='ltr'>rnltValclr.</span> <span class='ocrx_word' id='word_1_477' title='bbox 324 4276 395 4337; x_wconf 89' lang='lat' dir='ltr'>post.</span> <span class='ocrx_word' id='word_1_478' title='bbox 410 4261 519 4336; x_wconf 69' lang='grc' dir='ltr'><strong><em>ἐδόκεε,</em></strong></span> <span class='ocrx_word' id='word_1_479' title='bbox 536 4272 608 4338; x_wconf 90' lang='lat' dir='ltr'>quod</span> <span class='ocrx_word' id='word_1_480' title='bbox 625 4272 687 4323; x_wconf 82' lang='lat' dir='ltr'>meti</span> <span class='ocrx_word' id='word_1_481' title='bbox 737 4275 833 4326; x_wconf 84' lang='lat' dir='ltr'>hoeex</span> <span class='ocrx_word' id='word_1_482' title='bbox 847 4274 907 4326; x_wconf 87' lang='lat' dir='ltr'>loco</span> <span class='ocrx_word' id='word_1_483' title='bbox 922 4272 1036 4323; x_wconf 88' lang='lat' dir='ltr'>subinde</span> <span class='ocrx_word' id='word_1_484' title='bbox 1048 4272 1151 4322; x_wconf 88' lang='lat' dir='ltr'>facturn</span> <span class='ocrx_word' id='word_1_485' title='bbox 1167 4289 1226 4325; x_wconf 87' lang='lat' dir='ltr'>esse</span> <span class='ocrx_word' id='word_1_486' title='bbox 1238 4276 1278 4324; x_wconf 90' lang='lat' dir='ltr'>in-</span> 
     </span>
     <span class='ocr_line' id='line_1_49' title="bbox 147 4340 1279 4410; baseline 0.005 -22"><span class='ocrx_word' id='word_1_487' title='bbox 147 4340 251 4402; x_wconf 89' lang='lat' dir='ltr'>quidem</span> <span class='ocrx_word' id='word_1_488' title='bbox 260 4340 685 4394; x_wconf 76' lang='lat' dir='ltr'>seutentiihaudnecessarium.</span> <span class='ocrx_word' id='word_1_489' title='bbox 737 4343 886 4410; x_wconf 79' lang='lat' dir='ltr'>telligimua</span> <span class='ocrx_word' id='word_1_490' title='bbox 908 4342 990 4408; x_wconf 89' lang='lat' dir='ltr'>(conf.</span> <span class='ocrx_word' id='word_1_491' title='bbox 1010 4342 1092 4393; x_wconf 86' lang='lat' dir='ltr'>etiarn</span> <span class='ocrx_word' id='word_1_492' title='bbox 1107 4341 1230 4395; x_wconf 83' lang='lat' dir='ltr'>Brisson.</span> <span class='ocrx_word' id='word_1_493' title='bbox 1246 4344 1279 4394; x_wconf 85' lang='lat' dir='ltr'>de</span> 
     </span>
     <span class='ocr_line' id='line_1_50' title="bbox 148 4408 1279 4479; baseline 0.005 -22"><span class='ocrx_word' id='word_1_494' title='bbox 148 4408 185 4458; x_wconf 89' lang='lat' dir='ltr'>De</span> <span class='ocrx_word' id='word_1_495' title='bbox 208 4410 416 4477; x_wconf 89' lang='lat' dir='ltr'>participiorum</span> <span class='ocrx_word' id='word_1_496' title='bbox 430 4415 587 4476; x_wconf 87' lang='lat' dir='ltr'>structura,</span> <span class='ocrx_word' id='word_1_497' title='bbox 606 4426 687 4477; x_wconf 89' lang='lat' dir='ltr'>quum</span> <span class='ocrx_word' id='word_1_498' title='bbox 736 4427 794 4478; x_wconf 74' lang='lat' dir='ltr'>reg.</span> <span class='ocrx_word' id='word_1_499' title='bbox 816 4415 892 4465; x_wconf 90' lang='lat' dir='ltr'>Pers.</span> <span class='ocrx_word' id='word_1_500' title='bbox 911 4413 1026 4479; x_wconf 89' lang='lat' dir='ltr'>princip.</span> <span class='ocrx_word' id='word_1_501' title='bbox 1042 4412 1070 4474; x_wconf 90' lang='lat' dir='ltr'>I,</span> <span class='ocrx_word' id='word_1_502' title='bbox 1094 4410 1164 4475; x_wconf 82' lang='grc'><strong>170).</strong></span> <span class='ocrx_word' id='word_1_503' title='bbox 1184 4412 1279 4463; x_wconf 87' lang='lat' dir='ltr'>borum</span> 
     </span>
     <span class='ocr_line' id='line_1_51' title="bbox 147 4479 1281 4550; baseline 0.004 -21"><span class='ocrx_word' id='word_1_504' title='bbox 147 4479 280 4543; x_wconf 75' lang='lat' dir='ltr'>genitivos</span> <span class='ocrx_word' id='word_1_505' title='bbox 297 4480 438 4534; x_wconf 88' lang='lat' dir='ltr'>absolutos</span> <span class='ocrx_word' id='word_1_506' title='bbox 454 4481 557 4548; x_wconf 84' lang='lat' dir='ltr'>excipit</span> <span class='ocrx_word' id='word_1_507' title='bbox 571 4482 687 4533; x_wconf 85' lang='lat' dir='ltr'>alterurn</span> <span class='ocrx_word' id='word_1_508' title='bbox 737 4482 937 4550; x_wconf 77' lang='lat' dir='ltr'>praefectorum</span> <span class='ocrx_word' id='word_1_509' title='bbox 958 4482 1109 4549; x_wconf 87' lang='lat' dir='ltr'>potentiam</span> <span class='ocrx_word' id='word_1_510' title='bbox 1133 4481 1215 4531; x_wconf 89' lang='lat' dir='ltr'>nimis</span> <span class='ocrx_word' id='word_1_511' title='bbox 1234 4498 1281 4533; x_wconf 87' lang='lat' dir='ltr'>au·</span> 
     </span>
    </p>
   </div>
   <div class='ocr_carea' id='block_1_4' title="bbox 1013 4564 1078 4628">
    <p class='ocr_par' dir='ltr' id='par_1_4' title="bbox 1013 4564 1078 4628">
     <span class='ocr_line' id='line_1_52' title="bbox 1013 4564 1078 4628; baseline 0.031 -2"><span class='ocrx_word' id='word_1_512' title='bbox 1013 4564 1078 4628; x_wconf 79' lang='lat'>16*</span> 
     </span>
    </p>
   </div>
   <div class='ocr_carea' id='block_1_5' title="bbox 0 0 1526 5125">
    <p class='ocr_par' dir='ltr' id='par_1_5' title="bbox 0 0 1526 5125">
     <span class='ocr_line' id='line_1_53' title="bbox 0 0 1526 5125; baseline 0 0"><span class='ocrx_word' id='word_1_513' title='bbox 0 0 1526 5125; x_wconf 95' lang='lat' dir='ltr'> </span> 
     </span>
    </p>
   </div>
  </div>
 </body>
</html>
