3042 5125
252 405 313 469 718
400 406 671 468 EXOURSUS
693 407 725 466 X
745 406 810 465 AD
831 403 1088 465 HERODOT.
1110 405 1233 477 Itum.

253 617 280 651 r.
300 597 412 651 Ostind.
428 614 492 667 pag.
508 595 773 674 till-Hyperboreos
790 610 850 647 cum
865 594 1032 663 Arimaspis,
1056 593 1181 662 Gryphis
1196 592 1321 662 componi
1336 610 1388 644 nec

253 700 316 736 raro
337 683 469 734 conlundi
489 688 648 747 monuerat,
672 697 731 732 cum
751 678 791 731 illi
811 679 940 732 montium
956 684 1078 745 tractus,
1101 695 1275 747 peromnem
1295 678 1387 729 Asiam

253 766 495 837 septentrionalem
522 765 647 836 adeoque
674 765 760 834 ipsam
787 763 926 834 Europam
954 764 1073 834 porrecti
1106 762 1254 834 minusque
1282 762 1386 829 cogniti

253 852 383 905 montium
397 854 623 922 llypertorcorum
644 849 717 914 sive,
738 847 813 919 quod
835 849 927 904 eodem
948 848 1058 914 redeat,
1081 849 1261 917 Riphaeos-um
1278 847 1387 899 nomine

254 936 380 1004 insigniti
403 936 522 1003 luerint,
545 943 630 1005 atque
652 934 799 986 edumhum
818 933 847 985 in
863 933 1055 986 Ostiaccorum
1075 932 1170 1000 lingua
1186 931 1285 984 vocula
1305 934 1347 1000 rip
1361 949 1385 982 s.

253 1024 312 1092 ripla
332 1021 446 1073 denotet
467 1039 571 1075 aarum.
601 1020 698 1088 ltaque
713 1018 892 1088 llpperloreos
911 1017 1047 1070 existimat
1068 1033 1131 1069 ease
1145 1015 1300 1084 Scythicam
1321 1033 1387 1083 gen-

252 1114 306 1159 tem
320 1106 496 1173 nomadicam‚
514 1113 544 1158 nt
557 1107 699 1171 laedones,
716 1105 875 1174 Arimaspoe,
893 1105 1020 1173 Gryphoa,
1035 1102 1063 1154 in
1081 1100 1293 1170 septentrionali
1305 1100 1389 1151 Asiae

254 1198 345 1243 tractu
361 1191 477 1244 Graecis
492 1190 679 1259 Romanisque
693 1205 790 1259 parum
804 1188 933 1255 cognito,
954 1187 1034 1239 cuius
1051 1202 1125 1237 nune
1137 1184 1252 1237 maxima
1265 1202 1331 1255 pars
1346 1187 1388 1236 Si-

253 1276 342 1328 herine
355 1282 543 1327 accenseatur.
571 1274 652 1342 lpsos
668 1284 774 1326 montes
790 1274 997 1343 Hyper-dorenles
1016 1289 1048 1323 ac
1064 1271 1193 1340 Riphaeos
1213 1269 1248 1321 ad
1263 1276 1388 1333 montem

254 1359 302 1429 qui
317 1376 391 1411 nuuc
408 1363 521 1411 vocatur
539 1361 621 1425 Ural,
638 1359 733 1410 refert.
767 1357 857 1419 Quem
871 1358 931 1409 lere
947 1363 1062 1409 secutus
1077 1354 1193 1406 Rennel.
1211 1355 1318 1422 Geogr.
1333 1353 1388 1405 He-

255 1442 314 1496 rod.
338 1459 401 1512 pag.
414 1446 463 1495 tal
479 1445 706 1514 Hyperboreoruaa
726 1441 809 1493 sedes
828 1441 856 1493 in
872 1441 976 1493 Russia
996 1457 1028 1492 ac
1042 1439 1151 1491 Siberis
1166 1439 1200 1489 sd
1218 1438 1333 1490 durium
1349 1438 1389 1489 lr-

254 1528 325 1579 tiseh
341 1526 435 1595 ponit3
456 1544 526 1596 quas
549 1528 583 1580 ad
599 1528 693 1580 Sinam
715 1542 805 1594 usque
820 1533 938 1578 remotas
952 1525 1041 1576 voluit
1054 1522 1095 1575 De
1112 1523 1241 1590 Guignes
1257 1523 1340 1574 hiem.
1356 1522 1390 1573 de

256 1610 359 1663 l'Acad.
375 1611 402 1662 d.
418 1611 508 1664 lnscr.
524 1611 631 1664 XXXV.
650 1628 712 1680 pag.
730 1614 879 1664 564-572.
899 1608 1044 1662 Reichard.
1061 1607 1181 1677 (Hertha
1201 1609 1269 1659 1828
1284 1608 1312 1673 l)
1326 1623 1389 1675 pag.

255 1697 290 1748 20
304 1712 383 1764 seqq.
404 1703 494 1748 terras
514 1696 633 1747 silvosas
654 1695 727 1747 intra
748 1711 841 1747 amnes
863 1695 949 1746 Kame
972 1692 1142 1762 Volgamque
1160 1697 1189 1743 et
1207 1690 1311 1743 fluvios
1325 1689 1389 1742 Pet-

256 1779 394 1844 achoram,
417 1779 513 1832 Mesen
528 1780 708 1850 Dwinamque
722 1779 920 1848 Hyperboreos
934 1778 1059 1831 tenuisse
1074 1775 1185 1842 statuit,
1208 1775 1257 1846 qui
1274 1776 1326 1828 iam
1341 1792 1390 1843 pro

256 1863 406 1916 Sarmatiae
424 1862 649 1933 septentrionalis
671 1862 768 1915 incolis
790 1863 908 1931 agr-adu
925 1862 1017 1914 LVlll
1038 1870 1067 1913 et
1080 1860 1143 1913 nix
1165 1858 1323 1911 latitudinis
1343 1860 1389 1911 ho

257 1947 339 2000 realis
355 1963 444 2018 usque
459 1946 493 1999 ad
508 1964 581 2000 mare
595 1945 709 2015 glaciale
723 1947 782 1999 sint
803 1947 930 1999 habendi.
963 1944 1066 1998 Eodem
1089 1952 1172 2014 atque
1187 1943 1314 1996 Gelonos
1329 1961 1391 1996 esse

256 2032 454 2102 Hyperboreos
477 2031 547 2084 alius
569 2030 711 2084 contendit
732 2031 775 2084 vir
793 2030 907 2098 doctus,
928 2047 1008 2102 quem
1027 2028 1198 2082 laudavimus
1218 2027 1252 2080 ad
1268 2028 1326 2092 lv,
1346 2031 1391 2079 al.

258 2115 325 2169 lnde
340 2132 451 2186 quoque
464 2116 493 2168 in
510 2116 700 2187 antiquissima
715 2117 913 2168 Germanorum
932 2115 1046 2166 historia
1060 2112 1392 2184 Hyperboreorum'memi-

258 2200 299 2252 nit
313 2200 409 2252 Barth.
424 2200 638 2269 (Urgeschichte
650 2219 677 2253 v.
693 2198 890 2252 Deutschland.
908 2199 930 2251 l.
955 2217 982 2269 p.
996 2203 1011 2251 7
1028 2200 1122 2268 seqq.)
1143 2198 1293 2266 eodemque
1312 2198 1392 2249 etiam

256 2291 393 2352 spectant,
410 2301 481 2353 quae
497 2285 626 2354 exposuit
639 2285 750 2338 Kranae
765 2284 794 2337 in
806 2283 915 2336 Erschii
928 2290 956 2335 et
965 2283 1087 2336 Grnberi
1099 2281 1304 2350 Encyclopaed.
1318 2281 1391 2333 Sect.

257 2368 279 2420 l.
292 2367 354 2420 Vol.
366 2368 439 2419 nxl.
452 2385 515 2437 pag.
529 2373 588 2422 211.
620 2368 719 2421 Denuo
733 2369 762 2420 in
781 2370 846 2421 haec
860 2367 1007 2437 inquisivit
1021 2366 1165 2419 Voelclrer.
1182 2366 1272 2432 lllyth.
1286 2366 1391 2433 Geogr.

257 2470 320 2522 pag.
344 2454 393 2504 ton
406 2469 486 2522 seqq.
507 2454 594 2506 totins
619 2453 786 2506 narrationis
807 2452 921 2505 iundum
935 2453 963 2504 in
981 2470 1014 2505 eo
1030 2452 1095 2522 poni
1112 2456 1205 2517 ratus,
1230 2451 1306 2519 quod
1321 2451 1391 2502 anti-

257 2536 353 2609 qnitns
370 2536 528 2590 coniunctio
544 2537 678 2608 quaedam
693 2538 779 2592 luerit
796 2536 1037 2607 commerciumque
1058 2538 1131 2589 inter
1146 2533 1270 2605 Delphos
1282 2534 1392 2587 Delum·

257 2639 310 2692 que
333 2628 361 2674 et
380 2620 525 2674 Tauricam
545 2624 764 2691 Chersonesum,
790 2619 1030 2691 Milesioaque'ad
1058 2620 1257 2689 Borysthenem
1279 2620 1392 2672 colonos

257 2706 427 2776 Dianamque
442 2706 586 2760 Tauricam
599 2714 627 2760 et
642 2706 794 2778 Apollinem
809 2706 985 2775 Didymaeum
997 2708 1031 2759 ab
1046 2706 1088 2757 his
1101 2704 1211 2757 cultum.
1244 2704 1327 2756 conf.
1345 2723 1392 2773 po—

228 2833 230 2837 .
256 2791 390 2844 tissimum
411 2808 474 2859 pag.
492 2794 551 2845 loa.
579 2791 699 2844 Uschold
722 2791 902 2863 (Geschichte
923 2791 950 2843 d.
965 2792 1030 2860 troj.
1047 2790 1149 2857 Kriegs
1165 2805 1229 2858 pag.
1246 2791 1313 2854 274)
1333 2789 1392 2856 fly-

257 2876 408 2945 perhoreos
424 2875 511 2928 luisse
530 2877 673 2930 contendit
692 2875 807 2929 colonos
822 2875 988 2942 Thracicos,
1011 2895 1027 2928 a
1042 2874 1161 2927 Thracia
1183 2880 1210 2924 et
1225 2873 1392 2943 septentrio

257 2978 316 3012 nem
332 2967 359 3013 et
379 2960 511 3013 orientem
533 2979 632 3013 versus
656 2978 689 3013 ex
711 2967 790 3029 parte
810 2961 975 3013 habitantes.
1008 2959 1128 3012 Haecin
1146 2956 1394 3010 universumdicta

257 3044 413 3109 sufficiant3
432 3043 485 3096 alia
502 3045 634 3113 quaedam
650 3045 676 3097 in
693 3045 763 3115 ipsis
775 3046 810 3098 ad
821 3045 991 3098 Herodotum
1006 3044 1079 3096 notis
1094 3042 1251 3109 attulimus,
1276 3051 1307 3094 ut
1323 3059 1394 3111 qnae

257 3128 293 3179 sit
316 3128 402 3179 totius
424 3129 591 3180 narrationis
612 3115 734 3196 indoles,
757 3146 829 3199 quae
850 3130 947 3197 origo,
968 3128 1032 3181 inde
1056 3126 1251 3198 quodammodo
1273 3125 1393 3196 perspici

255 3210 355 3281 possit.
