3042 5125
290 397 556 462 HERODOTI
577 398 905 462 MELPOMENE.
928 400 984 461 IV.
1007 413 1032 465 l.
1054 409 1081 461 2.
1189 398 1256 464 287Χ

137 589 192 680 peip
208 587 274 660 ἄνα
292 588 399 679 Ἀσίης
415 583 537 682 ἦρξαν,
557 588 602 673 ὥς
621 593 678 662 καὶ
696 588 861 681 πρύτερόυ
878 615 935 680 μοι
949 600 1095 681 είρηται,
1113 590 1252 661 Σκύθαι

136 703 199 764 lasa
221 698 310 765 δνῶν
330 697 450 766 δέοντα
472 694 658 787 τριήκοντα.
703 701 910 785 Κιμμερίους
935 692 1002 785 γὰρ
1019 693 1252 775 ἐπιδιώκοντες

136 801 279 885 ἐσέβαλον
297 801 330 878 ές
348 796 410 888 τὴν
435 797 565 889 Ἀσίην,
596 797 870 878 κατακαύσαντες
895 802 952 887 τῆς
971 795 1074 889 ἀρχῆς
1092 796 1235 888 Μήδους
1244 818 1256 872 ·,

135 892 213 971 ούτοι
225 899 304 990 γὰρ,
324 904 406 992 τρλν
418 899 441 992 ἦ
452 902 595 984 Σκύθας
607 900 807 991 ύτικέσθαι,
825 892 929 992 ἦρχον
943 905 1000 990 τῆς
1013 899 1130 992 Ἀσίης.
1167 901 1253 982 Τούς

135 1003 311 1085 δλΣκύθας
329 1002 608 1098 ἀποδημήσαντας
627 1003 713 1077 ὀκτὼ
734 1009 793 1077 καλ
813 1016 917 1076 είκοσι
934 1013 1009 1076 έτεα
1029 1007 1086 1074 καί
1105 1004 1160 1075 διὰ
1174 1005 1251 1096 χρό-

133 1108 355 1180 ιοντοσούτου
374 1105 549 1193 κατιόντας
570 1116 604 1192 ές
625 1108 686 1201 τὴν
706 1111 873 1200 σφετέρην
890 1112 1059 1192 ἐξεδέξατο
1073 1104 1136 1178 οὐκ
1156 1109 1251 1179 slau-

133 1236 193 1282 σου
203 1211 301 1292 τόνος
314 1218 377 1284 τού
389 1220 566 1305 Μηδικοῦ·
590 1206 691 1307 εὗρον
707 1212 772 1304 γὰρ
783 1209 1007 1302 ἀντιουμένην
1019 1234 1081 1301 σφι
1093 1211 1252 1303 στρατιὴν

133 1311 186 1385 ούκ
197 1312 317 1406 ὀλίγην.
344 1322 382 1387 αἱ
390 1316 455 1409 γὰρ
475 1324 544 1389 τῶν
556 1322 726 1390 Σκυθέων
744 1333 919 1406 γυναῖκες,
939 1314 983 1396 ὥς
1002 1337 1064 1405 σφι
1078 1321 1114 1386 οί
1130 1314 1252 1406 ἄνδρες

132 1417 248 1508 αἰτῆσαν
261 1419 386 1511 χρόνον
403 1422 545 1511 nostis,
573 1427 727 1512 έφοίτεοκ
752 1418 843 1512 παρὰ
867 1416 946 1500 τούς
968 1419 1118 1500 δούλους.
1163 1417 1276 1500 Τούς2

94 1541 132 1592 281
140 1523 170 1594 dl
183 1524 317 1606 δούλους
332 1531 368 1596 ot
376 1524 513 1598 Σκύθαι
534 1525 661 1608 πάντας
674 1530 839 1615 τυφλοῦσι
855 1527 916 1594 τοῦ
928 1522 1090 1612 γάλακτος
1109 1528 1251 1613 εἵνεκεν,

161 1683 246 1751 ύςκαλ
254 1684 395 1764 πρότερόν
403 1709 451 1760 μοι
460 1691 581 1763 εἴρηται]
592 1696 661 1750 Vide
710 1691 763 1744 fine
776 1692 857 1744 huius
870 1692 970 1757 eapitis
987 1692 1126 1759 legunturz
1146 1686 1251 1742 τούτων

134 1763 311 1828 supral,103.
324 1763 375 1817 105
393 1765 486 1832 ibique
498 1771 569 1818 nott.
594 1768 660 1818 Mox
709 1755 761 1828 μλν
773 1759 867 1812 εἵνεκα
878 1751 1006 1828 ἅπαντα,
1021 1756 1071 1812 τὸν
1086 1752 1124 1811 ολυ
1136 1753 1251 1835 λέβητι,

134 1832 219 1898 seripsi
229 1831 303 1883 δυῶν
320 1850 371 1901 pro
385 1832 475 1903 δυῲτς
493 1833 527 1888 de
540 1851 592 1903 quo
603 1837 660 1888 vid.
710 1825 741 1882 ολ
749 1822 866 1882 Σκύθαι
879 1821 1060 1909 ἐκτυφλοῦσι·
1078 1821 1113 1881 ού
1122 1824 1176 1896 γὰρ
1185 1830 1252 1897 αρδ-

133 1903 270 1968 notem,
283 1905 327 1956 14.
358 1903 401 1955 cr.
416 1906 465 1970 lv,
480 1906 524 1958 89.
537 1905 581 1959 90.
617 1906 660 1956 Ad
710 1892 910 1966 saalabim
920 1899 1251 1966 sassieameritooffeu·

132 1972 203 2023 rerba
214 1987 288 2039 seqq.
297 1973 471 2039 Κιμμερίους
481 1968 534 2042 γὰρ
547 1968 660 2026 έπιδιιύ·
710 1987 757 2022 sus
770 1975 813 2023 est
822 1971 950 2022 Hansenz
964 1969 1117 2035 Osteuropa
1126 1976 1250 2038 ete-pag.

132 2053 215 2100 κοττες
227 2058 251 2091 κ.
266 2058 290 2092 τ.
303 2043 329 2094 λ.
344 2044 489 2096 oouieruut
501 2045 591 2098 Sohol.
605 2046 661 2096 Ho·
710 2040 752 2091 98.
769 2041 801 2090 77
814 2054 889 2105 seq.‚
906 2037 1024 2105 intelligi
1040 2054 1122 2105 posse
1136 2055 1254 2106 negans,

132 2112 488 2178 uer.ad0dyss.Xl,14.
530 2116 574 2166 Tu
596 2115 661 2166 vide
711 2109 775 2176 quid
793 2109 1254 2163 eommuuahabeataervorumex-

132 2186 215 2232 nubta
224 2182 257 2232 ad
268 2181 404 2236 Herodot.
419 2186 448 2245 1,
460 2186 485 2237 θ.
501 2185 541 2237 15.
553 2186 601 2248 IV,
616 2185 660 2237 il.
710 2180 910 2231 caecandorum
924 2195 982 2230 mos
994 2194 1057 2231 oum
1068 2195 1198 2248 equarum
1213 2180 1253 2231 la·

131 2242 325 2310 adserebatur
343 2251 501 2318 (redeuntes)
518 2255 591 2307 euni.
606 2254 660 2318 ΙΙΙ,
710 2254 753 2301 cte
769 2254 797 2300 et
812 2250 913 2315 butyro
928 2249 991 2301 inde
1001 2251 1140 2315 parando:
1159 2251 1253 2302 iulis-

131 2320 263 2386 lb.1v‚3,
278 2338 313 2375 ue
326 2322 415 2387 plura.
709 2320 802 2371 soloti
812 2319 971 2372 narratione
980 2320 1091 2371 turbata
1100 2335 1161 2372 esse
1171 2335 1254 2386 quae·

169 2381 291 2453 ἐφοίτεον
322 2385 402 2457 παρὰ
430 2383 497 2450 τούς
523 2387 661 2459 δούλους]
710 2390 772 2441 darn
799 2390 862 2441 inde
890 2390 1031 2441 existimat
1055 2395 1105 2440 aut
1132 2405 1254 2443 errorem

131 2459 234 2525 „Quippe
245 2465 365 2526 ιοιιίνρκο
377 2478 461 2514 eoram
474 2466 551 2529 λοκρα
566 2479 660 2528 καιρι-
709 2459 845 2526 quendam
857 2459 985 2524 subesse,
1002 2464 1097 2512 uatum
1108 2460 1185 2511 illum
1194 2461 1253 2527 qui-

131 2533 225 2583 οισιίαιι
240 2533 351 2585 virores
367 2533 457 2596 fessas
472 2560 506 2570 -
521 2536 602 2586 seruis
624 2535 661 2585 uel
709 2530 769 2583 dem
784 2545 817 2582 ex
831 2530 1058 2594 interpretatione
1070 2530 1187 2596 quasdam
1196 2531 1253 2583 Hs·

132 2601 253 2653 υαίοδίισο
272 2618 394 2667 pecorina
403 2638 407 2645 -
415 2606 513 2655 relicua
535 2604 658 2655 ποδαρκέ’
709 2601 806 2651 rodoto
818 2599 949 2663 exhibita,
960 2600 1008 2652 sed
1020 2600 1090 2653 falso
1101 2600 1254 2665 Intellecta,

132 2669 169 2719 lta
179 2670 297 2723 lustinus
307 2672 399 2736 11‚5‚
420 2688 499 2738 quem
517 2672 660 2725 eitatVsl-
709 2670 870 2735 praesertim
899 2684 960 2719 oum
986 2669 1059 2720 inira
1084 2685 1145 2736 eap.
1168 2671 1204 2722 20
1223 2670 1252 2719 hi

131 2737 243 2803 ulmea,
266 2742 300 2792 ele
314 2756 368 2792 usu
386 2743 463 2793 verbi
481 2740 587 2807 φοιτᾶν
604 2757 660 2795 rno-

132 2823 197 2873 ueus,
208 2809 241 2863 <le
251 2827 306 2877 quo
315 2810 434 2863 (ibimus
443 2812 479 2862 ad
487 2814 528 2876 11,
538 2814 586 2866 lll
598 2812 661 2865 coll.

130 2876 164 2942 ΙΙ,
176 2878 231 2933 115.

331 2985 396 3037 Cae.
410 2987 450 3037 11.

162 3077 230 3146 Τούς
241 3080 271 3137 δὲ
285 3079 406 3148 δούλους
418 3080 449 3139 οί
460 3078 575 3137 Σκύθαι
586 3075 658 3136 κύν-

134 3156 324 3226 tremolosa]
334 3160 377 3211 De
385 3158 428 3209 his
437 3156 659 3210 uenieruntNon-

134 3237 187 3274 num
199 3228 226 3276 in
239 3228 354 3295 Gregor.
372 3230 505 3280 Nauiaua.
519 3242 584 3292 pag.
600 3227 658 3277 152.

135 3293 221 3360 alligit
232 3297 393 3350 Herodotea
399 3296 566 3349 Plutarchus
579 3297 612 3347 Τ.
620 3296 659 3346 ΙΙ.

134 3364 212 3426 pito
222 3364 254 3418 A.
270 3368 343 3434 Opp.
361 3369 481 3434 itemque
495 3364 587 3444 Βοὶιολ.ι
600 3366 661 3416 Ari·

135 3434 244 3498 stophen.
256 3439 329 3505 qu.
342 3438 411 3502 959,
429 3437 477 3489 ubi
488 3436 608 3502 μολγους
621 3437 662 3486 iu-

134 3504 302 3567 terpretsntur
313 3498 447 3573 τυφλούς,
459 3506 615 3572 Scythicam
629 3521 662 3556 ex

134 3569 254 3652 llaroloti
264 3578 356 3629 verbis
370 3592 455 3643 praue
469 3577 602 3643 tingentes
614 3591 662 3626 na-

134 3644 231 3696 lienem.
262 3649 357 3699 Utitur
374 3653 467 3699 autem
486 3651 581 3698 nostro
600 3646 661 3697 loeo

134 3707 236 3767 Heereu.
249 3717 291 3768 ld.
302 3719 331 3780 1,
344 3720 368 3768 2.
380 3733 446 3784 pag.
458 3717 525 3781 299,
543 3732 614 3782 quo,
630 3721 661 3766 ut

134 3779 231 3848 uliquis
239 3788 383 3837 nomadum
392 3788 535 3853 gentibus,
545 3787 587 3836 ita
595 3787 661 3851 Scy-

133 3847 181 3928 llis
190 3868 294 3921 quoque
309 3871 402 3909 servos
418 3857 504 3909 iuuisse
516 3857 659 3922 probaret3

134 3917 244 3988 idemque
257 3931 357 3990 monet,
374 3926 537 3992 Scytharum
551 3942 566 3976 e
578 3927 661 3976 terris

133 3994 661 4130 illibabilllaliltl

135 4130 170 4180 ies
182 4134 333 4187 traductam
345 4136 445 4189 fuisse:
462 4138 535 4188 unde
546 4135 659 4199 iactum,

135 4200 163 4246 ul
172 4202 281 4264 posthae
293 4205 454 4272 Scytharum
472 4205 581 4258 nomine
599 4222 661 4272 pro-

135 4270 660 4396 uffiwwaw

136 4419 221 4472 τουσι,
239 4357 382 4473 {assumes
400 4401 466 4481 olor]
490 4385 542 4467 H’is
559 4416 660 4479 verbis,

137 4477 285 4541 quibuscum
302 4485 439 4554 iungenda
450 4490 528 4551 sunt,
550 4486 662 4552 quaein

709 2739 764 2805 ipsi
777 2739 850 2789 servi
861 2743 994 2790 vocentur
1005 2731 1036 2788 ολ
1043 2737 1146 2801 τυφλοί
1149 2757 1157 2801 ;
1171 2754 1254 2804 quam

710 2810 739 2861 in
757 2824 814 2859 rem
830 2808 925 2872 affert,
942 2808 1014 2875 quod
1029 2807 1105 2874 apud
1117 2808 1253 2861 Osmanos

710 2894 807 2930 servus
827 2883 944 2931 uocatur
965 2879 1044 2939 leole,
1067 2893 1117 2929 eae
1201 2881 1207 2892 '
1242 2897 1253 2939 ,·

711 2953 758 3011 aut
776 2949 801 2999 si
815 2946 969 3000 boemiam
986 2946 1109 3013 placeat,
1137 2963 1152 2998 a
1198 2948 1254 2998 tari

710 3034 817 3084 quoque
843 3034 926 3084 posse
953 3018 1096 3070 existimat
1121 3018 1155 3069 de
1181 3018 1252 3068 auti-

710 3104 765 3155 qua
782 3090 870 3152 lama,
890 3103 971 3156 quam
989 3089 1025 3139 ad
1037 3103 1114 3140 susm
1133 3091 1252 3143 τελείου

708 3160 811 3211 Noster
826 3165 926 3211 temere
943 3158 1134 3222 transtulerit,
1151 3162 1200 3209 aut
1218 3159 1253 3210 de

710 3228 1253 3363 ἓέἰίἒὶἰὲλῖἔὲῗλῗλίδλέλᾎΐξ

710 3369 790 3433 lieet,
813 3369 850 3418 ad
871 3369 1003 3431 inferiora
1026 3369 1122 3421 domus
1141 3370 1252 3435 negotia

712 3453 773 3489 eam
800 3438 889 3504 ipsam
917 3439 951 3489 ob
979 3454 1091 3491 oausam
1118 3439 1252 3490 adhibitis

712 3509 821 3559 omnino
838 3523 990 3560 sermenem
1003 3509 1072 3562 fieri.
1119 3508 1160 3560 Ae
1177 3510 1253 3559 simi·

711 3578 765 3629 lem
786 3578 845 3630 fere
866 3579 896 3629 in
916 3578 1026 3629 modum
1044 3581 1134 3631 Ksuse
1157 3578 1253 3644 (Urge-

711 3648 834 3699 sohiehts
848 3649 897 3700 des
912 3648 1070 3700 Esthniseh.
1082 3647 1253 3700 Volksstam-

710 3733 769 3769 mea
781 3734 845 3784 pag.
857 3717 920 3782 299)
930 3719 1101 3783 auspicatur,
1114 3719 1161 3784 agi
1173 3718 1254 3769 forsi-

710 3793 761 3839 tan
773 3788 825 3839 hoe
840 3786 900 3839 loco
913 3788 947 3837 de
959 3788 1066 3852 caeeis,
1085 3789 1132 3853 qui
1143 3788 1254 3853 plurimi

711 3857 803 3909 adhue
814 3859 988 3923 reperiantur
999 3857 1028 3907 iu
1040 3860 1121 3907 terris
1134 3858 1252 3909 Κυταίου

710 3927 952 3990 meridionalibus,
973 3931 1031 3976 tum
1054 3926 1089 3977 ob
1112 3926 1251 3992 pulverem

709 3998 852 4061 subtilem,
878 4001 935 4047 tum
954 3996 988 4046 ob
1010 3997 1112 4047 iunium
1133 3997 1161 4046 in
1181 3997 1253 4048 ossis

711 4082 819 4134 semper
836 4067 987 4118 excitatum
1004 4066 1144 4132 oculisque
1158 4066 1252 4118 buma-

710 4138 755 4189 nis
774 4138 914 4200 nocivum,
933 4136 1032 4203 quique
1046 4136 1110 4187 iude
1123 4137 1159 4188 ad
1171 4152 1254 4202 nego·

709 4208 751 4257 tia
776 4207 906 4258 iuferiora
931 4207 1082 4258 domestica
1105 4208 1253 4259 adhibean-

710 4282 764 4330 tur.
789 4279 865 4340 Quae
875 4281 949 4328 certe
962 4276 1149 4342 probabiliora
1160 4278 1254 4329 viden·

711 4352 755 4399 tur
776 4347 826 4411 iis,
846 4362 917 4413 quae
937 4352 1106 4399 commentus
1125 4351 1167 4398 ast
1180 4349 1253 4398 Neu·

711 4432 808 4468 manns
836 4417 889 4468 Dis
909 4415 1043 4469 Hellenen
1063 4418 1100 4467 im
1119 4416 1252 4482 Skythen-

709 4485 791 4538 lsnde
803 4501 865 4552 pag.
881 4487 1038 4539 279—282.
1072 4484 1162 4536 Attuli
1173 4485 1253 4552 leaeo,
