3042 5125
274 368 334 430 224
351 370 356 381 '

708 371 979 434 IIERODO'I‘I

273 563 378 648 μένου
393 558 539 648 δύναμαι
553 557 714 646 ἀκοῦσαι,
730 565 827 629 τοῦτο
841 564 1006 650 μελετοῐν,
1020 556 1106 638 ὅκως
1118 557 1271 627 θάλασσα’
1287 558 1393 628 ἐστιτὰ

274 667 428 732 ἐπέκεινα
443 667 500 751 τῆς
515 659 688 753 Εὐρώπης.
719 667 752 746 ἐξ
767 663 904 751 ἐσχάτης
924 660 959 731 δ’
974 654 1024 732 civ
1037 658 1056 730 ὅ
1071 689 1105 731 τε
1121 669 1308 749 κασσίτερος
1326 658 1393 751 ἡμῖν

208 771 376 858 ιιθφοιτςὶ
396 768 451 835 καλ
470 765 508 833 τὸ
527 765 697 855 ἤλεκτρον.
736 766 829 853 Πρὸς
850 767 886 835 di
902 763 1028 853 ἄρκτον
1046 770 1103 853 της
1118 762 1280 853 Εὐρώπης
1297 770 1393 856 πολλῷ

274 879 480 948 τιπλελστος
500 865 620 956 χρυσὸς
643 877 799 958 φαίνεται
819 868 900 939 ἐών·
931 867 1017 948 ὅκως
1036 869 1099 957 μὲν
1123 867 1311 955 γινόμενος,
1334 864 1428 936 οιάιιι

194 1002 196 1007 ·
274 980 338 1058 ἔχω
359 968 556 1041 οὐδὲτοῦτο
577 970 741 1060 ἀτρεκέως
762 971 868 1041 εἶπαι·
895 978 1024 1060 λέγεται
1042 972 1079 1040 δὲ
1093 966 1179 1039 ὑπὲκ
1193 974 1260 1039 τῶν
1273 976 1392 1057 μρνπων

273 1071 432 1163 ἁρπάζειν
450 1072 688 1164 Ἀριμασποὺς,
720 1073 847 1165 ἄνδρας
866 1073 1161 1164 μουνοφθάλμους.
1195 1082 1344 1162 πείθομαι
1364 1074 1392 1142 di

308 1238 391 1289 τοῦτο
402 1238 533 1306 μελετῶν]
555 1242 572 1292 ἰ,
589 1258 613 1292 c.
628 1242 753 1307 quamvis
765 1253 819 1293 sta-

264 1313 353 1369 «iioae,
367 1313 443 1361 enimc
453 1314 482 1361 ιἰλ
495 1328 582 1375 opens,
596 1317 626 1361 ut
639 1327 677 1361 so.
693 1330 776 1362 omen
787 1314 819 1361 de

272 1382 432 1444 dissertione
447 1382 509 1444 qaid
518 1384 689 1445 comperirem.
713 1381 753 1431 (li.
768 1382 818 1440 VI,

275 1451 333 1499 105.
354 1451 444 1511 Quare
454 1465 508 1498 nou
522 1456 590 1512 erat,
604 1465 652 1499 cur
663 1450 731 1501 haec
745 1451 819 1501 solli·

273 1519 373 1568 citaret
388 1517 521 1569 Valckeu.
538 1546 572 1555 —
583 1520 625 1569 De
637 1525 728 1582 etymo
742 1522 818 1571 vocis

273 1576 410 1652 ἤλεκτρον
429 1603 484 1638 non
503 1594 545 1640 est
566 1589 638 1654 quod
656 1604 736 1654 agam
754 1595 819 1654 post

273 1673 315 1718 ea,
329 1673 397 1723 quae
411 1672 445 1707 ex
459 1662 581 1708 veterum
595 1664 623 1708 et
638 1663 818 1711 recentiorum

273 1727 508 1791 disputationibus
526 1727 621 1778 attulit
633 1728 754 1794 Dilthey.
768 1729 785 1779 1.
800 1729 818 1780 1.

273 1812 337 1862 pag.
352 1796 368 1846 o
383 1811 450 1861 seq,
461 1798 507 1863 qui
519 1796 589 1847 idem
604 1802 710 1863 monet,
728 1800 818 1864 page?

273 1881 349 1931 seqq.
369 1866 440 1915 hanc
455 1882 549 1918 vocem
567 1867 601 1917 de
615 1867 722 1919 duabus
737 1869 817 1919 rebus

273 1935 355 2001 piane
369 1936 484 1987 diversis
498 1942 660 2002 usurpatam
673 1953 742 2001 esse,
755 1954 817 1988 cum

274 2006 354 2055 modo
373 2005 512 2056 metallum
535 2006 670 2072 quoddam
697 2007 742 2071 (de
763 2023 818 2073 quo

273 2075 380 2125 Plinius
396 2075 470 2126 Hist.
483 2076 547 2125 Nat.
564 2076 699 2137 xxxin,
714 2080 744 2138 4,
757 2077 817 2140 231,

274 2145 354 2196 modo
366 2147 516 2208 succinum,
528 2147 600 2211 quod
612 2144 721 2208 dicitur,
734 2147 818 2211 signi-

273 2213 344 2263 ficet.
377 2214 544 2264 Herodotum
558 2215 592 2264 de
604 2216 715 2265 succino
733 2214 818 2281 (quod

274 2283 367 2333 forsan
380 2299 428 2348 pro
441 2283 550 2334 metallo
563 2283 667 2344 habuit,
679 2285 758 2334 modo
769 2301 817 2336 uo-

274 2354 311 2401 rit
320 2354 487 2415 accuratius,
500 2353 571 2418 quod
584 2354 672 2417 ipsum
684 2354 818 2417 dubitem)

275 2421 429 2485 cogitasse,
452 2422 498 2473 vix
521 2426 563 2472 est
589 2423 660 2488 quod
683 2439 817 2474 moneam.

274 2490 354 2539 Coni.
365 2490 447 2540 etiarn
456 2490 600 2541 Honesti.
611 2493 686 2556 ρ.5λ.
694 2498 760 2557 not,
771 2496 819 2559 qui

272 2559 354 2626 plane
370 2558 428 2611 alia
440 2562 547 2612 ratione
564 2560 645 2613 husius
666 2562 742 2614 vocis
760 2571 819 2629 ety-

274 2645 337 2681 mon
357 2630 494 2695 explicare
515 2630 622 2695 studet,
639 2633 672 2684 de
687 2633 817 2685 adverbio

273 2734 321 2781 ηρι
336 2716 368 2782 (i.
382 2733 405 2767 e.
421 2733 514 2778 mane,
531 2719 567 2770 ad
580 2719 723 2785 orientem)
743 2720 817 2770 etde

272 2802 366 2852 radice
380 2801 466 2862 δανος
483 2806 626 2870 cogitans,
645 2806 740 2870 quain
757 2805 817 2857 Cel-

273 2872 329 2921 tica
356 2873 452 2939 utique
479 2874 572 2940 lingua
599 2875 688 2925 rivium
715 2893 737 2927 s.
769 2877 817 2925 flu·

272 2943 347 2992 vium
358 2942 508 3008 significari
518 2944 695 2996 contendunt.
716 2946 816 3006 „Confi

272 3012 355 3061 etiam
371 3012 457 3062 Milin.
478 3014 505 3062 in
521 3013 700 3079 Mindralogie
715 3014 817 3065 Homd-

273 3081 350 3144 rique
363 3079 450 3131 Class.
470 3084 503 3131 V.
524 3099 549 3147 p.
563 3084 597 3132 48
614 3099 690 3148 seqq.
712 3085 755 3135 ed.
776 3101 817 3136 se·

272 3149 364 3211 csend,
376 3150 423 3199 ubi
434 3166 461 3215 p.
476 3151 509 3201 58
523 3152 693 3203 Herodoteus
709 3169 817 3220 quoque

271 3217 348 3268 locus
363 3220 541 3285 attingitur.“
557 3222 606 3271 Gr.

308 3278 337 3347 ἐξ
352 3278 468 3353 ἐσχάτης
482 3280 511 3336 δ’
525 3276 565 3339 ὧν
577 3278 593 3339 ὅ
606 3304 634 3338 τε
652 3289 816 3355 κασσίτερος

273 3382 306 3392 -—
319 3349 350 3404 τὸ
357 3344 502 3425 ἤλεκτρον]
516 3359 566 3408 Ηλιι
574 3359 667 3409 verbis
676 3361 816 3411 concludit

272 3425 374 3475 Noster
398 3442 475 3477 suam
501 3429 701 3492 narrationem,
730 3432 816 3494 respi-

272 3496 348 3544 ciens
374 3497 466 3559 sdea,
491 3513 561 3563 quae
585 3515 616 3549 su
637 3514 667 3548 ra
683 3515 743 3565 cap.
767 3501 816 3552 luo

273 3565 477 3616 enuntiaverat:
506 3559 538 3615 αλ
560 3558 590 3617 δ’
611 3512 740 3632 Egeriai
759 3585 816 3627 κως

272 3632 322 3697 τῆς
335 3628 501 3700 οἰκουμένης
514 3629 548 3685 τὰ
566 3628 697 3687 κάλλιστα
715 3632 815 3703 ἔλαχον

273 3701 332 3762 (ubi
346 3705 403 3754 rid.
416 3706 500 3770 nott.)
520 3713 548 3758 et
561 3723 631 3772 quae
648 3708 677 3760 in
690 3708 743 3758 tine
753 3725 814 3773 cap.

276 3774 324 3822 tto
347 3774 443 3825 iterum
467 3778 641 3841 pronuntiat:
665 3770 697 3826 αλ
715 3771 751 3843 δὴ
775 3773 814 3830 ὦν

271 3834 395 3905 laxasset
414 3841 554 3895 οἴκασι-
572 3839 606 3896 τὰ
619 3838 749 3897 κάλλιστα
767 3849 814 3899 ὄσ·

271 3905 372 3961 κεόντα
390 3903 460 3979 ἡμῖν
478 3908 612 3965 εἶναικαὶ
636 3909 814 3970 σπανιώτατα

271 3973 440 4043 ἔχειναιλτιὲ.

451 4120 517 4172 Car.
537 4121 633 4173 CXVI.

307 4211 386 4282 Πρὸς
408 4213 438 4268 di
466 4210 570 4285 ἄρκτον
580 4222 631 4290 τῆς
658 4215 812 4293 Εὖρῶπης]

270 4291 313 4340 Ex
330 4288 357 4338 h.
376 4288 395 4342 λ.
414 4296 442 4340 et
459 4291 515 4352 IV,
535 4296 579 4344 42.
591 4297 626 4346 45
644 4296 759 4362 intelligi
772 4301 813 4348 ait

270 4358 438 4425 Sohueigh,
460 4361 597 4428 Europam
621 4380 655 4415 ex
678 4366 812 4419 Herodoti

270 4428 377 4479 ratione
396 4431 543 4482 secundum
561 4437 646 4484 totam
662 4436 756 4488 Asiam
770 4455 813 4489 su·

869 1255 952 1305 perne
969 1240 1075 1306 porrigi
1094 1240 1301 1305 universamque
1317 1239 1392 1299 Asiae,

870 1326 950 1374 quam
964 1325 1014 1360 nos
1027 1324 1173 1372 vocamus,
1186 1316 1289 1375 partem
1301 1315 1393 1373 septen·

870 1380 1015 1430 triouslem
1043 1379 1280 1444 comprehendere.
1321 1382 1392 1427 Accu-

870 1450 958 1499 ratius
985 1450 1012 1498 iu
1037 1448 1106 1499 haec
1130 1449 1275 1513 inquisivit
1293 1448 1392 1497 Heereu.

869 1519 954 1569 Ideen
976 1518 1000 1580 l,
1026 1519 1047 1567 λ.
1076 1533 1101 1583 p.
1122 1518 1173 1581 93,
1198 1524 1393 1569 commonstrem

870 1589 955 1638 verba
969 1579 1039 1652 πρὸς
1052 1580 1158 1651 ἄρκτου
1172 1586 1222 1652 της
1234 1579 1362 1650 Εὐρώπης
1372 1592 1393 1635 et

869 1673 944 1723 seqq.
964 1674 1018 1708 uon
1035 1660 1092 1706 tam
1107 1657 1143 1706 ad
1160 1659 1285 1723 Europae
1301 1664 1393 1706 nostrae
1473 1686 1474 1711 ι

870 1733 963 1792 partes
982 1726 1215 1792 septentrionales
1242 1735 1270 1778 et
1288 1726 1393 1776 occiden-

870 1795 939 1847 tales
959 1804 1100 1862 spectare,
1119 1812 1203 1861 quarn
1222 1797 1256 1846 ad
1271 1796 1346 1846 Asiae
1361 1810 1392 1843 re·
1473 1802 1474 1839 ι

869 1868 965 1931 gioues
995 1867 1227 1931 septentrionales
1263 1866 1309 1929 (ad
1336 1880 1392 1930 quas
1473 1890 1474 1909 t

869 1937 978 1987 easdem
991 1935 1111 1986 tabulam
1125 1936 1161 1987 de
1170 1937 1315 2000 Arimaspis
1326 1934 1393 2000 perti·

868 2018 933 2056 uere
946 2010 1023 2070 patet
1036 2021 1069 2055 ex
1081 2005 1135 2068 IV,
1154 2008 1201 2065 27)
1219 2022 1252 2055 ac
1270 2004 1392 2070 sigillatim

869 2075 904 2125 ad
917 2091 963 2125 eos
977 2081 1091 2139 montes,
1108 2077 1156 2140 qui
1171 2076 1301 2127 Siberiam
1312 2090 1327 2124 a
1338 2074 1392 2123 Tar·

868 2146 941 2194 taria
955 2161 1054 2210 magna
1066 2145 1225 2211 seiungunt,
1240 2160 1308 2194 nunc
1318 2142 1394 2207 cogni·

869 2222 913 2264 tos
936 2216 1044 2265 nomine
1069 2216 1142 2266 Altus·
1167 2222 1195 2265 et
1213 2231 1279 2265 auro
1302 2214 1393 2263 minime

868 2290 1008 2343 carentes,
1027 2301 1102 2343 cum,
1121 2301 1194 2350 quae
1206 2285 1261 2334 illic
1272 2283 1393 2333 habitasse

869 2355 997 2404 dicautur
1010 2360 1120 2419 gentes,
1140 2370 1234 2405 omnes
1250 2369 1312 2403 aure
1322 2353 1392 2402 abun·

869 2423 935 2473 dare
956 2424 1166 2488 perhibeantur,
1192 2429 1220 2476 et
1244 2422 1392 2473 metallorum

869 2493 1000 2559 reliquiae
1014 2493 1104 2544 adhuc
1120 2495 1150 2543 in
1169 2496 1204 2543 iis
1216 2495 1281 2559 ipsis
1295 2491 1394 2558 regioni·

868 2564 920 2614 bus
931 2564 1124 2626 inveniantur,
1141 2565 1240 2630 quibus
1256 2564 1339 2614 orbem
1349 2568 1393 2611 ter·

868 2648 957 2683 rarum
982 2638 1091 2684 omuino
1114 2633 1208 2684 claudi
1227 2640 1254 2685 et
1270 2632 1392 2684 terminari

867 2703 1001 2768 putarint.
1022 2703 1099 2753 Coei.
1118 2705 1205 2755 etiam
1225 2720 1292 2770 quae
1308 2701 1391 2761 adlll,

871 2773 919 2823 102
932 2772 1137 2837 adscripsimus.

902 2842 996 2909 πολλῷ
1008 2858 1040 2891 τι
1052 2842 1183 2899 πλεῖστος
1196 2833 1296 2906 χρυσὸς
1308 2836 1391 2902 quist-

867 2909 924 2976 ται]
947 2927 973 2960 τι
994 2927 1056 2962 cum
1077 2917 1194 2964 recentt.
1215 2912 1274 2962 edd.
1291 2909 1391 2975 plurium

867 2981 946 3031 codd.
963 2982 1128 3032 auctoritate
1138 2984 1241 3047 recepi,
1254 2997 1311 3061 cuiq
1322 2977 1391 3054 vulp)

867 3051 986 3102 abesset.
1013 3078 1046 3088 —
1068 3053 1249 3104 Locutionem
1265 3065 1330 3100 νπεκ
1346 3059 1391 3094 των

867 3114 1392 3183 ppouoivillustrantiiomericaIli.XVI,

866 3190 928 3243 353.
947 3190 998 3243 Od.
1015 3190 1064 3248 Xl,
1078 3191 1122 3243 37.
1135 3191 1180 3241 lli.
1195 3194 1234 3252 V,
1253 3191 1310 3240 854.
1325 3184 1390 3245 l'IlI,

866 3259 926 3309 504.
939 3259 997 3322 XV,
1010 3260 1071 3310 628.
1087 3261 1146 3313 720.
1164 3262 1256 3323 XVII,
1269 3260 1324 3310 461,
1339 3253 1391 3304 581.

866 3328 941 3379 ldem
962 3328 1072 3381 dicendi
1092 3346 1179 3395 genus
1197 3331 1318 3395 frequens
1330 3321 1390 3389 apuli

866 3397 1037 3462 Apollonium
1059 3400 1210 3462 Rhodium,
1234 3401 1308 3450 cuius
1327 3396 1390 3473 locos

867 3466 978 3533 collegit
997 3467 1144 3519 Wellauer.
1174 3472 1202 3519 in
1222 3469 1312 3520 Indice
1335 3462 1389 3512 eut.

866 3551 934 3587 suae
948 3554 970 3587 s.
982 3554 1008 3589 v.
1036 3539 1079 3589 Tu
1090 3539 1153 3590 vide
1166 3555 1237 3590 nuuc
1248 3538 1280 3589 de
1290 3537 1336 3587 hac
1346 3533 1390 3581 ior·

865 3606 939 3656 mula
951 3607 1097 3660 Homerica
1115 3616 1246 3660 accurate
1264 3608 1289 3656 di
1322 3608 1390 3653 utau-

867 3680 920 3726 tem
935 3677 1070 3740 Spitzner.
1090 3679 1119 3728 iu
1138 3678 1286 3729 Excurs.X
1324 3673 1349 3723 ll
1360 3668 1390 3719 td

865 3745 977 3796 Homeri
988 3746 1067 3798 Iliad.
1081 3764 1144 3814 pag.
1160 3750 1207 3808 773
1227 3744 1388 3820 cuiusdispu·

866 3815 981 3865 tationis
991 3833 1123 3868 summam
1133 3819 1227 3869 retulit
1236 3813 1352 3867 Diodori.
1365 3823 1388 3856 ιιι

865 3884 998 3937 Thesaur.
1009 3887 1088 3953 Liug.
1103 3888 1197 3939 Graec.
1209 3889 1240 3937 T.
1251 3884 1324 3936 vni.
1334 3893 1387 3947 pag·

866 3954 927 4005 124.
937 3982 973 3993 -
985 3958 1026 4007 De
1035 3960 1157 4022 pryplmu
1175 3956 1269 4008 tabula
1281 3954 1388 4028 disputa·

864 4024 952 4075 umus
970 4026 997 4074 in
1010 4028 1134 4078 Excursu
1153 4027 1187 4078 ad
1201 4028 1228 4078 h.
1238 4026 1256 4076 1.
1286 4025 1325 4074 De
1336 4019 1388 4068 Art·

863 4098 958 4172 mugpis
973 4095 1125 4148 videbimus
1139 4097 1173 4148 ad
1188 4098 1236 4159 lV,
1250 4096 1291 4145 27.
1304 4091 1343 4142 32.

898 4161 1007 4228 ανδρας
1034 4157 1289 4230 μουνοφθάλμους]
1321 4161 1386 4209 l'nus

864 4231 1004 4284 Sancroiti
1018 4234 1087 4285 liber
1099 4227 1324 4299 μονοφθάλμους,
1335 4240 1386 4293 12¹⁸·

863 4317 910 4351 ve:
936 4304 991 4354 vid.
1009 4303 1126 4356 Bredov.
1146 4321 1208 4371 pag.
1230 4303 1286 4354 toa.
1303 4327 1335 4378 Τ
1358 4295 1385 4372 λλ

863 4369 916 4422 fine
943 4388 1004 4438 cap.
1031 4379 1138 4426 veteres
1164 4374 1223 4424 edd.
1247 4364 1279 4421 oi
1300 4366 1327 4417 δε
1353 4378 1385 4414 ω’

863 4430 1001 4506 λσχοιτίαι,
1018 4443 1091 4508 quod
1104 4445 1218 4495 retinuit
1232 4436 1384 4494 Dindorliuti
