3042 5125
262 386 324 448 434

695 388 963 450 HERODOTI

263 582 363 669 κιρνᾷ
380 582 527 666 κρητῆρα
540 587 653 664 οἴνου,
675 575 735 646 ἆτ’
750 570 792 648 οὗ
805 587 940 648 πίνουσι
955 583 1023 646 τῶν
1037 581 1222 662 Σκυθέων,
1236 594 1315 646 τοῖσι
1327 573 1377 644 oiv-
1467 579 1468 596 ¹

265 686 342 768 δρες
357 684 507 769 πολέμιοι
520 677 736 770 ἀραιρημένοι
751 690 837 752 έωσι.
865 697 950 749 τοῖσι
967 686 988 748 δ
993 678 1001 704 '
1015 676 1059 749 άν
1071 678 1116 769 μὴ
1130 684 1379 768 κατεργασμένον
1467 689 1468 692 ’

264 775 412 874 pensito,
433 779 474 852 ού
494 783 649 870 γεύονται
667 789 727 853 τοῦ
745 796 841 855 δίνου
854 783 991 870 τούτου,
1013 781 1087 853 ἀλλ’
1103 779 1298 873 ἠτιμωμένοι
1310 779 1378 851 uiuo·

264 890 434 957 κατέαται·
463 882 592 967 ὄνειδος
612 890 652 955 δέ
663 896 728 974 σφί
745 893 813 958 έστι
832 892 989 976 μέγιστον
1002 892 1107 956 τούτο.
1140 885 1212 954 ὅσοι
1228 889 1262 956 δέ
1278 881 1318 954 οἶν
1330 883 1379 955 αύ-

264 994 332 1059 sede
343 992 399 1060 ιιαλ
411 988 515 1079 κάρτα
529 987 672 1070 πολλοὺς
684 988 811 1079 άνδρας
824 987 1038 1079 ἀραιρηκότες
1051 997 1145 1074 ἔωσι,
1161 980 1254 1058 οὗτοι
1268 991 1302 1058 δὲ
1314 988 1380 1058 σύν-

266 1099 328 1162 δυο
343 1092 481 1173 κύλικας
494 1099 624 1180 ἔχοντες
637 1101 772 1163 τείνουσι
785 1092 878 1183 ὁμοῦ.

370 1195 519 1274 Μάντιες
548 1196 584 1264 δέ
603 1200 772 1266 Σκυθέων
799 1200 862 1266 εἰσὶ
887 1197 1019 1280 πολλοὶ,
1047 1203 1081 1264 οἳ
1098 1193 1315 1284 μαντεύονται
1335 1193 1381 1282 ρά-

268 1305 378 1386 βδοισι
398 1305 539 1386 ἰτεΐνῃσι
559 1304 699 1386 πολλῇσι
719 1291 795 1370 ὦδε.
830 1297 932 1369 έιιεάν
958 1301 1124 1384 φακέλους
1144 1298 1282 1386 ῥάβδων
1299 1295 1381 1385 μενά·

266 1410 345 1482 λους
364 1404 556 1470 ἐνείκωνται
563 1454 573 1489 ,
597 1404 715 1482 θέντες
734 1406 836 1492 χαμαὶ
860 1408 1097 1485 διεξελίσσουσι
1118 1398 1259 1487 αὐτούς,
1279 1403 1329 1470 καὶ
1341 1401 1381 1468 ist

186 1185 260 1267 ἐι

268 1594 441 1667 ραιρηιιάτες.
474 1603 599 1654 Dietseh.
625 1595 810 1669 άναιρημένοι

266 1679 295 1722 et
307 1664 502 1736 άναιρηιιότες.
523 1699 556 1708 -
572 1674 605 1723 In
618 1689 694 1739 seqq.
709 1674 744 1723 sd
755 1674 810 1723 ior-

268 1757 338 1792 msm
351 1735 540 1791 ἀποκατέαται
556 1742 629 1792 coni.
646 1743 692 1804 ΙΙ,
712 1743 746 1794 86
758 1743 808 1792 ibi·

267 1826 321 1876 que
333 1817 403 1862 nott.
420 1810 505 1861 Plurs
517 1812 631 1862 Bredov.
645 1827 670 1876 p.
683 1812 744 1864 329.
755 1814 809 1861 Vs-

267 1880 304 1930 lst
322 1886 414 1931 sutem
430 1872 637 1932 discusserimus:
657 1885 779 1944 seorsim,
793 1896 810 1930 s

265 1949 378 2015 reliquis
393 1952 541 2016 segregati.
555 1953 652 2002 sedent.

302 2007 413 2076 ὄνειδος
425 2013 456 2067 δέ
470 2019 524 2077 omi
534 2009 590 2069 ἐστι
602 2014 732 2084 μέγιστον
749 2017 811 2067 τοῦ·

267 2087 309 2155 το]
331 2090 475 2139 Pertinent
495 2089 548 2139 hue
563 2088 651 2140 Melus
672 2089 756 2139 verbs
771 2089 810 2150 ΙΙ,

271 2160 297 2220 Ι,
314 2159 375 2209 118:
397 2157 455 2220 „Ut
472 2159 584 2223 quisque
604 2158 695 2222 plures
712 2160 811 2208 intere·

269 2228 358 2288 merit,
372 2229 412 2276 its
421 2227 494 2291 apud
504 2243 551 2277 eos
561 2226 676 2278 hebetur
686 2228 811 2278 eximius.

267 2296 411 2346 Caeterum
426 2300 562 2359 expertem
576 2312 637 2347 esse
649 2298 758 2358 caedis,
774 2297 812 2346 in·

268 2372 310 2416 ter
327 2364 526 2430 opprobrisvel
543 2366 689 2415 maximum
707 2371 758 2416 est.
777 2392 810 2401 -

270 2436 345 2484 luter
369 2433 463 2498 epulus
483 2439 551 2498 quot
572 2435 686 2500 quisqu'e
701 2435 811 2484 interis·

272 2504 341 2555 oerit
377 2502 491 2566 referre,
522 2502 674 2555 laetissime
703 2509 731 2554 et
757 2504 811 2554 tre·

270 2574 451 2640 quentissims
473 2576 589 2625 mentio:
618 2575 745 2640 binisque
763 2591 810 2640 po·

270 2643 353 2707 culis,
369 2643 416 2709 qni
427 2642 556 2708 plurimos
571 2643 702 2705 retulere,
713 2660 811 2709 perpo-

269 2719 340 2764 tunt.
367 2715 395 2765 Is
410 2714 482 2764 inter
500 2713 637 2780 dunhetss
658 2713 741 2780 [conf.
762 2715 811 2775 lv,

268 2782 296 2848 u]
309 2783 396 2835 honos
410 2785 572 2848 praecipuus
585 2790 635 2835 est.
666 2782 769 2835 Poeuls
781 2788 812 2832 ut

268 2853 423 2904 Essedones
435 2859 577 2917 pareutum
596 2853 679 2918 [coni.
692 2858 762 2904 nott.
777 2853 812 2902 sd

270 2923 322 2987 IV,
337 2920 398 2987 26],
415 2922 456 2972 its
471 2923 719 2974 inimicissimorum
738 2922 813 2987 eupi-

269 2992 343 3041 tibus
357 2991 527 3055 expoiiunt.“
545 2992 636 3042 Verbs
647 2983 751 3041 σύνδυο
764 2984 812 3039 ιιύ·

270 3061 349 3117 λιιιας
366 3053 475 3122 ἔχοντες
491 3064 575 3112 iuncta
591 3064 649 3113 διἀα
662 3067 755 3127 pocula
767 3063 813 3111 λα·

269 3130 355 3192 bentes
377 3131 574 3192 interpretetus
595 3137 655 3181 erut
675 3132 811 3196 Schweig-

267 3197 415 3248 haeuserus
430 3197 592 3249 Valckeusr.
608 3206 719 3250 secutus
735 3200 814 3266 pluis

268 3266 324 3315 slis
338 3267 365 3317 h.
380 3266 397 3316 l.
412 3266 583 3317 efferentem:
598 3269 646 3317 sed
659 3276 754 3331 postes
768 3271 814 3319 be·

269 3351 304 3385 ue
316 3335 396 3397 uidit,
409 3336 577 3386 Herodotum
591 3337 630 3386 nil
639 3337 713 3389 uliud
724 3338 813 3389 dicere

269 3404 403 3465 voluisse,
428 3406 482 3455 nisi
509 3407 567 3457 bino
586 3410 699 3472 sinpulnr
718 3409 812 3459 tatere

265 3478 366 3538 pocula.
393 3474 430 3524 Et
448 3475 490 3525 its
508 3490 614 3542 qnoque
629 3479 813 3541 senipitltist·

269 3543 403 3594 thiestis.
418 3544 465 3596 Gr.
482 3549 507 3608 5.
523 3546 581 3595 ΙΙΙ.
597 3547 667 3596 Μίοι
685 3547 711 3598 h.
734 3546 750 3598 Ι.
772 3548 812 3597 sie

175 3642 181 3649 -
267 3613 401 3663 reddidit:
421 3618 472 3673 „ils
488 3619 615 3666 resument
629 3618 699 3667 deux
719 3634 813 3682 sospes

265 3684 362 3745 pieines
381 3702 414 3735 uu
430 3687 478 3734 lieu
496 3687 571 3734 dune
594 3697 619 3737 et
634 3686 733 3737 doivent
756 3688 813 3736 ἁΙα

264 3754 721 3816 soisdnusi'uueett'aotre.“1tslns
731 3757 813 3805 inter-

268 3838 343 3887 pres:
363 3862 382 3884 „
391 3832 491 3876 εοιιονο
507 3825 613 3876 tenendo
625 3826 675 3876 due
688 3828 815 3891 coripienti

268 3896 354 3954 calici,
368 3894 446 3945 benno
459 3895 494 3943 ad
503 3911 535 3942 αιι
547 3897 655 3944 ιταιιο.“
683 3898 730 3945 Cr.
748 3893 813 3945 edd.

266 3960 407 4012 Heindorf.
421 3961 571 4011 sdPlston.
581 3964 663 4027 Ilipp.
674 3965 737 4013 mei.
751 3968 776 4027 5.
784 3966 810 4015 δ.

267 4045 292 4092 p.
304 4031 360 4080 127.
369 4031 548 4095 Devoeeipsu
555 4024 681 4095 (σύνδυο)
688 4033 741 4083 vid.
750 4034 811 4083 Ste-

267 4096 348 4162 phon.
357 4099 479 4151 Thes.L.
487 4100 533 4150 Gr.
540 4101 604 4151 VII.
615 4101 807 4166 plitaniae.

441 4217 506 4267 Csr.
523 4218 635 4269 LXVII.

301 4293 329 4350 οἳ
341 4292 524 4365 μαντεύονται
534 4295 664 4370 ῥάβδοισι
678 4298 805 4371 ἰτεΐνῃσι]

267 4373 285 4421 i.
301 4386 325 4422 e.
344 4374 388 4436 qui
400 4374 507 4437 solipuis
524 4377 602 4439 υἰνρίι
615 4376 734 4425 divinant.
766 4377 808 4426 De

265 4441 354 4491 dativi
372 4443 480 4493 ratione
495 4443 566 4495 conf.
584 4451 655 4496 nott.
668 4445 704 4495 ud
721 4446 765 4509 ΙΙ,
782 4448 806 4494 2.

858 1601 900 1652 Ad
910 1606 1097 1667 argumentum
1113 1601 1169 1653 loei
1183 1599 1339 1663 wesseling,
1354 1596 1384 1646 st·

859 1671 914 1723 fert
932 1671 1010 1737 ligne
1026 1665 1115 1720 λτέιύα
1134 1670 1211 1736 apud
1223 1669 1385 1733 Theophrsst.

860 1741 895 1790 H.
907 1740 948 1790 Pl.
962 1741 1001 1803 V,
1014 1740 1096 1804 4(vel
1106 1743 1201 1806 potius
1214 1741 1251 1800 V,
1269 1741 1300 1798 3.
1314 1735 1385 1787 tcoli.

859 1811 893 1871 V,
909 1811 934 1872 7,
948 1810 974 1872 7)
988 1815 1016 1860 et
1025 1809 1116 1864 Seboi.
1133 1808 1265 1859 Nicandr.
1278 1806 1385 1857 Therise.

860 1880 911 1931 612
933 1879 996 1942 (613
1007 1894 1072 1945 pop.
1088 1879 1123 1930 48
1143 1880 1188 1930 ed.
1201 1878 1286 1940 Keil),
1303 1877 1345 1941 qui
1360 1890 1385 1923 ex

860 1948 1001 1998 Herodoto
1018 1949 1069 1999 hoe
1087 1948 1231 1999 divinandi
1246 1962 1326 2012 genus
1337 1944 1387 1992 etti·

858 2019 899 2083 git
910 2017 1079 2083 aliorumque
1088 2018 1170 2068 simul
1180 2018 1319 2069 nationum
1329 2029 1385 2064 oon·

860 2093 992 2138 memoret
1001 2079 1385 2153 ᾇαβδομάντειαν,ροαεοωοὶ·

860 2173 895 2207 no
914 2172 963 2222 per
981 2157 1081 2208 multus
1106 2158 1223 2207 orientis
1246 2153 1386 2205 occidentis

861 2241 913 2291 que
926 2226 1021 2291 pinges
1036 2228 1180 2291 reperitur.
1205 2228 1246 2276 De
1261 2223 1385 2275 cusldsm

862 2295 932 2346 idem
950 2298 1019 2345 citet
1032 2296 1169 2346 Ezechiel.
1190 2295 1270 2352 xxi,
1289 2295 1318 2343 21
1330 2331 1336 2346 .
1350 2290 1385 2339 ubi

861 2367 896 2416 H.
904 2366 1024 2424 Grotius,
1038 2371 1066 2415 et
1076 2365 1196 2416 Poeoek.
1207 2361 1384 2429 Speoimliist

861 2435 944 2484 Arsb.
954 2451 980 2500 p.
988 2434 1052 2495 3283
1065 2435 1165 2500 quibus
1177 2435 1243 2485 eddi
1254 2433 1317 2494 vnit,
1329 2443 1385 2494 quse

861 2503 1016 2555 Csssubon.
1036 2504 1073 2554 sd
1090 2505 1220 2555 strubon.
1237 2504 1295 2554 XV.
1311 2517 1335 2566 p.
1347 2497 1385 2548 533

861 2591 884 2625 s.
904 2574 1194 2641 ιοοο,“1.ιιιιειιοιος.
1219 2573 1255 2624 sd
1272 2571 1385 2623 Ammius.

861 2643 984 2694 Marcell.
999 2644 1103 2705 xxxi,
1126 2645 1219 2710 2[nbi
1235 2643 1324 2694 eedem
1340 2640 1385 2688 iere

861 2714 895 2763 de
913 2713 1008 2762 Alanis
1030 2714 1190 2780 truduntur]
1218 2718 1246 2765 et
1261 2711 1384 2773 Bulenger.

861 2783 1261 2843 Divinst.III‚26ettulerunt.
1279 2776 1384 2830 Tueoui·

861 2852 986 2902 Crenzer.
1001 2851 1034 2903 de
1046 2852 1097 2903 hoe
1112 2851 1293 2904 divinationis
1305 2860 1384 2915 genere

861 2922 935 2984 spnd
946 2922 1063 2983 Scythes
1075 2922 1228 2989 Megesque
1241 2916 1384 2985 egentenin

861 2990 930 3041 libro
941 3009 947 3040 ι
960 2992 1015 3041 Zur
1023 2991 1247 3043 Gemmenisnnde
1258 2998 1307 3041 ete.
1320 2984 1383 3053 pst

863 3061 912 3110 184
923 3075 979 3125 seq.
992 3065 1021 3111 et
1030 3061 1090 3126 Igu.
1104 3062 1127 3112 Ι.
1139 3064 1239 3113 Hsnus
1251 3062 1291 3110 in:
1302 3055 1384 3108 Archiv

860 3130 881 3179 i.
902 3130 1000 3179 Knnde
1018 3131 1145 3181 iistreich.
1167 3121 1383 3192 Gesehiehtsqnel·

861 3198 914 3248 len.
928 3199 1036 3259 XVIII,
1050 3199 1072 3249 i.
1085 3215 1148 3265 psg.
1165 3202 1200 3252 34
1215 3216 1288 3265 seqq.
1312 3199 1348 3246 De
1358 3193 1384 3241 si·

862 3269 921 3317 mili
941 3268 1056 3333 quodem
1077 3271 1274 3321 Germanorum
1297 3266 1383 3316 dirius-

863 3339 936 3388 tione
956 3339 1070 3388 'l'seitus
1083 3339 1213 3391 German.
1232 3341 1270 3391 10.
1292 3333 1383 3387 Neein·

861 3407 999 3458 commode
1010 3412 1162 3458 nostrorum
1183 3403 1383 3461 numeremus

862 3477 985 3528 meminit
997 3479 1095 3528 Ritter.
1109 3477 1195 3529 Erdk.
1210 3481 1247 3529 ΙΙ.
1257 3494 1282 3542 p.
1294 3475 1346 3533 907,
1357 3470 1382 3517 ‘¹⁶

861 3544 1382 3611 quibusplurseGermsnosumlibsisst-

862 3616 926 3666 tulit
938 3618 961 3666 I.
975 3616 1086 3666 Grimm.
1102 3619 1235 3670 Deutseh.
1253 3611 1380 3681 Mytholog.

863 3702 890 3751 p.
903 3686 955 3735 920
969 3702 1044 3751 seqq.

898 3752 1109 3821 διεξελίσσουσι]
1133 3757 1152 3805 i.
1172 3773 1196 3807 e.
1218 3748 1363 3819 explicans
1374 3773 1381 3781 -

862 3841 918 3873 sees
930 3826 1063 3876 dissolutos
1079 3835 1102 3876 et
1115 3827 1182 3876 λιαιιι
1191 3829 1294 3891 positos.
1319 3820 1380 3897 91¹st

862 3899 1025 3957 sequuntur:
1055 3891 1102 3949 νεά
1126 3885 1172 3943 int
1197 3893 1264 3959 μίαν
1281 3881 1380 3947 ἕκαστοι

861 3954 968 4028 ῥάβδον
983 3958 1108 4020 τιθέντες
1124 3962 1299 4024 θεσπίζουσι,
1313 3955 1378 4018 vulg⁰

860 4038 985 4082 vertunt:
1006 4042 1029 4083 et
1046 4050 1239 4099 unamquemque
1255 4034 1338 4093 sirpus
1348 4039 1378 4073 tt·

858 4106 933 4152 orsini
944 4113 1065 4166 ponentes
1074 4105 1196 4154 divinant.
1217 4102 1267 4152 L'bi
1276 4113 1335 4164 quse
1346 4096 1374 4171 tii

859 4174 1070 4235 praepositionis
1088 4164 1134 4220 έτιὶ
1154 4173 1238 4233 ratio,
1257 4183 1306 4219 non
1321 4168 1375 4215 setis

858 4245 945 4304 putet,
953 4256 1032 4305 quum
1042 4242 1113 4306 quod
1123 4240 1312 4307 significatione
1320 4227 1376 4303 hund

859 4310 966 4360 differre
978 4311 1037 4361 vult
1048 4310 1159 4374 Lhurdy
1170 4327 1187 4361 s
1199 4306 1313 4375 sequenti
1321 4312 1375 4351 w&

858 4378 897 4443 (in
917 4380 1007 4431 verbis
1030 4376 1077 4429 καὶ
1103 4366 1185 4438 αὖτις
1204 4369 1288 4428 κατά
1307 4368 1375 4445 pit(

858 4449 1041 4515 συντιθεῖσι),
1053 4466 1107 4501 non
1120 4465 1264 4517 assequor,
1277 4458 1327 4495 eum
1339 4429 1372 4486 iv
