3042 5125
658 369 928 433 EXCURSUS
949 368 1012 431 VII

619 769 944 851 EXOURSUS
970 771 1048 847 VH

405 960 479 1026 AD
513 957 804 1025 HERODOT.
826 955 895 1039 ΙΙΙ,
921 958 981 1020 119
1003 955 1076 1021 coll.
1100 954 1165 1041 IV,
1194 958 1266 1022 129.

528 1251 609 1303 Viro
641 1247 901 1300 Illustrissimo
926 1247 1144 1298 Doctissimo

699 1354 725 1414 I.
741 1355 771 1412 0.
786 1355 822 1414 F.
837 1354 960 1410 Baebelo

623 1468 654 1531 C.
674 1469 735 1531 Fr.
752 1469 993 1531 Hermonnus
1020 1469 1051 1528 S.

354 1608 541 1680 „Meministi,
563 1607 613 1661 Vir
628 1609 803 1676 amicissime,
825 1614 888 1662 ente
907 1608 956 1660 hos
973 1607 1022 1659 bos
1040 1613 1098 1659 tres
1114 1625 1244 1675 menses,
1267 1624 1346 1677 quum
1358 1607 1394 1659 'l'u

268 1701 345 1751 totus
361 1714 438 1750 esses
454 1694 482 1747 in
497 1693 640 1747 Herodoto
654 1694 717 1746 Tuo
731 1693 821 1746 doctis
835 1692 910 1747 curis
925 1690 1106 1759 illustrando,
1122 1710 1176 1760 ego
1194 1692 1337 1763 Sophoclis
1350 1694 1395 1744 lin·

269 1783 389 1851 tigousm
407 1778 524 1851 publicis
541 1778 641 1831 scholis
653 1777 824 1848 explicarem,
841 1795 991 1832 sermonem
1006 1777 1080 1829 inter
1096 1795 1147 1830 nos
1159 1778 1285 1830 incidere
1300 1776 1394 1829 deloco

268 1866 316 1920 illo
331 1867 400 1919 sotis
416 1861 543 1931 notabili,
564 1880 619 1936 quo
635 1863 822 1916 Herodoteum
833 1864 890 1931 ΙΙΙ,
915 1865 965 1917 ltu
982 1861 1132 1931 Sophocles
1149 1862 1333 1933 expresserit,
1350 1861 1394 1913 ln·

270 1952 322 2021 og.
340 1953 494 2006 ooo-oro:

473 2040 506 2103 οό
522 2043 575 2118 γάρ
589 2041 654 2102 ποτ’
673 2040 734 2103 οὔτ’
752 2040 804 2115 όν,
820 2046 847 2102 el
858 2045 963 2102 τέκνων
976 2042 1066 2119 μήτηρ
1080 2044 1169 2119 ἔφυν,

473 2127 536 2188 οὔτ’
553 2132 580 2188 εἰ
591 2129 672 2196 πόσις
685 2152 732 2204 μοι
747 2127 901 2188 κατθανών
915 2128 1041 2204 ἐτήκετο,

472 2220 520 2292 βίᾳ
534 2220 655 2274 πολιτῶν
670 2213 750 2273 τόνδ’
764 2210 801 2274 ἂν
815 2211 923 2291 ᾐρόμην
938 2214 1037 2273 πόνον.

473 2305 549 2365 τίνος
563 2299 652 2373 νόμον
666 2299 702 2375 δὴ
717 2305 805 2358 ταῦτα
819 2298 889 2371 πρὸς
903 2299 985 2372 χάριν
1000 2301 1084 2371 λόγος

474 2382 556 2450 πόσις
569 2384 618 2457 μὲν
634 2382 670 2443 όν
685 2408 747 2459 μοι,
763 2383 970 2455 κατθανόντος,
987 2381 1069 2449 ἄλλος
1081 2376 1132 2457 ἦν,

472 2470 521 2526 καὶ
536 2480 603 2535 παῖς
616 2467 669 2527 ἄττ’
685 2467 770 2528 oi'llou
785 2469 893 2545 φωτός,
908 2471 935 2528 εἰ
946 2466 1028 2529 τοῦδ’
1044 2466 1208 2545 ἤμπλακον,

474 2552 576 2628 μητρός
591 2551 620 2613 d’
632 2550 762 2615 ἕν’Ἇιδοο
776 2558 826 2614 καὶ
840 2554 944 2628 πατρὸς
961 2552 1145 2614 κεκευθότοιν

475 2636 528 2698 otiu
541 2637 600 2699 ἔστ’
615 2638 735 2714 ἁδελφός
749 2638 826 2708 ὅστις
841 2637 877 2699 οἷν
892 2640 1003 2718 βλάστοι
1019 2642 1093 2698 ποτέ.

272 2747 361 2809 Quem
377 2761 460 2816 quum
475 2744 547 2798 houd
563 2747 654 2815 exigui
667 2748 793 2800 momenti
808 2766 871 2801 esse
887 2765 971 2818 posse
986 2747 1020 2799 ed
1034 2745 1215 2798 illustrandas
1231 2742 1390 2814 quaestiones

272 2836 315 2883 tot
334 2831 524 2884 recentissimo
547 2837 668 2901 tempore
688 2832 923 2902 disputationibus
940 2833 1058 2901 agitatus
1079 2831 1113 2883 de
1134 2829 1267 2882 historiae
1282 2824 1390 2879 Herodo-

271 2921 333 2968 teue
355 2921 445 2967 aetate
468 2921 551 2986 utque
568 2917 674 2985 origine
695 2916 942 2985 intellexissemus,
964 2916 1127 2985 flagitabas,
1153 2921 1200 2980 ut,
1222 2930 1290 2984 qnse
1305 2928 1350 2979 ego
1363 2908 1389 2960 de

272 3019 304 3053 eu
318 3017 350 3052 rs
365 3000 503 3070 sentirem,
520 3000 602 3054 letius
619 3019 699 3071 qusm
714 3021 764 3072 per
780 3002 910 3072 colloquii
926 3001 1071 3070 angustius
1089 2999 1201 3065 liceret,
1219 2996 1337 3068 exposito
1350 3011 1389 3063 per

271 3085 367 3137 literas
381 3084 484 3138 Tecum
496 3087 726 3140 communicarem.
760 3087 821 3154 Ego
837 3104 904 3140 vero
919 3086 986 3140 illud
1001 3086 1054 3139 etsi
1070 3085 1142 3137 baud
1158 3090 1273 3152 gravate
1286 3078 1388 3149 recepis-

272 3186 345 3232 sem,
364 3167 468 3221 diutius
482 3178 569 3223 temen
584 3169 695 3239 distuli,
712 3172 817 3224 veritus
833 3190 868 3224 ns
883 3177 932 3224 eut
947 3173 981 3224 ab
998 3170 1059 3223 uliis
1075 3170 1148 3223 dicte
1159 3184 1336 3238 recoquerem,
1350 3167 1389 3214 sut

273 3269 344 3306 nove
354 3252 441 3320 mugio
456 3270 535 3322 quom
550 3272 616 3307 veru
631 3257 772 3310 afferrem:
788 3274 877 3327 neque
892 3258 973 3324 boec,
990 3272 1061 3325 qnae
1075 3255 1127 3307 ism
1139 3254 1173 3307 ed
1189 3255 1233 3306 Te
1247 3247 1387 3322 perscripsi,

272 3338 352 3391 aliter
362 3337 480 3407 accipies
496 3356 577 3407 quem
591 3340 624 3391 sd
637 3340 789 3394 voluntatis
805 3360 879 3394 mene
895 3341 1116 3394 testificationem
1133 3340 1239 3408 scripte
1251 3354 1317 3400 esse,
1331 3349 1386 3403 quo

273 3440 332 3477 rum
346 3439 416 3492 quoe
433 3439 500 3476 veru
514 3425 585 3491 sint,
601 3424 683 3493 longe
699 3426 768 3478 sTe
785 3425 881 3479 melius
898 3427 1101 3492 scriberentur,
1118 3442 1190 3494 quse
1208 3439 1290 3488 nors,
1305 3437 1336 3471 ne
1349 3432 1387 3486 pt·

271 3516 380 3561 tronum
401 3508 509 3578 quidem
527 3527 642 3579 sperare
656 3511 697 3563 Te
715 3512 849 3579 audeant3
872 3512 964 3564 officio
985 3518 1074 3563 temen
1095 3516 1209 3562 conotus
1231 3505 1293 3560 nibil
1309 3505 1385 3555 dicere

272 3611 353 3665 quem
373 3601 465 3646 tacere
484 3594 576 3648 m'clui.
611 3594 648 3646 Et
669 3596 719 3647 boc
742 3595 852 3666 quidem
873 3602 950 3649 extra
969 3594 1167 3647 dubitationem
1188 3611 1251 3646 esse
1275 3590 1385 3646 arbitror,

271 3685 373 3731 tentum
390 3678 536 3751 utriusque
551 3680 602 3732 loci
618 3679 822 3733 similitudinem
837 3699 909 3748 esse,
928 3687 959 3732 ut
974 3699 1027 3732 non
1040 3679 1177 3749 prodiisse
1193 3679 1261 3732 ulter
1274 3671 1383 3728 exultem

273 3781 327 3816 non
343 3764 442 3833 possit.
472 3765 548 3818 Bene
564 3765 636 3818 enim
646 3765 763 3817 Wexius
781 3765 808 3817 in
820 3764 974 3834 Prolegom.
986 3765 1034 3829 IV,
1051 3769 1085 3817 22
1098 3769 1155 3816 not.
1172 3769 1188 3817 2
1206 3763 1254 3835 (Τ.
1266 3761 1287 3815 l.
1299 3779 1323 3829 p.
1333 3753 1383 3814 ldl²

272 3848 359 3920 „quid
373 3849 511 3918 tundem“,
526 3850 626 3921 inquit,
642 3856 715 3918 „est
732 3867 783 3901 cur
794 3850 867 3902 dicut
877 3844 928 3903 ἆτ’
943 3842 1053 3903 ἄλλον
1068 3844 1170 3919 φωτός,
1186 3865 1274 3921 quum,
1289 3844 1311 3894 sl
1324 3839 1383 3893 filim

272 3933 430 4003 interisset,
447 3952 501 3986 non
518 3953 632 3989 necesse
647 3941 720 4001 erat,
739 3942 814 3987 utet
832 3936 933 3987 coniux
949 3936 1109 3988 demortuus
1125 3943 1217 3998 esset,
1237 3933 1307 3984 immo
1320 3929 1382 3995 pole·

273 4023 316 4069 rat
331 4036 364 4070 ex
381 4019 476 4071 eodem
487 4019 583 4071 marito
600 4018 669 4072 ulios
686 4019 788 4073 liberos
806 4021 973 4090 suscipere?
989 4021 1107 4071 Consum
1123 4021 1192 4072 bunc
1210 4009 1382 4080 essesnspict·

272 4118 347 4168 mur,
364 4102 429 4170 quis
441 4103 569 4173 Sopbocli
587 4103 662 4157 illius
677 4106 794 4159 feminae
809 4105 984 4158 Herodoteae
1001 4104 1149 4175 exemplum
1165 4106 1326 4157 obversatum
1339 4095 1380 4154 est

273 4186 318 4239 cni
333 4186 358 4236 si
372 4186 484 4238 fratrem
498 4188 667 4256 praeferret,
689 4208 743 4243 non
761 4189 848 4243 solnm
863 4191 897 4243 de
912 4189 1077 4256 liberorum,
1100 4191 1148 4242 sed
1169 4186 1247 4243 simul
1260 4186 1290 4238 de
1303 4177 1379 4234 coniu—

272 4270 437 4344 gisiecture
451 4272 659 4339 periclitandum
674 4279 764 4326 erst.“
784 4275 933 4329 Praetereo
952 4275 1020 4328 sdeo
1044 4274 1112 4327 illud
1132 4281 1231 4343 argute
1245 4272 1332 4324 dictum
1346 4263 1379 4313 est
1417 4298 1420 4303 -

273 4363 382 4426 temque
403 4353 485 4423 longe
510 4373 525 4407 ο
547 4358 680 4409 communi
695 4358 832 4413 hominum
848 4378 933 4413 sensu
951 4360 1082 4413 recedere
1100 4361 1223 4427 ridetur,
1245 4363 1273 4408 ut
1285 4345 1377 4404 duosin

269 4441 342 4500 idem
363 4457 413 4516 pro
425 4458 456 4492 se
472 4457 605 4513 quemque
620 4442 752 4497 incidisse
770 4446 815 4498 rix
827 4445 942 4518 cogitari
957 4445 1056 4520 possit.
1085 4444 1258 4501 Exstiterunt
1272 4452 1340 4500 sone,
1354 4431 1377 4483 ul
