3042 5125
428 412 755 475 MELPOMENE.
777 415 832 477 IV.
857 427 902 479 53.

1174 416 1234 477 411

117 613 286 690 θολεροῖσι,
317 601 439 691 σπόρος
465 631 501 672 τε
529 601 609 693 παρ’
631 600 736 674 αὐτὸν
757 602 891 694 άριστος
916 612 1062 692 γίνεται,
1089 614 1167 694 ποίη
1190 635 1236 694 τε,

118 712 152 796 τῇ
168 703 204 776 οὕ
222 713 390 794 σπείρεται
411 702 432 796 ἡ
452 706 562 796 χάρη,
590 708 783 798 βαθυτάτη,
805 707 882 789 άλες
901 735 937 776 τε
959 710 1014 778 ἐπὶ
1034 712 1082 800 τῷ
1100 709 1236 799 στόματι

118 807 208 878 οάτοῦ
231 806 408 897 αὐτόματοι
432 811 619 900 πήγνυνται
642 809 795 881 άπλετοι·
827 809 928 901 κήτεά
952 838 987 880 τε
1007 812 1133 900 μεγάλα
1154 809 1234 882 άνά-

117 924 230 1000 κανθα,
244 910 283 982 τά
297 909 498 995 ἀντακαίους
511 917 684 1002 καλέουσι,
698 919 875 1005 παρέχεται
887 919 920 995 ἐς
933 923 1140 1004 ταρίχευσιν,
1152 912 1236 986 άλλα

117 1044 145 1085 τε
163 1014 260 1085 πολλὰ
278 1016 458 1106 θωυμάσαι
478 1017 563 1100 άξια.
604 1022 716 1107 Μέχρι
736 1021 798 1108 μέν
816 1047 881 1088 νυν
902 1021 1031 1108 Γέρρου
1050 1017 1178 1108 χοίρου,
1202 1024 1235 1100 ἐς

116 1118 165 1188 τὸν
183 1119 420 1206 τεσσεράκοντα
443 1118 594 1210 ἡμερίων
613 1121 712 1202 πλόος
733 1125 820 1208 ἐστὶ,
842 1122 1040 1211 γινώσκεται
1064 1125 1152 1212 ῥέων
1171 1119 1237 1193 άπὸ

116 1286 280 1351 fertilissima,
302 1301 374 1338 nunc
387 1286 469 1351 plane
479 1289 589 1340 deserta
601 1288 641 1338 iu·

115 1357 205 1419 ueniri,
218 1357 290 1408 nullo
308 1357 437 1407 arborum
448 1356 642 1423 virgultarum·

118 1442 159 1492 qne
170 1425 438 1491 proventu-insignia
454 1443 503 1478 nec
523 1428 641 1479 ferarum

116 1496 194 1561 cepit,
209 1502 239 1547 nt
255 1499 348 1546 monet
360 1496 485 1548 Kochler.
497 1497 579 1550 Μίαν.
596 1514 642 1550 sur

116 1565 130 1616 l.
147 1581 234 1618 course
253 1593 285 1601 —
302 1565 401 1616 Achill.
417 1583 445 1632 p.
466 1567 524 1619 129.
548 1568 641 1633 Ipsam

114 1650 198 1701 aquam
206 1651 252 1702 per
261 1640 397 1687 aestatem
409 1638 496 1688 minus
506 1638 642 1689 salubrem

115 1721 165 1755 erac
177 1722 245 1757 nnnc
256 1707 379 1768 tradunt,
391 1712 524 1757 mutatam
535 1707 642 1758 scilicet

115 1773 144 1823 rh
153 1776 212 1827 rivis
223 1776 410 1828 influentibus.
428 1777 507 1827 Cous.
521 1777 642 1829 Taschu·

115 1842 156 1893 cke
167 1844 199 1895 ad
210 1845 296 1896 Melae
306 1845 323 1894 1.
337 1844 357 1896 l.
372 1861 436 1911 pag.
449 1845 492 1899 30.

142 1906 198 1970 άλες
214 1929 242 1965 τε
259 1942 293 1950 -
311 1904 438 1982 ἄπλετοι]
460 1916 536 1966 Idem
556 1921 641 1968 testo-

116 1987 151 2032 tur
162 1984 211 2034 Dio
226 1985 366 2049 chrysost.
383 1984 401 2037 l.
417 1985 435 2038 l.
467 1987 504 2036 Iit
521 1988 580 2037 inre
596 2003 640 2037 su-

116 2053 212 2117 spiceris
228 2054 307 2117 licet,
329 2071 362 2105 ex
379 2054 432 2106 hoc
453 2056 512 2120 ipso
529 2055 641 2121 copioso

115 2121 170 2172 ralis
185 2129 316 2187 proventu
340 2130 436 2174 tantas
453 2125 506 2175 sibi
527 2124 640 2176 divitias

115 2190 241 2258 collegisse
250 2199 399 2259 tantasque
414 2209 478 2259 opes
492 2193 589 2245 Olbiae
601 2196 641 2245 in·

115 2260 185 2312 colos.
202 2264 260 2314 vicl.
271 2263 391 2314 Kochler
414 2263 433 2314 l.
447 2263 466 2314 l.
479 2279 506 2329 p.
522 2264 579 2316 130.
604 2265 641 2314 Et

115 2333 205 2381 charoli
216 2348 322 2398 quoque
342 2333 460 2398 poterit,
487 2333 534 2398 qui
549 2349 642 2385 recen-

117 2402 174 2450 tiora
191 2403 360 2467 potissimum
383 2404 520 2468 respexit,
543 2403 641 2470 Hnug:

116 2470 293 2523 Observations
317 2488 368 2524 sur
384 2472 424 2524 les
442 2472 543 2524 salines
563 2474 597 2524 dc
614 2474 643 2524 la

115 2541 229 2593 llouvelle
239 2543 337 2594 Russie
347 2543 392 2593 in:
405 2540 485 2593 Mdm.
495 2548 615 2609 present.
626 2544 643 2594 h

116 2609 203 2662 l’hcad.
222 2611 255 2663 de
271 2613 458 2678 Petersbonrg
480 2629 532 2678 par
550 2614 643 2665 divers

115 2694 200 2732 reveno
218 2684 240 2733 1.
257 2699 283 2748 p.
300 2684 350 2734 132
367 2698 441 2749 seqq.
460 2710 496 2722 ·—
515 2683 557 2733 Ad
570 2683 644 2735 locu·

115 2748 201 2800 tionem
212 2752 298 2803 lecum
307 2752 416 2805 arrian.
425 2753 512 2820 Anah.
523 2755 548 2817 Ι,
558 2753 602 2817 23,
617 2756 642 2816 l,

116 2820 155 2882 qui
165 2820 195 2872 de
203 2822 335 2887 Phrygiae
347 2822 411 2873 lacu
423 2823 530 2885 scribit,
542 2825 587 2874 cni
596 2841 644 2875 αο-

117 2891 301 2966 mpn'hscania,
321 2882 353 2941 ἐν
371 2879 389 2957 ᾖ
404 2884 470 2950 ἅλες
485 2888 642 2958 πήγνυνται

116 2971 259 3024 αοτομαιοι,
270 2966 336 3028 cpte
347 2961 443 3012 attulit
452 2962 572 3025 Lhardy.
600 2965 643 3013 De

117 3017 293 3103 ιοοοάπλετος
306 3032 502 3083 coni.nott.ad
512 3035 566 3097 Ill,
584 3032 642 3084 106.

143 3090 218 3161 κητεά
232 3115 260 3151 τε
277 3091 384 3166 μεγάλα
400 3091 556 3151 ἀνάκανθα
573 3118 599 3152 κ.
618 3117 641 3151 τ.

118 3162 145 3230 l]
160 3166 234 3221 Hand
247 3173 305 3222 scio
318 3187 355 3221 an
368 3170 421 3222 huc
437 3171 544 3221 iaciant
554 3171 643 3222 Melae

117 3235 186 3286 rerba
209 3237 226 3289 l.
250 3240 285 3293 l.:
309 3240 382 3303 „elit
402 3256 518 3306 magnos
541 3243 642 3306 pisces,

120 3303 200 3365 quihus
223 3314 250 3360 ct
268 3311 390 3374 optimus
410 3326 492 3375 sapor
517 3316 545 3361 et
567 3310 643 3361 nulla

119 3385 170 3422 orsa
180 3379 266 3430 sunt.“
297 3382 322 3430 N
325 3396 357 3432 ec
376 3380 456 3430 aliter
471 3380 529 3432 scre
538 3380 643 3431 Plinius

119 3438 146 3490 H.
159 3443 188 3493 ll.
201 3445 246 3507 lx,
262 3450 292 3499 17
308 3448 367 3513 (15)
381 3465 415 3499 ac
426 3449 535 3501 Solinus
546 3451 589 3513 20,
602 3451 642 3499 15.

120 3506 249 3567 lornandes
258 3518 291 3568 de
303 3519 362 3570 reb.
377 3520 437 3570 Get.
451 3520 494 3579 20,
508 3536 578 3585 quae
590 3535 645 3570 runa

119 3592 167 3628 cum
179 3582 237 3634 eliis
255 3589 349 3638 attulit
363 3588 523 3640 Taschuclre
541 3589 577 3639 nd
589 3590 644 3640 Mc·

119 3646 153 3697 lne
162 3648 178 3700 l.
187 3650 203 3701 Ι.
218 3659 285 3707 nott.
296 3673 391 3723 exegg.
407 3674 468 3723 ρος.
486 3658 528 3710 30.
543 3658 586 3721 31,
598 3662 645 3723 qui

119 3716 193 3770 odhuc
201 3724 334 3786 piscosum
347 3728 456 3777 omniuo
469 3744 528 3778 esse
538 3743 645 3779 amnem

121 3787 198 3840 tradit.
223 3785 308 3858 κήτεα
330 3786 485 3846 ἀνάκανθα
506 3802 570 3847 sunt
592 3807 646 3849 cetc

119 3859 185 3917 spicio
193 3868 311 3914 carentia.
331 3864 385 3915 Alii
396 3866 549 3931 intelligunt
558 3868 647 3918 λοοοο-

120 3940 162 3985 rer,
174 3928 218 3979 alii
231 3936 405 3998 αοίρεκιονεο,
426 3935 568 3987 Reichard.
582 3952 646 4001 pag.

120 3995 146 4041 tl
162 4011 210 4063 seq.
233 4016 279 4052 eoc
301 4005 404 4067 pisces,
429 4021 496 4070 quos
516 4021 646 4057 vocemus

125 4062 205 4117 Welse.
232 4070 327 4123 Adhuc
346 4088 430 4138 prope
445 4077 584 4140 antiquam
600 4075 645 4125 Ol·

120 4130 218 4186 hirmin
227 4141 338 4205 Hypani
349 4143 465 4207 optimos
480 4145 568 4209 pisces
581 4147 644 4210 capi

121 4216 252 4270 monemur,
273 4210 301 4261 in
317 4212 415 4276 quibus
428 4213 570 4279 Acipenaer
585 4216 644 4265 Sta·-

121 4273 165 4331 rio,
184 4275 318 4342 Acipenser
335 4283 477 4343 acroama,
500 4284 644 4347 Acipenscr:

122 4341 181 4395 Huro
204 4350 230 4395 et
253 4348 395 4415 Αοίροοοει·
419 4352 547 4404 3ιο11αεαο.
579 4354 641 4405 Vid.

58 4436 59 4445 ι
121 4407 193 4462 choix
208 4416 232 4465 cl.
253 4419 369 4470 mcdaill.
394 4421 480 4486 antiq.
498 4421 588 4472 d‘Olb.
615 4439 640 4486 p.

124 4477 156 4528 ¹2.
177 4486 202 4533 et
217 4487 285 4538 coni.
308 4488 464 4543 Schneider.
487 4496 514 4541 et
533 4492 640 4543 lecobs.

692 1288 726 1340 ad
735 1288 841 1339 Aelicn.
852 1290 886 1340 N.
899 1290 932 1339 A.
943 1289 1018 1350 XIV,
1028 1288 1071 1339 26.
1093 1289 1237 1339 Pertinent

690 1358 719 1409 hi
732 1359 769 1408 ad
781 1359 833 1410 hoc
851 1360 969 1424 piscium
984 1372 1086 1423 genus,
1104 1373 1171 1424 quos
1189 1374 1237 1408 vo-

692 1444 787 1480 camus
799 1431 886 1480 Scire.
900 1430 960 1479 Hos
972 1443 1036 1477 vero
1047 1428 1237 1493 frequentissi-

693 1515 751 1549 mos
772 1499 861 1549 adhuc
879 1499 994 1563 reperiri
1016 1502 1149 1561 testatur,
1167 1497 1236 1550 alios

692 1573 723 1620 ut
739 1573 861 1628 taceam,
885 1567 1086 1619 Tchihatchcll:
1107 1570 1171 1617 Asie
1188 1569 1237 1617 mi-

693 1653 777 1688 ueure
788 1638 825 1687 11.
837 1653 897 1702 pag.
908 1639 956 1689 illl
969 1642 1076 1703 seqqet
1084 1636 1145 1700 328,
1158 1638 1236 1687 item-

692 1708 797 1773 queis,
816 1710 863 1772 qui
881 1707 914 1756 de
933 1706 984 1756 hcc
1001 1723 1029 1756 re
1044 1711 1103 1755 tota
1118 1708 1236 1757 omnium

692 1778 899 1828 accuratissime
908 1777 1069 1840 disputavit,
1079 1775 1197 1826 Koclrlcr
1208 1777 1235 1826 in

692 1837 1237 1910 dissertatione,quaeinscribitur:„Tc'-

693 1931 771 1982 ριχος
783 1931 818 1965 ou
830 1914 989 1966 recherches
1007 1930 1053 1965 sur
1064 1914 1197 1966 l'histoire
1210 1920 1238 1965 et

691 1986 731 2038 les
751 1983 906 2050 antiquitis
926 1984 972 2034 des
996 1984 1135 2048 picchcries
1156 1986 1189 2036 de
1211 1985 1238 2035 la

691 2056 792 2106 Ruseie
812 2051 1009 2105 meridionale“
1035 2056 1138 2104 inserta
1165 2056 1237 2106 actis

691 2125 820 2176 Aoedem.
830 2123 1031 2189 Petropolitan.
1044 2123 1104 2174 Ser.
1116 2125 1163 2174 VI.
1175 2125 1236 2175 Vol.

691 2196 725 2258 l.,
749 2193 797 2243 nbi
823 2193 877 2244 vid.
901 2193 1076 2258 potissimum
1099 2208 1161 2258 pag.
1186 2195 1236 2245 357

691 2280 768 2329 seqq.
781 2262 842 2314 coll.
855 2266 916 2314 445.
927 2261 1004 2313 lllins
1014 2262 1096 2327 piscis
1106 2265 1133 2314 in
1146 2263 1237 2314 fluviis

691 2336 781 2385 Ponto
800 2334 909 2385 Euxino
926 2349 957 2384 se
980 2335 1159 2384 miscentibus
1184 2333 1238 2383 ire-

692 2404 864 2470 quentissimi
883 2419 952 2466 ova,
971 2419 1043 2454 nuuc
1062 2405 1174 2470 cognita
1188 2404 1238 2453 sub

692 2475 801 2525 nomine
809 2475 909 2534 θαυίον,
922 2474 957 2523 ab
968 2472 1069 2523 accolis
1080 2474 1175 2524 horum
1190 2475 1239 2524 fln-

692 2545 799 2595 viorum
825 2542 958 2609 hodieque
982 2542 1097 2595 multum
1130 2544 1238 2609 gustari

693 2614 858 2678 accepimus.
884 2615 927 2663 Tu
945 2613 1001 2663 vid.
1020 2612 1054 2662 de
1071 2615 1113 2664 his
1126 2630 1239 2664 narran-

695 2690 748 2735 tem
765 2681 891 2735 Koehler.
906 2681 924 2735 l.
937 2683 957 2734 l.
975 2698 1040 2748 pag.
1053 2684 1101 2734 411
1121 2700 1195 2749 seqq.
1211 2687 1239 2734 et

694 2753 768 2804 conl.
788 2755 869 2803 etiam
884 2752 990 2802 Dubois
1011 2750 1044 2800 de
1057 2751 1239 2818 Montpe'reur

693 2824 807 2887 voyage
827 2826 884 2872 aut.
902 2822 937 2871 du
949 2822 1073 2871 Caucaso
1086 2821 1135 2872 IV.
1155 2839 1179 2887 p.
1195 2823 1238 2873 or.

693 2893 800 2942 Monuit
814 2891 896 2954 hliot,
909 2889 1005 2942 Gallus
1021 2891 1169 2955 interpres3
1186 2907 1239 2957 quo

693 2961 788 3013 eodem
800 2966 926 3011 monente
941 2961 985 3010 hic
1003 2960 1087 3025 piscis
1101 2977 1166 3012 sane
1179 2977 1240 3012 car-

693 3031 824 3097 tilagines
855 3030 1015 3081 tenerrimas
1040 3031 1154 3095 praebet
1182 3030 1240 3081 nul·

692 3102 769 3153 laeve
781 3100 838 3152 fere
854 3101 963 3166 spinas,
982 3097 1063 3164 plane
1075 3106 1106 3149 ut
1117 3100 1239 3152 Herodo-

692 3176 737 3222 tus
764 3171 859 3221 tradit.
896 3170 977 3220 Hunc
1003 3170 1126 3234 sequitur
1152 3171 1240 3221 ltalus

692 3243 843 3306 interpres,
862 3240 895 3289 de
915 3254 984 3289 voce
1001 3237 1162 3304 ταρίχευσιν
1174 3257 1240 3306 quo·

694 3326 745 3376 que
759 3325 886 3371 monens,
905 3324 959 3375 qua
978 3324 1033 3358 nou
1050 3309 1136 3360 solum
1147 3311 1240 3360 condi-

693 3386 757 3431 tura
784 3379 914 3446 piscium,
945 3393 1016 3443 quae
1037 3378 1098 3430 sele
1117 3381 1160 3443 tit,
1191 3378 1239 3439 sed

694 3453 777 3501 etiem
794 3448 942 3500 exsiccatio
962 3447 1146 3512 significetur:
1169 3451 1241 3501 unde

695 3522 723 3570 in
744 3517 904 3571 condiendis
926 3516 1041 3568 mortuis
1060 3519 1133 3583 apud
1150 3521 1241 3583 Aegy—

695 3593 769 3655 ptios
783 3577 940 3653 ταριχεύειν
954 3584 1167 3651 11,860011.1x,
1181 3589 1239 3639 120,

694 3656 809 3723 τάριχος
837 3653 994 3707 ἀντακαῖον
1028 3656 1071 3708 bis
1099 3658 1240 3707 memorari

694 3727 1242 3860 ⁸&diligt{iritlleldlenhispquloltfh‹Pmldffirail

695 3867 820 3917 Kochler.
836 3867 855 3917 1.
868 3866 886 3915 l.
899 3881 961 3932 pag.
977 3864 1030 3917 353
1040 3869 1067 3915 et
1077 3865 1127 3915 ⁶275
1137 3881 1195 3931 seq.
1206 3894 1241 3903 —

696 3928 848 4001 θωυμάσαι
885 3935 929 3986 hic
962 3936 1098 3986 intactum
1130 3935 1242 4002 reliquit

697 4006 835 4058 Gaislord.
856 4005 897 4057 Cf.
908 4009 977 4056 nott.
994 4006 1029 4055 ad
1039 4005 1088 4069 1v,
1101 4005 1145 4056 28.

731 4068 760 4132 ἐς
791 4069 841 4124 τὸν
875 4066 1079 4139 τεσσεράκοντα
1115 4065 1242 4140 ἡμερέων

695 4136 782 4202 πλόος
795 4135 863 4210 ἐστὶ]
877 4145 976 4195 Strabo
993 4146 1056 4197 Vll.
1068 4162 1095 4211 p.
1112 4144 1165 4197 306
1178 4164 1199 4197 ε.
1214 4163 1241 4211 ρ.

693 4216 746 4265 470
763 4216 794 4265 Α.
813 4231 860 4280 per
878 4220 1008 4265 sexcenta
1019 4217 1112 4266 stadia
1129 4217 1242 4282 naviga-

694 4284 774 4335 bilem
791 4298 850 4336 esse
866 4286 977 4336 fluvium
990 4287 1145 4337 contendit.
1170 4287 1243 4347 Qua-

693 4354 819 4419 draginta
834 4355 937 4405 dierum
956 4356 1160 4421 navigationem
1181 4371 1241 4419 pro·

693 4423 760 4473 dunt
774 4428 802 4473 et
814 4424 886 4474 Mela
898 4424 916 4474 l.
934 4424 951 4475 l.
966 4430 994 4474 et
1007 4426 1143 4490 Scymnus
1156 4424 1241 4475 Chius

692 4490 710 4543 l.
728 4491 747 4542 1.
779 4494 858 4556 Quod
876 4509 936 4544 cum
958 4495 1071 4545 nimium
1090 4493 1239 4553 videretur,
