3042 5125
532 369 738 431 THALIA.
762 371 820 432 111.
844 385 889 440 59·
912 385 957 440 60.

1258 383 1317 444 117

170 575 269 641 γιστιι
291 552 451 627 ἁπάντων
471 555 639 648 Ἑλλήνων
660 564 902 653 ἐξεργασμένα,
932 563 1048 656 οὔρεός
1073 597 1108 639 τε
1130 566 1262 659 ὑψηλοῦ
1283 576 1317 655 ἐς

169 655 378 746 πεντήκοντα
398 664 454 731 καὶ
469 660 586 733 ἑκατὸν
606 661 763 753 ὀργυιὰς,
784 668 907 738 τούτου
919 665 1066 761 ὄρυγμα,
1089 672 1244 743 κάτωθεν
1256 672 1313 764 ἄρ

168 760 331 850 ξάμενον,
350 761 568 857 ἀμφίστομον.
603 765 640 836 τὸ
660 770 723 859 μὲν
741 776 845 860 μῆκος
866 777 928 842 τοῦ
939 770 1127 864 ὀρύγματος
1141 775 1222 846 ἑπτὰ
1237 778 1313 848 orri-

169 964 269 1029 quibus
286 966 413 1030 operibus
423 967 560 1019 Heraeum
572 975 647 1021 certe
664 972 719 1021 exi-

169 1049 243 1086 mere
255 1034 366 1098 licebit,
385 1036 472 1103 quod,
490 1042 522 1088 ut
538 1055 600 1090 mox
614 1039 718 1091 iudica·

168 1105 276 1166 bimus,
294 1104 377 1171 longe
389 1108 465 1171 prius
476 1109 579 1159 exstrui
593 1113 719 1174 coeptum

169 1179 212 1226 est
238 1179 267 1225 et
290 1175 453 1227 coniectum.
488 1177 548 1228 Vid.
575 1177 717 1231 Thierscb.

168 1243 301 1309 Epoeben
311 1249 365 1296 etc.
377 1261 403 1310 p.
416 1246 474 1298 184.
490 1247 549 1299 185.
562 1274 595 1283 -
613 1249 646 1299 In
658 1250 718 1299 uni·

168 1329 280 1365 rersuru
293 1320 386 1366 autem
398 1315 449 1366 h.l.
462 1318 549 1368 teneri
560 1317 650 1382 velim,
662 1320 718 1369 He-

169 1384 297 1435 rodotum
314 1386 426 1451 saepius
447 1385 504 1437 suis
524 1387 649 1439 inlibris
670 1388 718 1439 Sa·

168 1469 242 1505 mum
255 1456 392 1518 respicere
404 1456 517 1521 eiusque
529 1473 573 1507 res
586 1473 717 1508 memora·

166 1524 237 1575 biles
249 1524 352 1577 referre
364 1525 496 1591 singulari
508 1527 625 1593 quadem
639 1527 718 1578 indn-

167 1594 246 1656 stria‚
257 1594 330 1672 unde
337 1594 483 1647 verisimile
493 1596 532 1659 lit,
540 1596 611 1662 quod
618 1596 718 1647 Suidae

166 1680 189 1716 s.
206 1681 234 1716 r.
251 1654 348 1728 Ἡροδ.
364 1664 464 1726 tradit,
481 1667 650 1717 Herodotum
664 1665 718 1717 bac

166 1735 195 1783 in
217 1733 310 1785 insula
331 1733 499 1802 eliquamdiu
521 1740 717 1786 commoratum

167 1803 292 1854 lonicam
311 1802 440 1856 didicisse
463 1803 612 1856 dialectum
630 1805 713 1856 histo·

166 1873 272 1924 riamve
281 1875 479 1939 conscripsisse
490 1875 541 1929 vel.
569 1874 622 1926 nod
632 1874 717 1926 malu-

166 1960 238 2005 mus,
245 1944 408 1995 scribendae
416 1943 548 1995 historiae
557 1945 667 1995 mitium
679 1946 717 1996 fe·

165 2014 249 2064 cisse.
274 2013 353 2064 Conl.
366 2014 468 2064 Herod.
483 2015 535 2075 ΙΙΙ,
549 2014 673 2066 13011ιί1.
689 2019 717 2065 et

164 2084 258 2147 Heyse
272 2083 385 2145 Quaest.
397 2082 501 2134 Herod.
513 2085 535 2133 1.
552 2083 628 2148 p.88.
644 2084 716 2145 Quin

167 2154 230 2217 ipsa
249 2150 358 2217 longior
376 2152 499 2202 narratio
520 2152 554 2202 de
570 2152 716 2217 Polycrate

166 2221 323 2287 Samiisque
339 2221 367 2272 b.
384 2222 403 2272 l.
418 2222 521 2274 inserta
540 2224 717 2288 comprobare

165 2291 278 2342 videtur
300 2291 444 2356 scriptoris
467 2293 587 2342 animum
608 2292 644 2343 ad
667 2293 716 2343 Se·

165 2363 283 2412 mierum
302 2376 346 2411 res
369 2360 450 2413 valde
469 2362 618 2424 intentam,
642 2360 716 2412 haud

164 2432 225 2483 scio
237 2447 275 2482 an
285 2446 344 2482 eam
359 2430 447 2495 ipsam
463 2432 496 2482 ob
509 2446 630 2496 causam,
644 2431 716 2498 quod

165 2503 271 2553 diutius
289 2500 341 2551 bac
352 2500 380 2551 in
394 2500 484 2551 insula
496 2502 587 2552 suerat
600 2517 715 2552 commo·

165 2577 253 2624 ratus
275 2572 318 2622 lle
329 2571 484 2622 istiusmodi
498 2572 715 2636 digressionibus

165 2644 195 2692 in
218 2656 302 2708 opere
318 2642 476 2693 Herodoteo
498 2641 614 2692 diximus
637 2642 673 2692 ad
690 2642 714 2702 1,

165 2711 213 2774 233
234 2726 303 2777 ques
323 2712 352 2760 iu
371 2710 444 2761 nullo
464 2710 520 2761 slio
538 2710 714 2761 historiarum

165 2782 303 2846 scriptore
322 2779 419 2831 obvies
438 2779 473 2830 ad
491 2780 609 2832 indolem
628 2780 714 2829 Hero·

165 2852 266 2903 doteae
278 2849 409 2901 historiae
426 2851 575 2915 pertinere,
591 2862 713 2910 praeser-

164 2923 215 2971 tim
236 2920 265 2970 in
289 2919 354 2970 fatis
380 2926 557 2983 tyrannorum
581 2917 713 2968 Graeciae

165 2989 330 3042 emrrandis
342 2985 714 3053 conspicuam,monetCreu·

166 3076 261 3112 aeras:
280 3060 355 3109 Hirr.
373 3059 464 3109 Kunst
482 3056 507 3106 d.
525 3054 632 3106 Grieeh.
650 3069 712 3118 pag.

164 3131 219 3182 212
228 3128 272 3182 ed.
281 3143 347 3188 see,
357 3141 418 3176 cam
429 3124 497 3175 baec
509 3139 600 3175 serum
612 3123 649 3175 sit
660 3123 713 3183 vis,

165 3204 197 3250 ut
216 3198 311 3248 hostes
329 3196 451 3247 Graecae
467 3192 604 3244 libertatis
622 3193 714 3257 puniri

163 3284 217 3321 nec
232 3264 319 3317 ullum
337 3262 426 3316 scelus
446 3278 463 3313 ο
480 3262 602 3313 vindicta
620 3261 714 3313 divina

770 974 974 1024 uenteBredov.
986 989 1047 1039 pag.
1057 973 1099 1026 09.
1114 976 1201 1028 solum
1210 979 1315 1032 surae·

770 1043 810 1094 cis
826 1043 1005 1108 scriptoribus
1022 1051 1184 1110 usurpatum
1201 1064 1261 1099 esse
1277 1051 1315 1100 ri-

770 1113 863 1164 detur:
891 1128 961 1164 uuus
978 1113 1118 1164 Sancrofti
1143 1115 1211 1167 liber
1228 1109 1315 1182 ἄμφι-

771 1172 892 1246 στόμιον.
924 1183 1086 1234 Conferatar
1098 1200 1205 1250 quoque
1216 1188 1316 1240 Eusta-

770 1252 852 1312 tbius,
866 1253 912 1316 qui
924 1245 996 1302 hu'nc
1007 1254 1140 1305 Herodoti
1155 1254 1244 1306 locum
1256 1263 1316 1307 tan-

769 1323 810 1387 git
821 1321 857 1371 ad
868 1321 983 1387 Dionys.
995 1323 1103 1388 Perieg.
1116 1324 1176 1375 5³3.
1197 1327 1250 1376 Eat
1263 1327 1315 1393 igl-

769 1396 814 1441 tur
825 1389 877 1441 boc
888 1390 949 1442 loco
961 1390 1037 1442 fossa
1049 1392 1235 1459 intelligenda,
1246 1412 1317 1462 quae

769 1461 810 1512 sic
823 1459 906 1511 ducta
919 1465 987 1523 erat,
1001 1466 1031 1511 ut
1045 1462 1079 1512 ab
1091 1462 1145 1513 imo
1159 1469 1250 1515 monte
1263 1465 1315 1516 ini-

769 1529 808 1580 tio
822 1529 897 1580 iacto
909 1529 980 1582 huuc
993 1531 1081 1596 ipsum
1095 1537 1214 1583 montem
1226 1534 1315 1599 perfo-

769 1604 842 1649 raret
860 1604 887 1649 et
906 1600 934 1650 in
955 1601 1109 1666 oppositum
1126 1603 1226 1655 montis
1242 1602 1316 1655 latus

769 1670 856 1721 exiret
871 1670 986 1735 indeque
997 1669 1102 1720 duobus
1115 1670 1226 1723 orificiis
1239 1677 1314 1737 pate·

768 1744 811 1790 ret
826 1727 1041 1804 (ipocrropovp
1057 1740 1133 1790 cuius
1147 1741 1220 1793 modi
1232 1757 1314 1794 cana·

768 1809 807 1859 les
826 1813 998 1859 transversos
1019 1809 1054 1858 ab
1075 1814 1190 1876 utroque
1212 1813 1313 1863 montis

767 1879 854 1928 latere
865 1881 943 1927 actos
958 1893 1031 1928 nunc
1039 1876 1155 1942 Anglica
1167 1896 1235 1930 voce
1249 1882 1314 1933 ilm-

767 1950 831 1999 ncts
853 1945 993 2011 appellare
1013 1945 1116 2010 solent,
1139 1946 1210 1999 baud
1232 1950 1314 2004 infre-

768 2021 882 2082 quentes
901 2014 963 2066 illos
982 2016 1089 2081 quidem
1104 2021 1199 2066 nostra
1212 2023 1314 2081 aetate,

767 2087 796 2136 in
805 2100 883 2136 usum
893 2085 999 2136 viarum
1009 2084 1171 2136 serratarum
1184 2089 1312 2141 structos.

768 2155 831 2220 Ipse
844 2170 908 2205 vero
922 2171 1011 2217 mons,
1025 2170 1074 2220 per
1088 2169 1166 2221 quem
1180 2155 1257 2207 losse
1268 2156 1315 2207 du-

768 2230 814 2275 cta
836 2228 894 2285 est,
918 2223 1009 2276 nullus
1031 2223 1102 2274 alius
1127 2239 1187 2274 esee
1211 2230 1314 2290 potest,

767 2297 939 2345 monstrante
950 2293 1051 2345 Guerin
1063 2294 1081 2343 l.
1098 2309 1159 2344 mox
1171 2293 1200 2356 1.,
1213 2294 1267 2346 nisi
1280 2295 1313 2359 is,

767 2365 814 2430 qui
833 2379 906 2414 nunc
926 2369 1041 2414 vocatur
1059 2364 1148 2415 Castro
1176 2362 1217 2428 (in
1235 2365 1313 2416 cuius

766 2434 907 2485 cacumine
923 2433 999 2484 Sami
1010 2432 1063 2483 fuit
1080 2431 1141 2496 arx)
1158 2435 1257 2499 quique
1273 2434 1314 2486 ia·

766 2503 913 2555 termediue
940 2503 1008 2552 situs
1031 2506 1074 2551 est
1097 2501 1169 2551 inter
1193 2505 1314 2554 veterem

766 2575 859 2625 urbem
873 2572 982 2622 Samum
997 2574 1025 2621 et
1044 2570 1162 2634 iontem,
1180 2573 1226 2638 qui
1242 2589 1313 2624 nunc

765 2642 919 2709 appellatur
929 2638 1023 2688 Sancti
1030 2640 1151 2701 Iosunis,
1161 2642 1232 2692 unde
1241 2657 1313 2708 aqua

764 2712 870 2776 ipsein
889 2707 991 2757 fossam
1005 2706 1210 2759 subterraneam
1229 2711 1313 2762 ducta

765 2784 833 2828 erat.
872 2775 960 2826 Hicce
985 2791 1062 2826 mons
1087 2776 1115 2826 in
1139 2776 1313 2831 altitudinem

764 2847 816 2899 248
839 2848 984 2895 metrorum
1008 2843 1174 2895 Gallicorum
1198 2846 1313 2899 adscen-

765 2917 829 2966 dere
840 2914 956 2964 diciturr
975 2913 1004 2963 id
1022 2914 1094 2979 quod
1112 2913 1145 2964 28
1158 2914 1243 2966 ferme
1258 2933 1313 2968 me-

764 2985 814 3035 tris
827 2983 944 3034 discedit
956 2982 991 3032 ab
1006 2997 1047 3043 ea,
1064 2998 1144 3047 quam
1157 2985 1313 3038 Herodotus

764 3053 914 3114 indicarit,
933 3051 1088 3102 altitudine.
1117 3053 1160 3104 Ex
1177 3055 1212 3104 iis
1232 3057 1312 3119 enim,

765 3138 836 3190 quae
847 3123 888 3184 11,
909 3122 958 3174 149
975 3121 1116 3188 leguntur,
1136 3124 1205 3175 satis
1224 3130 1312 3189 patet,
1419 3164 1427 3180 .

764 3197 873 3245 centum
881 3192 1080 3259 quinquaginta
1091 3193 1201 3258 orgyias
1211 3208 1312 3261 aequa-

764 3280 793 3315 re
822 3267 976 3327 nongentos
1001 3260 1084 3325 pedes
1106 3261 1226 3315 Graecos
1253 3265 1313 3317 sive

163 3341 276 3400 impune
287 3333 355 3384 ferri
365 3337 507 3398 appareat.
536 3331 614 3384 conl.
629 3332 714 3384 etiam
764 3348 847 3385 unum
857 3331 977 3382 stadium
985 3330 1153 3398 alteriusque
1161 3332 1312 3397 dimidium3

162 3409 235 3456 nott.
251 3403 286 3453 ad
301 3403 339 3464 11,
352 3403 397 3454 32.
410 3402 469 3453 115.
482 3403 540 3454 120.
554 3402 607 3461 111,
623 3401 666 3452 40.
763 3418 828 3454 nam
840 3402 936 3467 orgyia
949 3416 998 3452 sex
1007 3406 1117 3453 constat
1127 3402 1241 3467 pedibus
1254 3404 1313 3455 sire

200 3461 300 3537 οὔρεος
322 3486 350 3522 re
370 3460 484 3536 ὑψηλοῦ
503 3486 529 3520 κ.
544 3486 568 3522 r.
586 3468 624 3535 1.]
649 3472 668 3520 i.
689 3488 713 3523 e.
764 3477 896 3538 quattuor
907 3471 1017 3522 cubitis.
1046 3472 1124 3522 Haec
1136 3472 1160 3522 si
1171 3472 1206 3522 ad
1219 3487 1312 3525 recon—

164 3547 297 3603 „Primam
309 3558 373 3607 opas
387 3549 425 3592 est
440 3544 529 3593 monta
547 3539 584 3604 (s.
599 3541 627 3591 in
640 3556 715 3592 mon·
764 3543 849 3594 tiores
868 3556 1010 3593 mensuras
1029 3545 1208 3603 revocantur,
1229 3541 1313 3594 elfici-

164 3612 215 3676 te),
227 3616 272 3679 qut
287 3613 324 3663 ad
335 3620 431 3662 cemma
442 3614 623 3676 qrsiapuapiata
636 3627 713 3677 ονργ-
763 3617 808 3663 tur
821 3611 884 3662 inde
901 3611 1002 3661 montis
1014 3609 1131 3662 altitudo
1143 3610 1195 3663 653
1213 3612 1311 3675 pedum

163 3686 349 3741 madasca,-
364 3681 450 3731 ιὀῙιοο
463 3683 539 3744 ipitur
549 3681 714 3742 moruefossa
763 3681 951 3733 Parisinornm
978 3681 1037 3730 sive
1060 3679 1189 3741 struem
1215 3686 1313 3731 metro·

164 3762 205 3805 est
220 3753 330 3803 dedam
345 3751 377 3801 ab
396 3753 443 3802 ι’νιο
459 3757 539 3802 monte
551 3752 673 3817 incipiens
691 3759 715 3801 er
761 3767 822 3802 rum
840 3749 1006 3804 Gallicorum
1029 3749 1089 3800 sire
1112 3748 1244 3809 883,οδῖῖ
1267 3765 1312 3814 pe·

163 3824 263 3887 duplici
280 3824 396 3885 asiaque
411 3837 457 3871 ore
471 3823 609 3880 inerera-
624 3821 713 3882 sossae
764 3823 828 3873 dum
838 3820 961 3872 Rbenau.
985 3818 1095 3882 Septem
1107 3816 1201 3868 stadia
1213 3833 1313 3883 aequa-

164 3892 296 3955 lonpiurdo
313 3898 352 3942 ert
368 3896 461 3955 septem
478 3891 632 3950 stadiorum,
657 3892 714 3940 alti·
764 3891 833 3942 bunt
845 3889 915 3943 3080
927 3887 1011 3954 pedes
1021 3887 1162 3937 Parisinus
1177 3901 1200 3937 s.
1217 3886 1314 3949 0,1748

163 3963 226 4014 tudo
244 3969 268 4011 er
279 3962 386 4012 latibrdo
404 3968 460 4012 octo
471 3960 561 4024 pedam
577 3958 715 4044 utrique.“
765 3959 874 4011 milliar.
895 3973 1001 4024 geogrr.
1028 3956 1098 4007 Octo
1118 3960 1210 4006 eutem
1230 3957 1313 4021 pedes

163 4031 220 4083 Ubi
238 4045 293 4080 vox
310 4019 409 4078 τούτου
425 4028 544 4080 retertur
558 4029 593 4079 ad
615 4042 714 4092 οορεος
766 4030 865 4083 Graeci
879 4028 1023 4095 quominus
1036 4025 1150 4077 totidem
1166 4025 1314 4078 Rhenanos

164 4116 221 4151 non
236 4098 293 4150 alia
308 4098 366 4150 tere
383 4099 491 4150 ratione
508 4104 537 4149 at
556 4116 589 4150 ue
606 4100 664 4159 ΙΙΙ,
684 4099 715 4149 14
766 4099 927 4159 conficiant,
951 4095 1089 4162 paululum
1116 4096 1196 4146 modo
1226 4096 1314 4148 deest.

164 4171 227 4221 init.
245 4168 398 4220 Articulum
413 4159 444 4217 τὸ
459 4174 523 4221 aute
537 4114 644 4233 ἓρνγμο
657 4166 714 4218 rul-
767 4172 809 4220 Tu
820 4169 876 4219 vid.
888 4170 983 4219 Wurm
997 4168 1038 4217 De
1050 4164 1152 4231 pondd.
1170 4169 1236 4215 rati,
1249 4181 1313 4232 pag.

165 4256 202 4303 go
215 4240 336 4304 positum
351 4256 366 4289 e
383 4238 490 4289 duobus
507 4238 583 4291 codd.
602 4254 662 4289 cum
674 4253 715 4288 re·
767 4240 818 4291 110
833 4254 891 4304 seq.
914 4237 972 4289 213.
1002 4236 1043 4286 dc
1061 4236 1179 4312 denique
1198 4235 1314 4287 alterius

165 4312 251 4361 ceatt.
277 4308 338 4360 edd.
359 4307 455 4359 deleri.
479 4297 640 4373 ἀρξάμενον
660 4323 714 4358 non
766 4309 857 4361 fossae
876 4301 1041 4370 εἰκοσίπηχυ
1055 4302 1148 4372 duduc
1164 4304 1315 4356 adscendet

165 4379 248 4429 aliter
262 4377 383 4443 positum
394 4382 476 4445 atque
494 4379 531 4441 ΙΙ,
548 4378 588 4429 17.
602 4377 644 4429 33.
660 4378 712 4441 ΙΙΙ,
766 4379 802 4429 ad
813 4379 893 4441 29,47
905 4376 989 4443 pedes
998 4375 1155 4426 Rheuenos.
1186 4373 1228 4423 Ad
1239 4373 1314 4424 loeu-

167 4449 212 4501 01.
238 4438 418 4512 ἀμφίστομον
435 4448 551 4513 retinui,
570 4448 642 4513 quod
660 4464 714 4498 mo·
764 4449 868 4500 tionem
884 4438 997 4496 arridaei
1009 4439 1062 4494 εἰσι
1076 4444 1112 4495 cs.
1126 4445 1156 4507 l,
1171 4442 1205 4494 03
1220 4442 1313 4507 ibique
