3042 5125
257 382 319 448 698
466 420 469 429 ·
650 384 918 447 EXOURSUS
940 384 1004 447 VH

256 576 387 645 Wexius,
409 592 505 646 parum
526 584 740 627 consentaneum
761 592 841 642 esse,
862 574 1032 628 Herodotum
1052 590 1120 628 suae
1142 593 1236 628 rerum
1257 582 1388 643 gestarum

257 661 408 715 narrationi
427 662 525 731 poitae
546 667 712 727 commento,
738 660 818 711 cuius
842 657 921 712 fidem
938 666 1083 728 praestare
1105 678 1159 712 non
1181 666 1294 730 posset,
1312 662 1386 716 adrni-

257 748 359 801 scendo
372 752 472 799 temere
491 745 673 811 commisisse,
690 752 722 796 ut
736 760 813 796 suam
828 744 952 795 historici
968 746 1047 798 fidem
1063 743 1135 797 ultro
1149 745 1333 813 infringeret,
1346 765 1388 816 ap

257 838 392 905 paretque
409 831 568 884 historicum
582 829 645 881 ideo
659 834 767 881 tantum
780 834 864 880 totam
878 827 950 882 illam
966 848 1022 884 rem
1036 845 1184 897 narrasse,
1206 836 1239 881 ut
1255 830 1388 898 singulare

257 919 325 973 illud
337 917 458 970 mulieris
471 916 571 968 dictum
586 914 741 985 posteritati
760 921 988 981 conservaretur,
1007 916 1116 985 poitam
1131 922 1225 967 autem
1240 914 1321 983 longe
1336 916 1389 967 reri

258 1003 374 1057 similius
389 1008 447 1068 est,
471 1001 532 1054 darm
550 1000 712 1066 Antigonam
734 1000 884 1068 perfectum
902 1000 1003 1051 sororii
1026 998 1125 1052 amoris
1142 998 1285 1068 exemplar
1298 1018 1388 1070 propo

259 1108 324 1143 nere
343 1088 439 1153 vellet,
459 1086 547 1139 omnia
568 1084 691 1153 undique
710 1083 880 1153 arripuisse,
906 1100 978 1152 qnae
993 1085 1057 1136 hnic
1079 1084 1191 1151 imagini
1210 1093 1390 1138 ornamentum

258 1174 360 1227 addere
379 1178 504 1243 possent.
539 1170 598 1221 Nec
615 1168 770 1221 Suevernio
788 1168 913 1238 equidem
929 1169 1082 1238 assentiar,
1104 1168 1154 1239 qui
1172 1168 1247 1221 illam
1263 1170 1389 1222 narratio

259 1277 319 1312 nem
334 1258 470 1311 hominnm
491 1272 616 1308 sermone
634 1258 812 1324 propagatam
834 1253 922 1306 lauisse
942 1257 1024 1324 atque
1046 1272 1079 1307 ex
1100 1253 1152 1305 hec
1171 1255 1307 1307 communi
1321 1256 1390 1306 fonte

259 1352 406 1412 utrumque
428 1340 554 1392 derisisse
575 1338 742 1404 arbitratur3
770 1336 833 1390 licet
856 1338 949 1390 endem
962 1338 1148 1392 Hermannum
1166 1356 1281 1409 quoque
1297 1340 1390 1391 incum-

258 1431 324 1482 bere
343 1427 460 1491 rideam,
478 1424 543 1493 qui:
560 1423 673 1489 „iecit“,
690 1422 796 1491 inquit,
812 1421 992 1492 „Sophocles,
1009 1425 1083 1494 qaod
1095 1440 1179 1494 saepe
1197 1426 1326 1476 fecerunt
1341 1431 1390 1475 tra·

258 1513 313 1583 gici
331 1511 446 1575 Graeci,
465 1516 495 1561 ut
509 1509 590 1561 etiam
604 1506 693 1559 minus
711 1514 775 1576 apto
790 1506 866 1574 loco,
881 1508 956 1576 quod
972 1508 1083 1577 populo,
1095 1508 1205 1575 argutis
1221 1508 1390 1576 disceptatio-

259 1599 341 1652 nibus
357 1594 487 1649 delectari
502 1594 594 1657 solito,
611 1597 750 1661 acceptum
767 1593 826 1643 sore
843 1591 1018 1662 intelligeret,
1034 1594 1095 1646 eius
1109 1594 1248 1646 afferendi
1264 1593 1391 1662 arriperet

260 1682 506 1754 opportunitatem
527 1695 613 1749 quare
630 1694 713 1746 quam
726 1675 856 1728 Persicae
870 1676 944 1730 illius
966 1677 1088 1731 mulieris
1108 1677 1212 1730 dictura
1235 1678 1391 1730 celebratam

260 1787 323 1821 esse
339 1767 436 1833 sciret,
459 1764 588 1817 utendum
603 1781 634 1815 eo
650 1761 773 1831 putarit,
792 1761 876 1830 idque
891 1762 963 1814 haud
979 1780 1047 1815 sane
1062 1762 1162 1814 inscite
1177 1763 1283 1829 tecit;“
1303 1761 1390 1814 dubito

260 1854 346 1919 enim,
371 1869 405 1904 an
419 1849 552 1903 eiusmodi
566 1850 668 1900 tactum
682 1863 800 1915 prorsus
816 1845 971 1914 singulare,
995 1848 1074 1901 cuius
1090 1865 1140 1900 nec
1152 1847 1256 1900 nobilis
1276 1854 1350 1898 actor
1366 1856 1391 1898 et

260 1956 344 1992 scena
361 1936 430 1989 satis
447 1942 549 1988 remota
564 1938 655 2002 esset,
671 1931 725 1983 nisi
741 1948 791 1999 per
805 1929 880 1982 illurn
897 1930 1001 2000 ipsum,
1023 1949 1102 2001 quem
1120 1931 1187 1984 talia
1201 1931 1390 2002 primumipsis

260 2026 288 2077 in
304 2023 373 2075 locis
392 2020 516 2074 studiose
536 2017 712 2088 conquisisse
731 2015 874 2083 norimus,
896 2016 924 2068 in
946 2016 1082 2068 hominum
1099 2034 1147 2069 ora
1162 2018 1262 2069 venire
1278 2035 1331 2069 non
1347 2033 1390 2084 pa

259 2108 360 2173 tuerit3
384 2106 501 2174 ideoque
518 2102 720 2169 Wesselingio,
741 2101 920 2168 hlusgravio,
943 2101 1042 2154 Wexio
1056 2101 1149 2172 potius
1166 2102 1286 2171 accedo,
1302 2100 1348 2170 qni
1361 2098 1390 2150 ab

260 2192 403 2247 Herodoto
415 2192 519 2242 demum
535 2186 601 2239 illud
618 2185 779 2256 Sophoclem
791 2186 931 2254 accepisse
946 2192 1070 2239 censent.
1089 2186 1264 2256 Quamquam
1277 2187 1389 2252 ingenue

260 2279 364 2342 fateor,
384 2275 464 2340 longe
487 2272 640 2341 graviorem
660 2288 717 2322 eam
738 2269 926 2324 difficultatem
945 2271 1091 2339 ingruere,
1122 2275 1214 2324 ulrnm
1239 2289 1273 2324 ex
1294 2269 1389 2337 scripto

260 2359 395 2414 Herodoti
410 2359 494 2425 libro,
516 2374 550 2408 an
573 2356 666 2425 potius
678 2373 711 2407 ex
728 2353 854 2407 familiari
872 2354 992 2407 historici
1008 2373 1135 2408 sermone
1151 2358 1238 2426 poita
1252 2356 1280 2408 id
1296 2354 1388 2407 didice-

260 2447 306 2512 rit,
322 2444 396 2515 quod
412 2446 523 2512 praeter
533 2440 769 2494 Schoenborninm
785 2446 813 2492 et
824 2439 965 2508 laegerum
977 2439 1144 2512 (Disputatt.
1162 2440 1289 2493 Herodd.
1304 2458 1330 2509 p.
1347 2436 1388 2504 23)

261 2530 359 2584 Wexio
381 2544 491 2600 quoque
514 2526 582 2579 satis
605 2523 746 2596 probabile
764 2529 808 2578 est
827 2524 928 2578 visun:
955 2524 1050 2593 „Fieri
1075 2532 1166 2579 autem
1185 2526 1327 2597 potuisse,
1354 2526 1387 2588 ut,

261 2616 385 2688 quamvis
403 2612 537 2667 Herodoti
555 2611 617 2664 libri
632 2619 699 2663 tnnc
715 2609 834 2662 nondum
850 2618 899 2662 aut
914 2611 1063 2681 conscripti
1078 2616 1127 2663 aut
1142 2612 1208 2663 editi
1233 2617 1339 2676 essent,
1360 2607 1389 2657 ab

260 2702 403 2755 Herodoto
419 2700 472 2751 ista
486 2697 599 2750 velutin
612 2695 737 2749 familiari
750 2694 886 2763 colloquio
902 2695 1047 2764 acceperit,
1066 2695 1129 2749 inde
1143 2697 1260 2762 efficies,
1279 2694 1347 2765 quod
1360 2707 1389 2743 er

261 2786 307 2839 iilo
322 2786 529 2855 epigrammate,
551 2783 583 2834 de
601 2799 655 2852 quo
678 2797 764 2850 supra
784 2797 807 2832 c.
827 2779 849 2832 l.
865 2783 891 2844 s.
910 2782 942 2832 lu
960 2779 1130 2849 disputatum
1148 2789 1206 2849 est,
1231 2777 1388 2834 familiarita-

261 2877 313 2924 tem
329 2878 356 2923 et
370 2867 598 2923 consuetudinem
610 2864 758 2918 interillos
774 2864 968 2918 intercessisse
983 2867 1129 2934 apparet.“
1150 2865 1316 2919 Plutarchus
1326 2859 1387 2914 enin

261 2962 310 3027 (an
326 2957 387 3008 seni
404 2955 441 3006 sit
455 2971 514 3022 ger.
534 2971 608 3022 resp.
625 2950 660 3004 T.
672 2950 734 3002 llll.
750 2968 778 3018 p.
793 2952 842 3002 404
858 2949 954 3016 Hntt.)
966 2947 1045 3003 rouel
1062 2945 1106 3021 dl,
1123 2950 1229 3021 inquit,
1249 2943 1387 3020 ὁμολογου-

259 3038 347 3111 μένως
362 3036 541 3107 Σοφοκλέους
555 3031 611 3091 ἐστὶ
627 3029 658 3089 τὸ
673 3028 909 3103 ἐπιγραμμάτιον·

464 3114 691 3194 pidriv‘Hoodo'rp
707 3119 803 3184 τεῦξεν
818 3120 968 3188 Σοφοκλῆς
982 3111 1063 3173 ire'cov
1078 3109 1119 3173 oia

463 3197 541 3260 πέντ’
561 3199 606 3259 tut
621 3198 810 3273 πεντήκοντα,

262 3291 352 3363 quod,
368 3290 415 3344 ubi
430 3289 591 3360 Sophoclem
606 3287 651 3340 01.
668 3291 717 3356 70,
734 3291 856 3342 4:497
874 3306 899 3340 a.
917 3287 975 3341 cnr
1001 3295 1093 3340 natum
1109 3306 1172 3340 esse
1185 3288 1329 3341 statuimus
1341 3281 1384 3354 (ei.

262 3381 341 3429 Wex.
357 3376 374 3428 l.
387 3395 411 3429 c.
428 3393 491 3447 pag.
507 3375 633 3442 27-35),
650 3373 711 3443 ipso
727 3390 799 3425 anno
819 3380 976 3443 antequam
991 3371 1157 3442 Antigonam
1172 3373 1275 3442 ederet,
1291 3371 1386 3442 poitau

261 3462 410 3532 scripsisse
431 3463 560 3532 apparet,
582 3476 636 3529 qun
655 3459 848 3528 epigrammate
867 3459 932 3511 licet
953 3459 1048 3511 mirum
1068 3459 1096 3511 in
1113 3459 1218 3512 modum
1243 3459 1341 3510 abusus
1354 3451 1386 3502 sit

263 3551 410 3616 laegatus,
433 3563 530 3617 quum,
553 3544 638 3597 levem
654 3545 790 3613 quandam
804 3543 935 3596 Boeclrhii
951 3543 984 3614 (l.
1001 3561 1024 3595 c.
1040 3562 1068 3613 p.
1084 3543 1133 3610 nu)
1148 3543 1334 3595 indicationem
1348 3553 1385 3587 se·

262 3639 359 3699 cutus,
376 3632 448 3685 Sami
465 3650 513 3684 eos
529 3630 670 3683 amicitiam
686 3629 812 3681 iunxisse
827 3636 954 3694 censeat,
978 3645 1033 3700 quo
1048 3635 1137 3680 tamen
1155 3635 1270 3698 propter
1283 3623 1385 3688 Antigo-

263 3736 323 3772 nam
343 3718 430 3788 ipsam
453 3717 551 3769 editam
573 3715 678 3767 demum
692 3712 842 3783 Sophocles
863 3718 977 3781 praetor
996 3714 1098 3766 missus
1113 3719 1203 3764 est-
1217 3711 1287 3765 hand
1306 3713 1383 3759 minan

262 3803 330 3856 male
347 3802 478 3873 proponit
493 3801 573 3854 uobis
588 3799 759 3851 Herodotum
776 3797 855 3850 hilari
871 3797 1038 3867 loquacitate
1053 3798 1130 3849 varia
1152 3815 1185 3850 ex
1200 3797 1251 3865 iis,
1272 3810 1336 3866 quae
1349 3787 1383 3839 vl·

263 3889 341 3941 derat
356 3893 440 3957 atque
455 3886 594 3953 audierat,
609 3885 694 3937 amico
710 3887 922 3953 expromentem.
954 3883 1004 3950 nt,
1021 3882 1146 3952 inquies,
1170 3900 1261 3935 nerine
1276 3872 1382 3932 recitatis

264 3973 378 4024 Athenis
402 3972 479 4024 libris
502 3971 561 4024 suis
578 3970 726 4040 praemium
746 3986 763 4020 a
778 3968 880 4020 Senatu
903 3967 1111 4020 Atheniensium
1131 3967 1298 4018 Herodotum
1319 3975 1383 4013 acoe·

263 4057 339 4126 pisse
355 4056 496 4109 Eusebius
512 4061 621 4120 narrat3
638 4054 712 4125 qnod
728 4054 787 4106 sive
803 4070 875 4104 anno
891 4051 936 4104 01.
953 4055 996 4118 83,
1011 4054 1134 4105 4:445
1151 4068 1166 4102 a
1182 4051 1249 4103 cur.
1265 4051 1320 4104 sive
1333 4057 1381 4096 cun

232 4197 238 4211 ,
263 4139 404 4207 Scaligero
428 4145 457 4192 et
476 4140 628 4209 interprete
643 4141 759 4192 Armeno
779 4137 971 4208 praecedentis
992 4136 1058 4190 anni
1071 4136 1273 4188 Panathenaeis
1292 4126 1381 4197 magnit

264 4225 456 4292 assignamus,
479 4223 644 4290 Antigonam
664 4223 808 4294 Sophoclis
826 4222 930 4293 aliquot
951 4223 1032 4275 annis
1053 4220 1213 4274 antecedit?
1242 4222 1305 4273 Eam
1323 4212 1381 4267 enim

265 4307 468 4376 recitationem,
495 4325 575 4376 qnam
598 4309 649 4359 iarn
663 4308 708 4360 Ol.
726 4311 776 4377 81,
801 4311 813 4361 1
826 4331 870 4358 =
880 4309 931 4361 456
955 4325 980 4361 a.
996 4306 1062 4360 Chr.
1080 4305 1223 4376 Olympiae
1244 4299 1380 4357 instituisse

265 4394 348 4462 vulgo
365 4395 454 4446 fertur
466 4392 574 4464 (Heyse
589 4411 616 4462 p.
633 4393 696 4460 26),
713 4392 777 4446 licet
792 4400 820 4446 et
836 4393 895 4463 ipse
910 4392 1038 4464 cupidius
1055 4409 1135 4463 quam
1150 4391 1244 4445 verius
1258 4390 1380 4458 impugna·

267 4483 321 4534 tam
333 4497 396 4534 esse
417 4496 433 4531 a
447 4477 616 4531 Dahlmanno
636 4479 797 4549 concedam,
815 4480 876 4550 ipse
890 4483 980 4532 manea
997 4477 1139 4549 intelliges
1153 4475 1300 4548 paullisper
1313 4463 1378 4523 nobis
