<?xml version="1.0" encoding="UTF-8"?>
<!DOCTYPE html PUBLIC "-//W3C//DTD XHTML 1.0 Transitional//EN"
    "http://www.w3.org/TR/xhtml1/DTD/xhtml1-transitional.dtd">
<html xmlns="http://www.w3.org/1999/xhtml" xml:lang="en" lang="en">
 <head>
  <title>
</title>
<meta http-equiv="Content-Type" content="text/html;charset=utf-8" />
  <meta name='ocr-system' content='tesseract 3.04.00' />
  <meta name='ocr-capabilities' content='ocr_page ocr_carea ocr_par ocr_line ocrx_word'/>
</head>
<body>
  <div class='ocr_page' id='page_1' title='image "./herodotihalicar00unkngoog_0098.png"; bbox 0 0 3042 5125; ppageno 0'>
   <div class='ocr_carea' id='block_1_1' title="bbox 229 346 931 421">
    <p class='ocr_par' dir='ltr' id='par_1_1' title="bbox 229 346 931 421">
     <span class='ocr_line' id='line_1_1' title="bbox 229 346 931 421; baseline -0.02 0"><span class='ocrx_word' id='word_1_1' title='bbox 229 359 270 421; x_wconf 79' lang='lat'><strong>84</strong></span> <span class='ocrx_word' id='word_1_2' title='bbox 661 346 931 411; x_wconf 82' lang='lat' dir='ltr'><strong>HERODOTI</strong></span> 
     </span>
    </p>
   </div>
   <div class='ocr_carea' id='block_1_2' title="bbox 230 523 1373 739">
    <p class='ocr_par' dir='ltr' id='par_1_2' title="bbox 230 523 1373 739">
     <span class='ocr_line' id='line_1_2' title="bbox 231 523 1371 634; baseline -0.018 -16"><span class='ocrx_word' id='word_1_3' title='bbox 231 545 468 619; x_wconf 61' lang='lat' dir='ltr'><strong>uerberandus</strong></span> <span class='ocrx_word' id='word_1_4' title='bbox 488 541 596 634; x_wconf 76' lang='grc' dir='ltr'><em>ἄνδρα</em></span> <span class='ocrx_word' id='word_1_5' title='bbox 616 543 718 630; x_wconf 71' lang='lat' dir='ltr'><strong>otior</strong></span> <span class='ocrx_word' id='word_1_6' title='bbox 738 541 795 610; x_wconf 81' lang='grc' dir='ltr'><strong>καὶ</strong></span> <span class='ocrx_word' id='word_1_7' title='bbox 814 543 926 623; x_wconf 83' lang='grc' dir='ltr'><em>ξεῖνον</em></span> <span class='ocrx_word' id='word_1_8' title='bbox 946 523 985 604; x_wconf 78' lang='grc' dir='ltr'><strong>εὖ</strong></span> <span class='ocrx_word' id='word_1_9' title='bbox 1006 532 1214 623; x_wconf 76' lang='grc' dir='ltr'><strong><em>πρήσσοντα·</em></strong></span> <span class='ocrx_word' id='word_1_10' title='bbox 1242 533 1315 621; x_wconf 78' lang='grc' dir='ltr'><strong>ἐμοὶ</strong></span> <span class='ocrx_word' id='word_1_11' title='bbox 1334 531 1371 599; x_wconf 71' lang='grc' dir='ltr'><strong>δὲ</strong></span> 
     </span>
     <span class='ocr_line' id='line_1_3' title="bbox 230 631 1373 739; baseline -0.017 -18"><span class='ocrx_word' id='word_1_12' title='bbox 230 658 269 722; x_wconf 79' lang='grc' dir='ltr'><strong>αἱ</strong></span> <span class='ocrx_word' id='word_1_13' title='bbox 279 652 335 722; x_wconf 81' lang='grc' dir='ltr'><strong>σαὶ</strong></span> <span class='ocrx_word' id='word_1_14' title='bbox 355 648 494 739; x_wconf 79' lang='grc' dir='ltr'><em>μεγάλαι</em></span> <span class='ocrx_word' id='word_1_15' title='bbox 520 643 669 735; x_wconf 80' lang='grc' dir='ltr'><em>εὐτυχίαι</em></span> <span class='ocrx_word' id='word_1_16' title='bbox 689 639 752 715; x_wconf 78' lang='grc' dir='ltr'><strong>οὐκ</strong></span> <span class='ocrx_word' id='word_1_17' title='bbox 767 639 946 733; x_wconf 71' lang='grc' dir='ltr'><em>ἀρέσκουσι</em></span> <span class='ocrx_word' id='word_1_18' title='bbox 957 692 966 726; x_wconf 91' lang='grc'>,</span> <span class='ocrx_word' id='word_1_19' title='bbox 987 640 1196 729; x_wconf 76' lang='grc' dir='ltr'><em>ἐπισταμένῳ</em></span> <span class='ocrx_word' id='word_1_20' title='bbox 1217 631 1254 704; x_wconf 86' lang='grc' dir='ltr'><strong>τὸ</strong></span> <span class='ocrx_word' id='word_1_21' title='bbox 1271 645 1373 704; x_wconf 79' lang='grc' dir='ltr'><em>θεῖον</em></span> 
     </span>
    </p>
   </div>
   <div class='ocr_carea' id='block_1_3' title="bbox 231 734 1374 842">
    <p class='ocr_par' dir='ltr' id='par_1_3' title="bbox 231 734 1374 842">
     <span class='ocr_line' id='line_1_4' title="bbox 231 734 1374 842; baseline -0.017 -17"><span class='ocrx_word' id='word_1_22' title='bbox 231 752 276 836; x_wconf 77' lang='grc' dir='ltr'><strong>ὦς</strong></span> <span class='ocrx_word' id='word_1_23' title='bbox 293 763 361 826; x_wconf 80' lang='grc' dir='ltr'><em>ἔστι</em></span> <span class='ocrx_word' id='word_1_24' title='bbox 381 749 562 842; x_wconf 71' lang='grc' dir='ltr'><em>φθονερόν.</em></span> <span class='ocrx_word' id='word_1_25' title='bbox 598 758 657 820; x_wconf 86' lang='grc' dir='ltr'><strong>καί</strong></span> <span class='ocrx_word' id='word_1_26' title='bbox 674 777 740 829; x_wconf 86' lang='grc' dir='ltr'><strong>κως</strong></span> <span class='ocrx_word' id='word_1_27' title='bbox 762 744 927 836; x_wconf 79' lang='grc' dir='ltr'><em>βούλομαι</em></span> <span class='ocrx_word' id='word_1_28' title='bbox 948 742 1004 812; x_wconf 80' lang='grc' dir='ltr'><strong>καὶ</strong></span> <span class='ocrx_word' id='word_1_29' title='bbox 1024 738 1143 828; x_wconf 83' lang='grc' dir='ltr'><em>αὐτὸς,</em></span> <span class='ocrx_word' id='word_1_30' title='bbox 1167 740 1224 810; x_wconf 85' lang='grc' dir='ltr'><strong>καὶ</strong></span> <span class='ocrx_word' id='word_1_31' title='bbox 1244 743 1312 808; x_wconf 73' lang='grc' dir='ltr'><strong>τῶν</strong></span> <span class='ocrx_word' id='word_1_32' title='bbox 1329 734 1374 807; x_wconf 75' lang='grc' dir='ltr'><strong>ἂν</strong></span> 
     </span>
    </p>
   </div>
   <div class='ocr_carea' id='block_1_4' title="bbox 231 942 1377 1368">
    <p class='ocr_par' dir='ltr' id='par_1_4' title="bbox 231 942 1377 1368">
     <span class='ocr_line' id='line_1_5' title="bbox 231 942 1375 1033; baseline -0.011 -27"><span class='ocrx_word' id='word_1_33' title='bbox 231 961 335 1021; x_wconf 87' lang='lat' dir='ltr'><strong>terpres</strong></span> <span class='ocrx_word' id='word_1_34' title='bbox 348 952 446 1003; x_wconf 91' lang='lat' dir='ltr'><strong>Italus.</strong></span> <span class='ocrx_word' id='word_1_35' title='bbox 461 951 531 1002; x_wconf 87' lang='lat' dir='ltr'>Mihi</span> <span class='ocrx_word' id='word_1_36' title='bbox 541 950 636 1033; x_wconf 84' lang='lat' dir='ltr'><strong>dehac</strong></span> <span class='ocrx_word' id='word_1_37' title='bbox 649 949 777 1015; x_wconf 88' lang='lat' dir='ltr'><strong>epistola,</strong></span> <span class='ocrx_word' id='word_1_38' title='bbox 828 964 856 1013; x_wconf 89' lang='lat' dir='ltr'><strong>p.</strong></span> <span class='ocrx_word' id='word_1_39' title='bbox 866 945 940 1011; x_wconf 76' lang='lat'><strong>455),</strong></span> <span class='ocrx_word' id='word_1_40' title='bbox 952 950 983 995; x_wconf 86' lang='lat' dir='ltr'><strong>ut</strong></span> <span class='ocrx_word' id='word_1_41' title='bbox 998 948 1090 995; x_wconf 88' lang='lat' dir='ltr'><strong>monet</strong></span> <span class='ocrx_word' id='word_1_42' title='bbox 1102 943 1302 1025; x_wconf 71' lang='lat' dir='ltr'><strong>Westcrmann.</strong></span> <span class='ocrx_word' id='word_1_43' title='bbox 1313 942 1375 1024; x_wconf 82' lang='lat' dir='ltr'><strong>loco</strong></span> 
     </span>
     <span class='ocr_line' id='line_1_6' title="bbox 232 1011 1375 1157; baseline -0.011 -11"><span class='ocrx_word' id='word_1_44' title='bbox 232 1020 777 1157; x_wconf 56' lang='lat' dir='ltr'><strong>{tumulltuullust</strong></span> <span class='ocrx_word' id='word_1_45' title='bbox 828 1011 1375 1148; x_wconf 62' lang='grc'><strong>71111111111111111111</strong></span> 
     </span>
     <span class='ocr_line' id='line_1_7' title="bbox 234 1152 1376 1229; baseline -0.012 -14"><span class='ocrx_word' id='word_1_46' title='bbox 234 1165 398 1229; x_wconf 80' lang='lat' dir='ltr'><strong>descriptam</strong></span> <span class='ocrx_word' id='word_1_47' title='bbox 410 1160 454 1212; x_wconf 86' lang='lat' dir='ltr'><strong>vel</strong></span> <span class='ocrx_word' id='word_1_48' title='bbox 466 1162 570 1212; x_wconf 76' lang='lat' dir='ltr'><strong>Graece</strong></span> <span class='ocrx_word' id='word_1_49' title='bbox 581 1160 717 1211; x_wconf 84' lang='lat' dir='ltr'><strong>redditam</strong></span> <span class='ocrx_word' id='word_1_50' title='bbox 730 1175 778 1224; x_wconf 90' lang='lat' dir='ltr'><strong>pu·</strong></span> <span class='ocrx_word' id='word_1_51' title='bbox 828 1161 932 1208; x_wconf 84' lang='lat' dir='ltr'><strong>motam</strong></span> <span class='ocrx_word' id='word_1_52' title='bbox 951 1158 980 1205; x_wconf 93' lang='lat' dir='ltr'><strong>in</strong></span> <span class='ocrx_word' id='word_1_53' title='bbox 999 1153 1078 1204; x_wconf 85' lang='lat' dir='ltr'><strong>libris</strong></span> <span class='ocrx_word' id='word_1_54' title='bbox 1097 1152 1291 1218; x_wconf 74' lang='lat' dir='ltr'><strong>manuscriptis</strong></span> <span class='ocrx_word' id='word_1_55' title='bbox 1311 1156 1376 1202; x_wconf 90' lang='lat' dir='ltr'><strong>tan-</strong></span> 
     </span>
     <span class='ocr_line' id='line_1_8' title="bbox 235 1222 1376 1297; baseline -0.01 -14"><span class='ocrx_word' id='word_1_56' title='bbox 235 1234 307 1285; x_wconf 91' lang='lat' dir='ltr'><strong>tabit</strong></span> <span class='ocrx_word' id='word_1_57' title='bbox 329 1231 378 1296; x_wconf 85' lang='lat' dir='ltr'><strong>(ci.</strong></span> <span class='ocrx_word' id='word_1_58' title='bbox 391 1230 503 1297; x_wconf 79' lang='lat' dir='ltr'><strong>Dilthey</strong></span> <span class='ocrx_word' id='word_1_59' title='bbox 516 1229 625 1282; x_wconf 84' lang='lat' dir='ltr'><strong>Griech.</strong></span> <span class='ocrx_word' id='word_1_60' title='bbox 639 1231 778 1295; x_wconf 79' lang='lat' dir='ltr'><strong>Fragmm.</strong></span> <span class='ocrx_word' id='word_1_61' title='bbox 829 1243 909 1293; x_wconf 89' lang='lat' dir='ltr'><strong>quam</strong></span> <span class='ocrx_word' id='word_1_62' title='bbox 923 1223 1088 1290; x_wconf 76' lang='lat' dir='ltr'><strong>singularem</strong></span> <span class='ocrx_word' id='word_1_63' title='bbox 1102 1222 1246 1288; x_wconf 88' lang='lat' dir='ltr'><strong>epistolam</strong></span> <span class='ocrx_word' id='word_1_64' title='bbox 1260 1224 1376 1273; x_wconf 89' lang='lat' dir='ltr'><strong>circum·</strong></span> 
     </span>
     <span class='ocr_line' id='line_1_9' title="bbox 234 1293 1377 1368; baseline -0.013 -12"><span class='ocrx_word' id='word_1_65' title='bbox 234 1307 256 1356; x_wconf 91' lang='lat' dir='ltr'><strong>l.</strong></span> <span class='ocrx_word' id='word_1_66' title='bbox 277 1319 303 1368; x_wconf 87' lang='lat' dir='ltr'><strong>p.</strong></span> <span class='ocrx_word' id='word_1_67' title='bbox 319 1301 368 1364; x_wconf 83' lang='grc'><strong>56,</strong></span> <span class='ocrx_word' id='word_1_68' title='bbox 388 1302 579 1352; x_wconf 87' lang='lat' dir='ltr'><strong>Westermann</strong></span> <span class='ocrx_word' id='word_1_69' title='bbox 597 1300 640 1350; x_wconf 91' lang='lat' dir='ltr'><strong>De</strong></span> <span class='ocrx_word' id='word_1_70' title='bbox 658 1299 777 1366; x_wconf 89' lang='lat' dir='ltr'><strong>epistoll.</strong></span> <span class='ocrx_word' id='word_1_71' title='bbox 830 1297 894 1348; x_wconf 80' lang='lat' dir='ltr'><strong>terri</strong></span> <span class='ocrx_word' id='word_1_72' title='bbox 904 1299 1028 1360; x_wconf 87' lang='lat' dir='ltr'><strong>coeptam</strong></span> <span class='ocrx_word' id='word_1_73' title='bbox 1038 1308 1107 1357; x_wconf 87' lang='lat' dir='ltr'><strong>esse,</strong></span> <span class='ocrx_word' id='word_1_74' title='bbox 1118 1293 1235 1359; x_wconf 79' lang='lat' dir='ltr'><strong>indeque</strong></span> <span class='ocrx_word' id='word_1_75' title='bbox 1245 1309 1275 1344; x_wconf 92' lang='lat' dir='ltr'><strong>se</strong></span> <span class='ocrx_word' id='word_1_76' title='bbox 1285 1293 1377 1358; x_wconf 87' lang='lat' dir='ltr'><strong>ipsum</strong></span> 
     </span>
    </p>
   </div>
   <div class='ocr_carea' id='block_1_5' title="bbox 234 1369 782 2761">
    <p class='ocr_par' dir='ltr' id='par_1_5' title="bbox 234 1369 782 2761">
     <span class='ocr_line' id='line_1_10' title="bbox 235 1369 778 1438; baseline -0.004 -14"><span class='ocrx_word' id='word_1_77' title='bbox 235 1374 344 1438; x_wconf 86' lang='lat' dir='ltr'><strong>scriptt.</strong></span> <span class='ocrx_word' id='word_1_78' title='bbox 354 1371 468 1421; x_wconf 88' lang='lat' dir='ltr'><strong>Graeca.</strong></span> <span class='ocrx_word' id='word_1_79' title='bbox 481 1371 513 1421; x_wconf 90' lang='lat' dir='ltr'><strong>P.</strong></span> <span class='ocrx_word' id='word_1_80' title='bbox 522 1370 547 1421; x_wconf 92' lang='grc' dir='ltr'><strong>Ι.</strong></span> <span class='ocrx_word' id='word_1_81' title='bbox 557 1386 584 1436; x_wconf 85' lang='lat' dir='ltr'><strong>p.</strong></span> <span class='ocrx_word' id='word_1_82' title='bbox 595 1371 621 1422; x_wconf 80' lang='lat'><strong>5.</strong></span> <span class='ocrx_word' id='word_1_83' title='bbox 632 1371 669 1422; x_wconf 92' lang='grc' dir='ltr'><strong>ΙΙ.</strong></span> <span class='ocrx_word' id='word_1_84' title='bbox 683 1387 711 1435; x_wconf 88' lang='lat' dir='ltr'><strong>p.</strong></span> <span class='ocrx_word' id='word_1_85' title='bbox 724 1369 778 1435; x_wconf 89' lang='lat' dir='ltr'><strong>ll),</strong></span> 
     </span>
     <span class='ocr_line' id='line_1_11' title="bbox 235 1439 779 1505; baseline -0.006 -12"><span class='ocrx_word' id='word_1_86' title='bbox 235 1444 306 1495; x_wconf 89' lang='lat' dir='ltr'><strong>idem</strong></span> <span class='ocrx_word' id='word_1_87' title='bbox 316 1441 373 1492; x_wconf 81' lang='lat' dir='ltr'><strong>lere</strong></span> <span class='ocrx_word' id='word_1_88' title='bbox 384 1439 559 1490; x_wconf 87' lang='lat' dir='ltr'><strong>statuendum</strong></span> <span class='ocrx_word' id='word_1_89' title='bbox 567 1440 693 1502; x_wconf 80' lang='lat' dir='ltr'><strong>videtur,</strong></span> <span class='ocrx_word' id='word_1_90' title='bbox 706 1439 779 1505; x_wconf 90' lang='lat' dir='ltr'><strong>quod</strong></span> 
     </span>
     <span class='ocr_line' id='line_1_12' title="bbox 234 1508 778 1575; baseline -0.007 -12"><span class='ocrx_word' id='word_1_91' title='bbox 234 1513 269 1563; x_wconf 88' lang='lat' dir='ltr'><strong>de</strong></span> <span class='ocrx_word' id='word_1_92' title='bbox 282 1510 391 1561; x_wconf 82' lang='lat' dir='ltr'><strong>Solonis</strong></span> <span class='ocrx_word' id='word_1_93' title='bbox 402 1509 538 1575; x_wconf 91' lang='lat' dir='ltr'><strong>colloquio</strong></span> <span class='ocrx_word' id='word_1_94' title='bbox 550 1508 725 1560; x_wconf 87' lang='lat' dir='ltr'><strong>celeberrimo</strong></span> <span class='ocrx_word' id='word_1_95' title='bbox 735 1524 778 1559; x_wconf 92' lang='lat' dir='ltr'><strong>su-</strong></span> 
     </span>
     <span class='ocr_line' id='line_1_13' title="bbox 235 1578 779 1647; baseline -0.009 -15"><span class='ocrx_word' id='word_1_96' title='bbox 235 1597 285 1647; x_wconf 87' lang='lat' dir='ltr'><strong>pra</strong></span> <span class='ocrx_word' id='word_1_97' title='bbox 301 1580 337 1631; x_wconf 88' lang='lat' dir='ltr'><strong>ad</strong></span> <span class='ocrx_word' id='word_1_98' title='bbox 354 1580 383 1642; x_wconf 92' lang='lat'><strong>1,</strong></span> <span class='ocrx_word' id='word_1_99' title='bbox 401 1578 435 1630; x_wconf 82' lang='grc'><strong>30</strong></span> <span class='ocrx_word' id='word_1_100' title='bbox 457 1581 612 1630; x_wconf 73' lang='lat' dir='ltr'><strong>statuimus.</strong></span> <span class='ocrx_word' id='word_1_101' title='bbox 648 1579 728 1642; x_wconf 83' lang='lat' dir='ltr'><strong>Quod</strong></span> <span class='ocrx_word' id='word_1_102' title='bbox 748 1583 779 1628; x_wconf 89' lang='lat' dir='ltr'><strong>ut</strong></span> 
     </span>
     <span class='ocr_line' id='line_1_14' title="bbox 234 1649 780 1717; baseline -0.007 -15"><span class='ocrx_word' id='word_1_103' title='bbox 234 1665 345 1717; x_wconf 89' lang='lat' dir='ltr'><strong>prorsus</strong></span> <span class='ocrx_word' id='word_1_104' title='bbox 356 1649 447 1700; x_wconf 89' lang='lat' dir='ltr'><strong>fictum</strong></span> <span class='ocrx_word' id='word_1_105' title='bbox 455 1664 515 1700; x_wconf 89' lang='lat' dir='ltr'><strong>esse</strong></span> <span class='ocrx_word' id='word_1_106' title='bbox 527 1664 669 1714; x_wconf 79' lang='lat' dir='ltr'><strong>negamus,</strong></span> <span class='ocrx_word' id='word_1_107' title='bbox 681 1650 722 1699; x_wconf 83' lang='lat' dir='ltr'><strong>its</strong></span> <span class='ocrx_word' id='word_1_108' title='bbox 732 1663 780 1698; x_wconf 82' lang='lat' dir='ltr'><strong>va·</strong></span> 
     </span>
     <span class='ocr_line' id='line_1_15' title="bbox 235 1719 780 1772; baseline -0.004 -2"><span class='ocrx_word' id='word_1_109' title='bbox 235 1723 283 1771; x_wconf 88' lang='lat' dir='ltr'><strong>riis</strong></span> <span class='ocrx_word' id='word_1_110' title='bbox 296 1720 442 1772; x_wconf 83' lang='lat' dir='ltr'><strong>sententiis</strong></span> <span class='ocrx_word' id='word_1_111' title='bbox 454 1725 613 1769; x_wconf 82' lang='lat' dir='ltr'><strong>exornatum</strong></span> <span class='ocrx_word' id='word_1_112' title='bbox 624 1734 685 1770; x_wconf 90' lang='lat' dir='ltr'><strong>esse</strong></span> <span class='ocrx_word' id='word_1_113' title='bbox 699 1734 717 1768; x_wconf 86' lang='lat' dir='ltr'><strong>a</strong></span> <span class='ocrx_word' id='word_1_114' title='bbox 725 1719 780 1769; x_wconf 86' lang='lat' dir='ltr'><strong>No·</strong></span> 
     </span>
     <span class='ocr_line' id='line_1_16' title="bbox 236 1789 779 1854; baseline -0.007 -13"><span class='ocrx_word' id='word_1_115' title='bbox 236 1796 294 1842; x_wconf 91' lang='lat' dir='ltr'><strong>stro</strong></span> <span class='ocrx_word' id='word_1_116' title='bbox 306 1806 367 1841; x_wconf 88' lang='lat' dir='ltr'><strong>eum</strong></span> <span class='ocrx_word' id='word_1_117' title='bbox 382 1790 410 1838; x_wconf 92' lang='lat' dir='ltr'><strong>in</strong></span> <span class='ocrx_word' id='word_1_118' title='bbox 422 1789 500 1839; x_wconf 87' lang='lat' dir='ltr'><strong>finem</strong></span> <span class='ocrx_word' id='word_1_119' title='bbox 513 1794 650 1854; x_wconf 89' lang='lat' dir='ltr'><strong>putamus,</strong></span> <span class='ocrx_word' id='word_1_120' title='bbox 661 1794 692 1838; x_wconf 90' lang='lat' dir='ltr'><strong>ut</strong></span> <span class='ocrx_word' id='word_1_121' title='bbox 701 1803 779 1838; x_wconf 88' lang='lat' dir='ltr'><strong>suam</strong></span> 
     </span>
     <span class='ocr_line' id='line_1_17' title="bbox 236 1856 782 1912; baseline -0.011 0"><span class='ocrx_word' id='word_1_122' title='bbox 236 1862 402 1912; x_wconf 85' lang='lat' dir='ltr'><strong>sententiam</strong></span> <span class='ocrx_word' id='word_1_123' title='bbox 419 1858 550 1909; x_wconf 87' lang='lat' dir='ltr'><strong>derebus</strong></span> <span class='ocrx_word' id='word_1_124' title='bbox 568 1858 670 1908; x_wconf 87' lang='lat' dir='ltr'><strong>divinis</strong></span> <span class='ocrx_word' id='word_1_125' title='bbox 688 1873 722 1908; x_wconf 90' lang='lat' dir='ltr'><strong>ac</strong></span> <span class='ocrx_word' id='word_1_126' title='bbox 741 1856 782 1906; x_wconf 87' lang='lat' dir='ltr'><strong>di-</strong></span> 
     </span>
     <span class='ocr_line' id='line_1_18' title="bbox 236 1927 782 1994; baseline -0.007 -13"><span class='ocrx_word' id='word_1_127' title='bbox 236 1932 301 1981; x_wconf 82' lang='lat' dir='ltr'><strong>viua</strong></span> <span class='ocrx_word' id='word_1_128' title='bbox 314 1930 432 1980; x_wconf 90' lang='lat' dir='ltr'><strong>omnium</strong></span> <span class='ocrx_word' id='word_1_129' title='bbox 445 1943 533 1978; x_wconf 88' lang='lat' dir='ltr'><strong>rerum</strong></span> <span class='ocrx_word' id='word_1_130' title='bbox 547 1928 721 1994; x_wconf 87' lang='lat' dir='ltr'><strong>providentia</strong></span> <span class='ocrx_word' id='word_1_131' title='bbox 734 1927 782 1977; x_wconf 87' lang='lat' dir='ltr'><strong>ad-</strong></span> 
     </span>
     <span class='ocr_line' id='line_1_19' title="bbox 236 1996 780 2066; baseline -0.009 -15"><span class='ocrx_word' id='word_1_132' title='bbox 236 2015 323 2066; x_wconf 87' lang='lat' dir='ltr'><strong>eoque</strong></span> <span class='ocrx_word' id='word_1_133' title='bbox 340 1998 449 2050; x_wconf 86' lang='lat' dir='ltr'><strong>Ncmesi</strong></span> <span class='ocrx_word' id='word_1_134' title='bbox 466 1997 634 2061; x_wconf 87' lang='lat' dir='ltr'><strong>declararet,</strong></span> <span class='ocrx_word' id='word_1_135' title='bbox 654 2013 736 2063; x_wconf 89' lang='lat' dir='ltr'><strong>quam</strong></span> <span class='ocrx_word' id='word_1_136' title='bbox 751 1996 780 2046; x_wconf 89' lang='lat' dir='ltr'><strong>iu</strong></span> 
     </span>
     <span class='ocr_line' id='line_1_20' title="bbox 236 2066 781 2121; baseline -0.009 -1"><span class='ocrx_word' id='word_1_137' title='bbox 236 2070 361 2121; x_wconf 90' lang='lat' dir='ltr'><strong>omuibus</strong></span> <span class='ocrx_word' id='word_1_138' title='bbox 372 2069 453 2119; x_wconf 89' lang='lat' dir='ltr'><strong>rebus</strong></span> <span class='ocrx_word' id='word_1_139' title='bbox 466 2066 594 2118; x_wconf 85' lang='lat' dir='ltr'><strong>humanis</strong></span> <span class='ocrx_word' id='word_1_140' title='bbox 606 2068 781 2119; x_wconf 81' lang='lat' dir='ltr'><strong>manifestam</strong></span> 
     </span>
     <span class='ocr_line' id='line_1_21' title="bbox 236 2136 782 2205; baseline -0.007 -16"><span class='ocrx_word' id='word_1_141' title='bbox 236 2141 271 2189; x_wconf 90' lang='lat' dir='ltr'><strong>iis</strong></span> <span class='ocrx_word' id='word_1_142' title='bbox 289 2154 413 2205; x_wconf 89' lang='lat' dir='ltr'><strong>quoque,</strong></span> <span class='ocrx_word' id='word_1_143' title='bbox 434 2153 505 2203; x_wconf 86' lang='lat' dir='ltr'><strong>quse</strong></span> <span class='ocrx_word' id='word_1_144' title='bbox 516 2136 672 2201; x_wconf 78' lang='lat' dir='ltr'><strong>Polycrati,</strong></span> <span class='ocrx_word' id='word_1_145' title='bbox 696 2137 782 2186; x_wconf 80' lang='lat' dir='ltr'><strong>lamo·</strong></span> 
     </span>
     <span class='ocr_line' id='line_1_22' title="bbox 235 2209 781 2271; baseline -0.005 -13"><span class='ocrx_word' id='word_1_146' title='bbox 235 2209 344 2260; x_wconf 89' lang='lat' dir='ltr'><strong>sissimo</strong></span> <span class='ocrx_word' id='word_1_147' title='bbox 362 2209 527 2259; x_wconf 84' lang='lat' dir='ltr'><strong>Graecorum</strong></span> <span class='ocrx_word' id='word_1_148' title='bbox 543 2211 660 2271; x_wconf 79' lang='lat' dir='ltr'><strong>tyranno</strong></span> <span class='ocrx_word' id='word_1_149' title='bbox 686 2210 715 2256; x_wconf 84' lang='lat' dir='ltr'><strong>et</strong></span> <span class='ocrx_word' id='word_1_150' title='bbox 734 2221 781 2269; x_wconf 92' lang='lat' dir='ltr'><strong>po·</strong></span> 
     </span>
     <span class='ocr_line' id='line_1_23' title="bbox 236 2275 781 2340; baseline -0.007 -13"><span class='ocrx_word' id='word_1_151' title='bbox 236 2278 408 2338; x_wconf 84' lang='lat' dir='ltr'><strong>tentissimo,</strong></span> <span class='ocrx_word' id='word_1_152' title='bbox 437 2275 607 2338; x_wconf 85' lang='lat' dir='ltr'><strong>acciderint,</strong></span> <span class='ocrx_word' id='word_1_153' title='bbox 636 2275 781 2340; x_wconf 82' lang='lat' dir='ltr'><strong>insigniter</strong></span> 
     </span>
     <span class='ocr_line' id='line_1_24' title="bbox 235 2344 780 2414; baseline -0.006 -17"><span class='ocrx_word' id='word_1_154' title='bbox 235 2346 347 2414; x_wconf 88' lang='lat' dir='ltr'><strong>probari</strong></span> <span class='ocrx_word' id='word_1_155' title='bbox 365 2344 523 2395; x_wconf 86' lang='lat' dir='ltr'><strong>arbitratur.</strong></span> <span class='ocrx_word' id='word_1_156' title='bbox 554 2346 616 2395; x_wconf 88' lang='lat' dir='ltr'><strong>Huc</strong></span> <span class='ocrx_word' id='word_1_157' title='bbox 629 2345 700 2395; x_wconf 87' lang='lat' dir='ltr'><strong>enlm</strong></span> <span class='ocrx_word' id='word_1_158' title='bbox 719 2360 780 2408; x_wconf 88' lang='lat' dir='ltr'><strong>spe·</strong></span> 
     </span>
     <span class='ocr_line' id='line_1_25' title="bbox 235 2413 781 2479; baseline -0.007 -13"><span class='ocrx_word' id='word_1_159' title='bbox 235 2421 313 2466; x_wconf 86' lang='lat' dir='ltr'><strong>ctare</strong></span> <span class='ocrx_word' id='word_1_160' title='bbox 326 2414 437 2464; x_wconf 82' lang='lat' dir='ltr'><strong>credam</strong></span> <span class='ocrx_word' id='word_1_161' title='bbox 449 2413 559 2474; x_wconf 89' lang='lat' dir='ltr'><strong>utalia,</strong></span> <span class='ocrx_word' id='word_1_162' title='bbox 573 2428 643 2479; x_wconf 89' lang='lat' dir='ltr'><strong>quae</strong></span> <span class='ocrx_word' id='word_1_163' title='bbox 655 2414 689 2464; x_wconf 89' lang='lat' dir='ltr'><strong>de</strong></span> <span class='ocrx_word' id='word_1_164' title='bbox 700 2413 781 2476; x_wconf 81' lang='lat' dir='ltr'><strong>Poly-</strong></span> 
     </span>
     <span class='ocr_line' id='line_1_26' title="bbox 236 2481 781 2535; baseline -0.004 -1"><span class='ocrx_word' id='word_1_165' title='bbox 236 2490 313 2535; x_wconf 89' lang='lat' dir='ltr'><strong>crate</strong></span> <span class='ocrx_word' id='word_1_166' title='bbox 331 2484 359 2534; x_wconf 89' lang='lat' dir='ltr'><strong>in</strong></span> <span class='ocrx_word' id='word_1_167' title='bbox 375 2481 538 2534; x_wconf 86' lang='lat' dir='ltr'><strong>Herodoteis</strong></span> <span class='ocrx_word' id='word_1_168' title='bbox 550 2484 637 2535; x_wconf 87' lang='lat' dir='ltr'><strong>Musis</strong></span> <span class='ocrx_word' id='word_1_169' title='bbox 652 2498 781 2533; x_wconf 76' lang='lat' dir='ltr'><strong>enarran-</strong></span> 
     </span>
     <span class='ocr_line' id='line_1_27' title="bbox 237 2552 779 2619; baseline -0.002 -15"><span class='ocrx_word' id='word_1_170' title='bbox 237 2559 293 2619; x_wconf 94' lang='lat' dir='ltr'><strong>tnr,</strong></span> <span class='ocrx_word' id='word_1_171' title='bbox 307 2553 348 2603; x_wconf 89' lang='lat' dir='ltr'><strong>ita</strong></span> <span class='ocrx_word' id='word_1_172' title='bbox 361 2552 432 2603; x_wconf 87' lang='lat' dir='ltr'><strong>hauc</strong></span> <span class='ocrx_word' id='word_1_173' title='bbox 444 2568 549 2619; x_wconf 89' lang='lat' dir='ltr'><strong>quoque</strong></span> <span class='ocrx_word' id='word_1_174' title='bbox 561 2553 720 2619; x_wconf 89' lang='lat' dir='ltr'><strong>epistolam,</strong></span> <span class='ocrx_word' id='word_1_175' title='bbox 731 2569 779 2603; x_wconf 89' lang='lat' dir='ltr'><strong>na-</strong></span> 
     </span>
     <span class='ocr_line' id='line_1_28' title="bbox 236 2622 780 2688; baseline -0.007 -12"><span class='ocrx_word' id='word_1_176' title='bbox 236 2629 294 2676; x_wconf 88' lang='lat' dir='ltr'><strong>tam</strong></span> <span class='ocrx_word' id='word_1_177' title='bbox 308 2623 383 2673; x_wconf 88' lang='lat' dir='ltr'><strong>illam</strong></span> <span class='ocrx_word' id='word_1_178' title='bbox 396 2622 502 2688; x_wconf 90' lang='lat' dir='ltr'><strong>quidem</strong></span> <span class='ocrx_word' id='word_1_179' title='bbox 517 2639 549 2673; x_wconf 81' lang='lat' dir='ltr'><strong>ex</strong></span> <span class='ocrx_word' id='word_1_180' title='bbox 563 2639 594 2674; x_wconf 94' lang='lat' dir='ltr'><strong>eo</strong></span> <span class='ocrx_word' id='word_1_181' title='bbox 607 2625 780 2686; x_wconf 87' lang='lat' dir='ltr'><strong>commercio,</strong></span> 
     </span>
     <span class='ocr_line' id='line_1_29' title="bbox 238 2693 781 2761; baseline -0.006 -16"><span class='ocrx_word' id='word_1_182' title='bbox 238 2694 310 2761; x_wconf 91' lang='lat' dir='ltr'><strong>quod</strong></span> <span class='ocrx_word' id='word_1_183' title='bbox 323 2694 419 2759; x_wconf 89' lang='lat' dir='ltr'><strong>utique</strong></span> <span class='ocrx_word' id='word_1_184' title='bbox 431 2693 555 2755; x_wconf 82' lang='lat' dir='ltr'><strong>Amasis,</strong></span> <span class='ocrx_word' id='word_1_185' title='bbox 574 2698 605 2743; x_wconf 88' lang='lat' dir='ltr'><strong>ut</strong></span> <span class='ocrx_word' id='word_1_186' title='bbox 623 2699 684 2745; x_wconf 87' lang='lat' dir='ltr'><strong>erat</strong></span> <span class='ocrx_word' id='word_1_187' title='bbox 697 2694 781 2745; x_wconf 83' lang='lat' dir='ltr'><strong>Grae·</strong></span> 
     </span>
    </p>
   </div>
   <div class='ocr_carea' id='block_1_6' title="bbox 828 1361 1379 2758">
    <p class='ocr_par' dir='ltr' id='par_1_6' title="bbox 828 1361 1377 1559">
     <span class='ocr_line' id='line_1_30' title="bbox 828 1361 1376 1429; baseline -0.007 -12"><span class='ocrx_word' id='word_1_188' title='bbox 828 1369 857 1418; x_wconf 89' lang='lat' dir='ltr'><strong>in</strong></span> <span class='ocrx_word' id='word_1_189' title='bbox 879 1366 939 1417; x_wconf 89' lang='lat' dir='ltr'><strong>cod.</strong></span> <span class='ocrx_word' id='word_1_190' title='bbox 961 1364 1176 1429; x_wconf 81' lang='lat' dir='ltr'><strong>Guelferbytauo</strong></span> <span class='ocrx_word' id='word_1_191' title='bbox 1197 1362 1255 1414; x_wconf 68' lang='lat'><strong>1021.</strong></span> <span class='ocrx_word' id='word_1_192' title='bbox 1275 1361 1323 1413; x_wconf 81' lang='lat' dir='ltr'><strong>iol.</strong></span> <span class='ocrx_word' id='word_1_193' title='bbox 1339 1364 1376 1413; x_wconf 75' lang='lat'><strong>25</strong></span> 
     </span>
     <span class='ocr_line' id='line_1_31' title="bbox 829 1432 1377 1498; baseline -0.013 -10"><span class='ocrx_word' id='word_1_194' title='bbox 829 1435 968 1488; x_wconf 83' lang='lat' dir='ltr'><strong>invenisse</strong></span> <span class='ocrx_word' id='word_1_195' title='bbox 980 1433 1094 1486; x_wconf 88' lang='lat' dir='ltr'><strong>eandem</strong></span> <span class='ocrx_word' id='word_1_196' title='bbox 1108 1433 1180 1483; x_wconf 89' lang='lat' dir='ltr'><strong>inter</strong></span> <span class='ocrx_word' id='word_1_197' title='bbox 1192 1432 1303 1498; x_wconf 81' lang='lat' dir='ltr'><strong>Syucsii</strong></span> <span class='ocrx_word' id='word_1_198' title='bbox 1318 1433 1377 1498; x_wconf 89' lang='lat' dir='ltr'><strong>epi·</strong></span> 
     </span>
     <span class='ocr_line' id='line_1_32' title="bbox 830 1506 1071 1559; baseline -0.025 0"><span class='ocrx_word' id='word_1_199' title='bbox 830 1506 916 1559; x_wconf 90' lang='lat' dir='ltr'><strong>stolas</strong></span> <span class='ocrx_word' id='word_1_200' title='bbox 930 1506 1071 1557; x_wconf 87' lang='lat' dir='ltr'><strong>insertam.</strong></span> 
     </span>
    </p>

    <p class='ocr_par' dir='ltr' id='par_1_7' title="bbox 830 1560 1379 2758">
     <span class='ocr_line' id='line_1_33' title="bbox 864 1560 1376 1641; baseline -0.014 -15"><span class='ocrx_word' id='word_1_201' title='bbox 864 1568 1037 1641; x_wconf 73' lang='grc' dir='ltr'><em>ἐπισταμένῳ</em></span> <span class='ocrx_word' id='word_1_202' title='bbox 1047 1564 1078 1623; x_wconf 82' lang='grc' dir='ltr'><strong>τὸ</strong></span> <span class='ocrx_word' id='word_1_203' title='bbox 1087 1572 1172 1623; x_wconf 74' lang='grc' dir='ltr'><em>θεῖον</em></span> <span class='ocrx_word' id='word_1_204' title='bbox 1182 1560 1218 1628; x_wconf 79' lang='grc' dir='ltr'><strong>ὦς</strong></span> <span class='ocrx_word' id='word_1_205' title='bbox 1228 1563 1285 1621; x_wconf 76' lang='grc' dir='ltr'><em>ἔστι</em></span> <span class='ocrx_word' id='word_1_206' title='bbox 1297 1569 1376 1634; x_wconf 78' lang='grc' dir='ltr'>φθο-</span> 
     </span>
     <span class='ocr_line' id='line_1_34' title="bbox 830 1636 1376 1711; baseline -0.011 -15"><span class='ocrx_word' id='word_1_207' title='bbox 830 1636 924 1711; x_wconf 74' lang='grc' dir='ltr'><em>νερόν]</em></span> <span class='ocrx_word' id='word_1_208' title='bbox 951 1644 1064 1696; x_wconf 83' lang='lat' dir='ltr'><strong>Retinui</strong></span> <span class='ocrx_word' id='word_1_209' title='bbox 1083 1643 1223 1709; x_wconf 71' lang='lat' dir='ltr'><strong>vulgatam</strong></span> <span class='ocrx_word' id='word_1_210' title='bbox 1247 1657 1309 1692; x_wconf 91' lang='lat' dir='ltr'><strong>eum</strong></span> <span class='ocrx_word' id='word_1_211' title='bbox 1332 1656 1376 1691; x_wconf 87' lang='lat' dir='ltr'><strong>re-</strong></span> 
     </span>
     <span class='ocr_line' id='line_1_35' title="bbox 830 1710 1377 1778; baseline -0.009 -11"><span class='ocrx_word' id='word_1_212' title='bbox 830 1719 915 1768; x_wconf 87' lang='lat' dir='ltr'><strong>centt.</strong></span> <span class='ocrx_word' id='word_1_213' title='bbox 935 1713 995 1765; x_wconf 81' lang='lat' dir='ltr'><strong>edd.</strong></span> <span class='ocrx_word' id='word_1_214' title='bbox 1011 1719 1159 1778; x_wconf 86' lang='lat' dir='ltr'><strong>praeeunte</strong></span> <span class='ocrx_word' id='word_1_215' title='bbox 1170 1710 1308 1761; x_wconf 77' lang='lat' dir='ltr'><strong>Matthiae</strong></span> <span class='ocrx_word' id='word_1_216' title='bbox 1323 1726 1377 1762; x_wconf 88' lang='lat' dir='ltr'><strong>nec</strong></span> 
     </span>
     <span class='ocr_line' id='line_1_36' title="bbox 830 1780 1376 1852; baseline -0.011 -15"><span class='ocrx_word' id='word_1_217' title='bbox 830 1785 1002 1852; x_wconf 87' lang='lat' dir='ltr'><strong>improbante</strong></span> <span class='ocrx_word' id='word_1_218' title='bbox 1012 1783 1240 1834; x_wconf 88' lang='lat' dir='ltr'><strong>censoreleuensi</strong></span> <span class='ocrx_word' id='word_1_219' title='bbox 1248 1780 1324 1832; x_wconf 86' lang='grc'><strong>1817.</strong></span> <span class='ocrx_word' id='word_1_220' title='bbox 1331 1796 1376 1831; x_wconf 81' lang='grc' dir='ltr'><em>ιιι.</em></span> 
     </span>
     <span class='ocr_line' id='line_1_37' title="bbox 830 1849 1376 1920; baseline -0.009 -14"><span class='ocrx_word' id='word_1_221' title='bbox 830 1855 891 1908; x_wconf 79' lang='grc'><strong>2113.</strong></span> <span class='ocrx_word' id='word_1_222' title='bbox 902 1870 928 1920; x_wconf 86' lang='lat' dir='ltr'><strong>p.</strong></span> <span class='ocrx_word' id='word_1_223' title='bbox 939 1853 1002 1906; x_wconf 74' lang='lat'>363:</span> <span class='ocrx_word' id='word_1_224' title='bbox 1023 1869 1039 1903; x_wconf 91' lang='lat' dir='ltr'><strong>e</strong></span> <span class='ocrx_word' id='word_1_225' title='bbox 1051 1851 1210 1903; x_wconf 76' lang='lat' dir='ltr'><strong>Florentino</strong></span> <span class='ocrx_word' id='word_1_226' title='bbox 1221 1849 1376 1915; x_wconf 79' lang='lat' dir='ltr'><strong>Schweigb.</strong></span> 
     </span>
     <span class='ocr_line' id='line_1_38' title="bbox 831 1919 1378 1978; baseline -0.016 0"><span class='ocrx_word' id='word_1_227' title='bbox 831 1930 860 1978; x_wconf 90' lang='lat' dir='ltr'><strong>et</strong></span> <span class='ocrx_word' id='word_1_228' title='bbox 869 1923 1006 1977; x_wconf 83' lang='lat' dir='ltr'><strong>Gaisford.</strong></span> <span class='ocrx_word' id='word_1_229' title='bbox 1018 1923 1127 1974; x_wconf 83' lang='lat' dir='ltr'><strong>inverso</strong></span> <span class='ocrx_word' id='word_1_230' title='bbox 1137 1921 1231 1973; x_wconf 87' lang='lat' dir='ltr'><strong>ordine</strong></span> <span class='ocrx_word' id='word_1_231' title='bbox 1242 1919 1378 1971; x_wconf 81' lang='lat' dir='ltr'><strong>dederant</strong></span> 
     </span>
     <span class='ocr_line' id='line_1_39' title="bbox 831 1983 1376 2058; baseline -0.009 -13"><span class='ocrx_word' id='word_1_232' title='bbox 831 1987 864 2045; x_wconf 85' lang='grc' dir='ltr'><strong>τὸ</strong></span> <span class='ocrx_word' id='word_1_233' title='bbox 874 1994 958 2045; x_wconf 76' lang='grc' dir='ltr'><em>θεῖον</em></span> <span class='ocrx_word' id='word_1_234' title='bbox 968 1983 1142 2058; x_wconf 73' lang='grc' dir='ltr'><em>ἐπισταμένῳ</em></span> <span class='ocrx_word' id='word_1_235' title='bbox 1150 2007 1176 2041; x_wconf 81' lang='grc' dir='ltr'><strong>ιι.</strong></span> <span class='ocrx_word' id='word_1_236' title='bbox 1185 2006 1209 2041; x_wconf 89' lang='grc' dir='ltr'><strong>τ.</strong></span> <span class='ocrx_word' id='word_1_237' title='bbox 1221 1990 1243 2040; x_wconf 77' lang='lat' dir='ltr'><strong>t.</strong></span> <span class='ocrx_word' id='word_1_238' title='bbox 1258 1989 1312 2041; x_wconf 87' lang='lat' dir='ltr'><strong>Sed</strong></span> <span class='ocrx_word' id='word_1_239' title='bbox 1319 1989 1376 2041; x_wconf 85' lang='lat' dir='ltr'><strong>No·</strong></span> 
     </span>
     <span class='ocr_line' id='line_1_40' title="bbox 831 2061 1377 2129; baseline -0.016 -12"><span class='ocrx_word' id='word_1_240' title='bbox 831 2072 888 2118; x_wconf 88' lang='lat' dir='ltr'><strong>ster</strong></span> <span class='ocrx_word' id='word_1_241' title='bbox 900 2078 984 2129; x_wconf 89' lang='lat' dir='ltr'><strong>supra</strong></span> <span class='ocrx_word' id='word_1_242' title='bbox 997 2062 1025 2123; x_wconf 90' lang='lat'><strong>1,</strong></span> <span class='ocrx_word' id='word_1_243' title='bbox 1039 2062 1073 2113; x_wconf 79' lang='lat'><strong>32</strong></span> <span class='ocrx_word' id='word_1_244' title='bbox 1090 2061 1145 2111; x_wconf 84' lang='lat' dir='ltr'><strong>iam</strong></span> <span class='ocrx_word' id='word_1_245' title='bbox 1164 2062 1327 2126; x_wconf 84' lang='lat' dir='ltr'><strong>scripserat:</strong></span> <span class='ocrx_word' id='word_1_246' title='bbox 1340 2086 1377 2096; x_wconf 95' lang='lat'><em>-</em></span> 
     </span>
     <span class='ocr_line' id='line_1_41' title="bbox 831 2118 1379 2199; baseline -0.015 -13"><span class='ocrx_word' id='word_1_247' title='bbox 831 2122 1015 2199; x_wconf 73' lang='grc' dir='ltr'><em>ἐπιστάμενόν</em></span> <span class='ocrx_word' id='word_1_248' title='bbox 1033 2145 1067 2196; x_wconf 81' lang='grc' dir='ltr'><strong>με</strong></span> <span class='ocrx_word' id='word_1_249' title='bbox 1089 2123 1122 2180; x_wconf 83' lang='grc' dir='ltr'><strong>τὸ</strong></span> <span class='ocrx_word' id='word_1_250' title='bbox 1145 2129 1229 2180; x_wconf 75' lang='grc' dir='ltr'><em>θεῖον</em></span> <span class='ocrx_word' id='word_1_251' title='bbox 1248 2126 1307 2179; x_wconf 79' lang='grc' dir='ltr'><strong>πᾶν</strong></span> <span class='ocrx_word' id='word_1_252' title='bbox 1325 2118 1379 2178; x_wconf 70' lang='grc' dir='ltr'><strong>ἐὸν</strong></span> 
     </span>
     <span class='ocr_line' id='line_1_42' title="bbox 832 2194 1377 2268; baseline -0.007 -14"><span class='ocrx_word' id='word_1_253' title='bbox 832 2194 980 2268; x_wconf 80' lang='grc' dir='ltr'><em>φθονερόν</em></span> <span class='ocrx_word' id='word_1_254' title='bbox 988 2216 1016 2251; x_wconf 80' lang='grc' dir='ltr'><strong>τι</strong></span> <span class='ocrx_word' id='word_1_255' title='bbox 1027 2196 1076 2251; x_wconf 76' lang='grc' dir='ltr'><strong>καὶ</strong></span> <span class='ocrx_word' id='word_1_256' title='bbox 1089 2197 1256 2266; x_wconf 75' lang='grc' dir='ltr'><em>ταραχῶδες.</em></span> <span class='ocrx_word' id='word_1_257' title='bbox 1272 2199 1377 2250; x_wconf 83' lang='lat' dir='ltr'><strong>Nostro</strong></span> 
     </span>
     <span class='ocr_line' id='line_1_43' title="bbox 831 2267 1377 2335; baseline -0.011 -10"><span class='ocrx_word' id='word_1_258' title='bbox 831 2276 892 2325; x_wconf 89' lang='lat' dir='ltr'><strong>loco</strong></span> <span class='ocrx_word' id='word_1_259' title='bbox 912 2267 968 2322; x_wconf 72' lang='grc' dir='ltr'><em>ἔστι</em></span> <span class='ocrx_word' id='word_1_260' title='bbox 987 2271 1079 2323; x_wconf 89' lang='lat' dir='ltr'><strong>omisit</strong></span> <span class='ocrx_word' id='word_1_261' title='bbox 1095 2270 1227 2320; x_wconf 80' lang='lat' dir='ltr'><strong>Dindori:</strong></span> <span class='ocrx_word' id='word_1_262' title='bbox 1249 2269 1377 2335; x_wconf 86' lang='lat' dir='ltr'><strong>equidem</strong></span> 
     </span>
     <span class='ocr_line' id='line_1_44' title="bbox 831 2338 1377 2402; baseline -0.015 -6"><span class='ocrx_word' id='word_1_263' title='bbox 831 2361 892 2396; x_wconf 90' lang='lat' dir='ltr'><strong>cum</strong></span> <span class='ocrx_word' id='word_1_264' title='bbox 903 2341 1046 2393; x_wconf 89' lang='lat' dir='ltr'><strong>Dietschio</strong></span> <span class='ocrx_word' id='word_1_265' title='bbox 1057 2342 1175 2391; x_wconf 87' lang='lat' dir='ltr'><strong>retinere</strong></span> <span class='ocrx_word' id='word_1_266' title='bbox 1184 2338 1279 2402; x_wconf 90' lang='lat' dir='ltr'><strong>malui,</strong></span> <span class='ocrx_word' id='word_1_267' title='bbox 1290 2341 1377 2391; x_wconf 88' lang='lat' dir='ltr'><strong>omni-</strong></span> 
     </span>
     <span class='ocr_line' id='line_1_45' title="bbox 830 2410 1376 2477; baseline -0.011 -12"><span class='ocrx_word' id='word_1_268' title='bbox 830 2415 882 2465; x_wconf 89' lang='lat' dir='ltr'><strong>bus</strong></span> <span class='ocrx_word' id='word_1_269' title='bbox 895 2412 975 2463; x_wconf 90' lang='lat' dir='ltr'><strong>eodd.</strong></span> <span class='ocrx_word' id='word_1_270' title='bbox 985 2410 1229 2477; x_wconf 84' lang='lat' dir='ltr'><strong>adstipulantibus.</strong></span> <span class='ocrx_word' id='word_1_271' title='bbox 1257 2410 1301 2459; x_wconf 90' lang='lat' dir='ltr'><strong>De</strong></span> <span class='ocrx_word' id='word_1_272' title='bbox 1312 2411 1376 2475; x_wconf 88' lang='lat' dir='ltr'><strong>ipsa</strong></span> 
     </span>
     <span class='ocr_line' id='line_1_46' title="bbox 830 2478 1378 2542; baseline -0.005 -8"><span class='ocrx_word' id='word_1_273' title='bbox 830 2484 968 2535; x_wconf 88' lang='lat' dir='ltr'><strong>sententia</strong></span> <span class='ocrx_word' id='word_1_274' title='bbox 980 2481 1036 2532; x_wconf 84' lang='lat' dir='ltr'><strong>vid.</strong></span> <span class='ocrx_word' id='word_1_275' title='bbox 1048 2485 1118 2531; x_wconf 89' lang='lat' dir='ltr'><strong>nott.</strong></span> <span class='ocrx_word' id='word_1_276' title='bbox 1131 2478 1203 2542; x_wconf 88' lang='lat' dir='ltr'><strong>adl,</strong></span> <span class='ocrx_word' id='word_1_277' title='bbox 1215 2479 1248 2531; x_wconf 83' lang='lat'><strong>32</strong></span> <span class='ocrx_word' id='word_1_278' title='bbox 1263 2483 1291 2530; x_wconf 89' lang='lat' dir='ltr'><strong>et</strong></span> <span class='ocrx_word' id='word_1_279' title='bbox 1302 2479 1378 2531; x_wconf 79' lang='lat' dir='ltr'><strong>conf.</strong></span> 
     </span>
     <span class='ocr_line' id='line_1_47' title="bbox 830 2549 1377 2620; baseline -0.005 -15"><span class='ocrx_word' id='word_1_280' title='bbox 830 2554 943 2620; x_wconf 79' lang='lat' dir='ltr'><strong>Ditges:</strong></span> <span class='ocrx_word' id='word_1_281' title='bbox 959 2549 1377 2617; x_wconf 76' lang='lat' dir='ltr'><strong>Delatiap.Herodot.ratione</strong></span> 
     </span>
     <span class='ocr_line' id='line_1_48' title="bbox 831 2619 1376 2690; baseline -0.007 -16"><span class='ocrx_word' id='word_1_282' title='bbox 831 2640 893 2690; x_wconf 79' lang='lat' dir='ltr'><strong>pag.</strong></span> <span class='ocrx_word' id='word_1_283' title='bbox 922 2624 972 2685; x_wconf 77' lang='lat'><strong>14,</strong></span> <span class='ocrx_word' id='word_1_284' title='bbox 991 2620 1130 2672; x_wconf 82' lang='lat' dir='ltr'><strong>Luebker:</strong></span> <span class='ocrx_word' id='word_1_285' title='bbox 1160 2619 1376 2685; x_wconf 81' lang='lat' dir='ltr'><strong>Sopholsleiscbc</strong></span> 
     </span>
     <span class='ocr_line' id='line_1_49' title="bbox 832 2690 1333 2758; baseline -0.006 -13"><span class='ocrx_word' id='word_1_286' title='bbox 832 2693 964 2758; x_wconf 80' lang='lat' dir='ltr'><strong>Theolog.</strong></span> <span class='ocrx_word' id='word_1_287' title='bbox 979 2706 1006 2743; x_wconf 93' lang='lat' dir='ltr'><strong>u.</strong></span> <span class='ocrx_word' id='word_1_288' title='bbox 1021 2690 1107 2741; x_wconf 85' lang='lat' dir='ltr'><strong>Ethik</strong></span> <span class='ocrx_word' id='word_1_289' title='bbox 1117 2692 1140 2743; x_wconf 94' lang='lat'><strong>1.</strong></span> <span class='ocrx_word' id='word_1_290' title='bbox 1154 2704 1218 2755; x_wconf 74' lang='lat' dir='ltr'><strong>pag.</strong></span> <span class='ocrx_word' id='word_1_291' title='bbox 1229 2690 1262 2741; x_wconf 83' lang='grc'><strong>57</strong></span> <span class='ocrx_word' id='word_1_292' title='bbox 1274 2706 1333 2756; x_wconf 88' lang='lat' dir='ltr'><strong>seq.</strong></span> 
     </span>
    </p>
   </div>
   <div class='ocr_carea' id='block_1_7' title="bbox 234 2751 1378 4501">
    <p class='ocr_par' dir='ltr' id='par_1_8' title="bbox 234 2751 1378 4501">
     <span class='ocr_line' id='line_1_50' title="bbox 236 2751 1377 2827; baseline -0.004 -12"><span class='ocrx_word' id='word_1_293' title='bbox 236 2780 330 2816; x_wconf 90' lang='lat' dir='ltr'><strong>corum</strong></span> <span class='ocrx_word' id='word_1_294' title='bbox 349 2762 566 2814; x_wconf 84' lang='lat' dir='ltr'><strong>studiosissimus</strong></span> <span class='ocrx_word' id='word_1_295' title='bbox 586 2762 634 2826; x_wconf 83' lang='lat' dir='ltr'><strong>(ci.</strong></span> <span class='ocrx_word' id='word_1_296' title='bbox 646 2763 781 2815; x_wconf 86' lang='lat' dir='ltr'><strong>Herodot.</strong></span> <span class='ocrx_word' id='word_1_297' title='bbox 866 2761 988 2819; x_wconf 71' lang='grc' dir='ltr'><em>καίνισις</em></span> <span class='ocrx_word' id='word_1_298' title='bbox 1008 2751 1154 2827; x_wconf 70' lang='grc' dir='ltr'><em>βούλομαι]</em></span> <span class='ocrx_word' id='word_1_299' title='bbox 1179 2760 1199 2811; x_wconf 88' lang='lat' dir='ltr'><strong>i.</strong></span> <span class='ocrx_word' id='word_1_300' title='bbox 1217 2775 1241 2811; x_wconf 87' lang='lat' dir='ltr'><strong>e.</strong></span> <span class='ocrx_word' id='word_1_301' title='bbox 1264 2776 1297 2810; x_wconf 84' lang='lat' dir='ltr'><strong>nc</strong></span> <span class='ocrx_word' id='word_1_302' title='bbox 1315 2760 1377 2825; x_wconf 77' lang='lat' dir='ltr'><strong>sere</strong></span> 
     </span>
     <span class='ocr_line' id='line_1_51' title="bbox 237 2831 1378 2899; baseline -0.003 -14"><span class='ocrx_word' id='word_1_303' title='bbox 237 2835 280 2896; x_wconf 85' lang='lat'><strong>11,</strong></span> <span class='ocrx_word' id='word_1_304' title='bbox 301 2832 351 2884; x_wconf 87' lang='grc'><strong>178</strong></span> <span class='ocrx_word' id='word_1_305' title='bbox 366 2833 471 2898; x_wconf 78' lang='lat' dir='ltr'><strong>seqq),</strong></span> <span class='ocrx_word' id='word_1_306' title='bbox 491 2848 552 2883; x_wconf 90' lang='lat' dir='ltr'><strong>cum</strong></span> <span class='ocrx_word' id='word_1_307' title='bbox 571 2834 716 2899; x_wconf 82' lang='lat' dir='ltr'><strong>Polycrate</strong></span> <span class='ocrx_word' id='word_1_308' title='bbox 734 2833 783 2882; x_wconf 87' lang='lat' dir='ltr'><strong>ba·</strong></span> <span class='ocrx_word' id='word_1_309' title='bbox 832 2838 896 2886; x_wconf 85' lang='lat' dir='ltr'><strong>malo</strong></span> <span class='ocrx_word' id='word_1_310' title='bbox 910 2835 1180 2897; x_wconf 61' lang='lat' dir='ltr'><strong>conumeraremus,</strong></span> <span class='ocrx_word' id='word_1_311' title='bbox 1196 2833 1240 2896; x_wconf 83' lang='lat' dir='ltr'><strong>qni</strong></span> <span class='ocrx_word' id='word_1_312' title='bbox 1250 2831 1309 2881; x_wconf 71' lang='lat' dir='ltr'><strong>niti</strong></span> <span class='ocrx_word' id='word_1_313' title='bbox 1317 2839 1378 2882; x_wconf 77' lang='lat' dir='ltr'><strong>aaut</strong></span> 
     </span>
     <span class='ocr_line' id='line_1_52' title="bbox 236 2901 1378 2966; baseline -0.004 -12"><span class='ocrx_word' id='word_1_314' title='bbox 236 2904 329 2955; x_wconf 87' lang='lat' dir='ltr'><strong>baisse</strong></span> <span class='ocrx_word' id='word_1_315' title='bbox 342 2902 464 2963; x_wconf 79' lang='lat' dir='ltr'><strong>videtur,</strong></span> <span class='ocrx_word' id='word_1_316' title='bbox 477 2907 547 2953; x_wconf 86' lang='lat' dir='ltr'><strong>teste</strong></span> <span class='ocrx_word' id='word_1_317' title='bbox 558 2903 703 2966; x_wconf 84' lang='lat' dir='ltr'><strong>Strabone,</strong></span> <span class='ocrx_word' id='word_1_318' title='bbox 716 2904 783 2953; x_wconf 89' lang='lat' dir='ltr'><strong>Dio·</strong></span> <span class='ocrx_word' id='word_1_319' title='bbox 832 2920 924 2963; x_wconf 82' lang='lat' dir='ltr'><strong>corae,</strong></span> <span class='ocrx_word' id='word_1_320' title='bbox 948 2919 983 2953; x_wconf 72' lang='lat' dir='ltr'><strong>ecc</strong></span> <span class='ocrx_word' id='word_1_321' title='bbox 997 2910 1074 2965; x_wconf 82' lang='lat' dir='ltr'><strong>parte</strong></span> <span class='ocrx_word' id='word_1_322' title='bbox 1090 2901 1223 2959; x_wconf 68' lang='grc' dir='ltr'><em>ιετιινιὶιζι,</em></span> <span class='ocrx_word' id='word_1_323' title='bbox 1247 2917 1282 2950; x_wconf 76' lang='lat' dir='ltr'><strong>eu</strong></span> <span class='ocrx_word' id='word_1_324' title='bbox 1298 2908 1378 2965; x_wconf 68' lang='lat' dir='ltr'><strong>panc</strong></span> 
     </span>
     <span class='ocr_line' id='line_1_53' title="bbox 237 2970 1376 3037; baseline -0.003 -13"><span class='ocrx_word' id='word_1_325' title='bbox 237 2974 320 3037; x_wconf 88' lang='lat' dir='ltr'><strong>doro,</strong></span> <span class='ocrx_word' id='word_1_326' title='bbox 339 2972 403 3022; x_wconf 92' lang='lat' dir='ltr'><strong>aliis</strong></span> <span class='ocrx_word' id='word_1_327' title='bbox 423 2986 506 3035; x_wconf 86' lang='lat' dir='ltr'><strong>supra</strong></span> <span class='ocrx_word' id='word_1_328' title='bbox 523 2970 656 3029; x_wconf 81' lang='lat' dir='ltr'><strong>laudatis,</strong></span> <span class='ocrx_word' id='word_1_329' title='bbox 677 2973 724 3024; x_wconf 89' lang='lat' dir='ltr'><strong>sed</strong></span> <span class='ocrx_word' id='word_1_330' title='bbox 741 2974 782 3021; x_wconf 89' lang='lat' dir='ltr'><strong>ita</strong></span> <span class='ocrx_word' id='word_1_331' title='bbox 832 2974 949 3025; x_wconf 74' lang='grc' dir='ltr'><em>ασσινιὶε</em></span> <span class='ocrx_word' id='word_1_332' title='bbox 962 2974 997 3022; x_wconf 81' lang='lat' dir='ltr'><strong>uti</strong></span> <span class='ocrx_word' id='word_1_333' title='bbox 1011 2971 1103 3030; x_wconf 77' lang='lat' dir='ltr'><strong>rebar,</strong></span> <span class='ocrx_word' id='word_1_334' title='bbox 1122 2986 1201 3036; x_wconf 84' lang='lat' dir='ltr'><strong>eoque</strong></span> <span class='ocrx_word' id='word_1_335' title='bbox 1214 2970 1287 3021; x_wconf 80' lang='lat' dir='ltr'><strong>modo</strong></span> <span class='ocrx_word' id='word_1_336' title='bbox 1300 2972 1376 3021; x_wconf 69' lang='lat' dir='ltr'><strong>vrum</strong></span> 
     </span>
     <span class='ocr_line' id='line_1_54' title="bbox 236 3039 1375 3108; baseline -0.005 -14"><span class='ocrx_word' id='word_1_337' title='bbox 236 3042 415 3107; x_wconf 88' lang='lat' dir='ltr'><strong>compositam</strong></span> <span class='ocrx_word' id='word_1_338' title='bbox 427 3039 462 3089; x_wconf 91' lang='lat' dir='ltr'><strong>ab</strong></span> <span class='ocrx_word' id='word_1_339' title='bbox 476 3039 630 3105; x_wconf 86' lang='lat' dir='ltr'><strong>Herodoto,</strong></span> <span class='ocrx_word' id='word_1_340' title='bbox 648 3048 678 3091; x_wconf 90' lang='lat' dir='ltr'><strong>ut</strong></span> <span class='ocrx_word' id='word_1_341' title='bbox 690 3056 782 3107; x_wconf 81' lang='lat' dir='ltr'><strong>regem</strong></span> <span class='ocrx_word' id='word_1_342' title='bbox 830 3045 987 3108; x_wconf 75' lang='grc' dir='ltr'><em>ιτιιιιιίμενε,</em></span> <span class='ocrx_word' id='word_1_343' title='bbox 1012 3054 1037 3091; x_wconf 90' lang='grc' dir='ltr'><strong>ιιι</strong></span> <span class='ocrx_word' id='word_1_344' title='bbox 1051 3040 1181 3104; x_wconf 63' lang='lat' dir='ltr'><strong>satanam</strong></span> <span class='ocrx_word' id='word_1_345' title='bbox 1200 3042 1226 3090; x_wconf 84' lang='grc' dir='ltr'><strong>ιἰι</strong></span> <span class='ocrx_word' id='word_1_346' title='bbox 1244 3047 1375 3105; x_wconf 72' lang='lat' dir='ltr'><strong>utrmque</strong></span> 
     </span>
     <span class='ocr_line' id='line_1_55' title="bbox 236 3108 1376 3177; baseline -0.001 -17"><span class='ocrx_word' id='word_1_347' title='bbox 236 3111 411 3177; x_wconf 78' lang='lat' dir='ltr'><strong>Aegyptium,</strong></span> <span class='ocrx_word' id='word_1_348' title='bbox 419 3108 577 3172; x_wconf 85' lang='lat' dir='ltr'><strong>quiGraeco</strong></span> <span class='ocrx_word' id='word_1_349' title='bbox 585 3109 780 3174; x_wconf 83' lang='lat' dir='ltr'><strong>tyrannohaud</strong></span> <span class='ocrx_word' id='word_1_350' title='bbox 827 3121 927 3177; x_wconf 79' lang='lat' dir='ltr'><strong>portem</strong></span> <span class='ocrx_word' id='word_1_351' title='bbox 942 3128 993 3176; x_wconf 83' lang='lat' dir='ltr'><strong>per</strong></span> <span class='ocrx_word' id='word_1_352' title='bbox 1012 3112 1080 3161; x_wconf 80' lang='lat' dir='ltr'><strong>sicea</strong></span> <span class='ocrx_word' id='word_1_353' title='bbox 1099 3111 1236 3174; x_wconf 73' lang='lat' dir='ltr'><strong>experior,</strong></span> <span class='ocrx_word' id='word_1_354' title='bbox 1260 3126 1333 3174; x_wconf 82' lang='lat' dir='ltr'><strong>quara</strong></span> <span class='ocrx_word' id='word_1_355' title='bbox 1348 3118 1376 3159; x_wconf 80' lang='lat' dir='ltr'><strong>nt</strong></span> 
     </span>
     <span class='ocr_line' id='line_1_56' title="bbox 236 3168 1374 3245; baseline -0.004 -15"><span class='ocrx_word' id='word_1_356' title='bbox 236 3181 295 3230; x_wconf 90' lang='lat' dir='ltr'><strong>scio</strong></span> <span class='ocrx_word' id='word_1_357' title='bbox 304 3194 342 3229; x_wconf 88' lang='lat' dir='ltr'><strong>an</strong></span> <span class='ocrx_word' id='word_1_358' title='bbox 350 3177 523 3244; x_wconf 90' lang='lat' dir='ltr'><strong>prudentiam</strong></span> <span class='ocrx_word' id='word_1_359' title='bbox 532 3182 559 3227; x_wconf 90' lang='lat' dir='ltr'><strong>et</strong></span> <span class='ocrx_word' id='word_1_360' title='bbox 569 3177 782 3231; x_wconf 88' lang='lat' dir='ltr'><strong>moderationem</strong></span> <span class='ocrx_word' id='word_1_361' title='bbox 830 3183 906 3232; x_wconf 82' lang='lat' dir='ltr'><strong>rebus</strong></span> <span class='ocrx_word' id='word_1_362' title='bbox 915 3183 1012 3231; x_wconf 84' lang='lat' dir='ltr'><strong>omnino</strong></span> <span class='ocrx_word' id='word_1_363' title='bbox 1021 3181 1138 3230; x_wconf 73' lang='lat' dir='ltr'><strong>secanda</strong></span> <span class='ocrx_word' id='word_1_364' title='bbox 1147 3179 1233 3244; x_wconf 74' lang='lat' dir='ltr'><strong>fruar.</strong></span> <span class='ocrx_word' id='word_1_365' title='bbox 1259 3177 1300 3227; x_wconf 75' lang='lat' dir='ltr'><strong>Ad</strong></span> <span class='ocrx_word' id='word_1_366' title='bbox 1309 3168 1374 3245; x_wconf 62' lang='lat' dir='ltr'><strong>poa</strong></span> 
     </span>
     <span class='ocr_line' id='line_1_57' title="bbox 237 3245 1375 3314; baseline -0.001 -14"><span class='ocrx_word' id='word_1_367' title='bbox 237 3246 482 3308; x_wconf 80' lang='lat' dir='ltr'><strong>commendaverit,</strong></span> <span class='ocrx_word' id='word_1_368' title='bbox 506 3246 534 3296; x_wconf 90' lang='lat' dir='ltr'><strong>id</strong></span> <span class='ocrx_word' id='word_1_369' title='bbox 556 3245 644 3297; x_wconf 89' lang='lat' dir='ltr'><strong>literis</strong></span> <span class='ocrx_word' id='word_1_370' title='bbox 670 3248 781 3314; x_wconf 91' lang='lat' dir='ltr'><strong>scriptis</strong></span> <span class='ocrx_word' id='word_1_371' title='bbox 831 3251 913 3314; x_wconf 79' lang='grc' dir='ltr'><em>λσμαι</em></span> <span class='ocrx_word' id='word_1_372' title='bbox 931 3265 992 3301; x_wconf 87' lang='lat' dir='ltr'><strong>cum</strong></span> <span class='ocrx_word' id='word_1_373' title='bbox 1003 3248 1185 3301; x_wconf 85' lang='lat' dir='ltr'><strong>Valckenario</strong></span> <span class='ocrx_word' id='word_1_374' title='bbox 1202 3247 1267 3298; x_wconf 90' lang='lat' dir='ltr'><strong>licet</strong></span> <span class='ocrx_word' id='word_1_375' title='bbox 1283 3252 1375 3299; x_wconf 81' lang='lat' dir='ltr'><strong>ruente</strong></span> 
     </span>
     <span class='ocr_line' id='line_1_58' title="bbox 238 3315 1374 3384; baseline -0.003 -13"><span class='ocrx_word' id='word_1_376' title='bbox 238 3334 271 3371; x_wconf 86' lang='lat' dir='ltr'><strong>eo</strong></span> <span class='ocrx_word' id='word_1_377' title='bbox 284 3317 363 3368; x_wconf 91' lang='lat' dir='ltr'><strong>modo</strong></span> <span class='ocrx_word' id='word_1_378' title='bbox 377 3315 523 3366; x_wconf 74' lang='lat' dir='ltr'><strong>facientem</strong></span> <span class='ocrx_word' id='word_1_379' title='bbox 536 3317 714 3381; x_wconf 88' lang='lat' dir='ltr'><strong>produceret,</strong></span> <span class='ocrx_word' id='word_1_380' title='bbox 734 3318 781 3384; x_wconf 90' lang='lat' dir='ltr'><strong>qui</strong></span> <span class='ocrx_word' id='word_1_381' title='bbox 830 3320 931 3370; x_wconf 89' lang='lat' dir='ltr'><strong>addere</strong></span> <span class='ocrx_word' id='word_1_382' title='bbox 953 3315 1073 3384; x_wconf 74' lang='grc' dir='ltr'><strong>μᾶλλον,</strong></span> <span class='ocrx_word' id='word_1_383' title='bbox 1097 3316 1210 3381; x_wconf 83' lang='lat' dir='ltr'><strong>Homeri</strong></span> <span class='ocrx_word' id='word_1_384' title='bbox 1231 3316 1267 3368; x_wconf 91' lang='lat' dir='ltr'><strong>ad</strong></span> <span class='ocrx_word' id='word_1_385' title='bbox 1283 3333 1374 3380; x_wconf 90' lang='lat' dir='ltr'><strong>usum,</strong></span> 
     </span>
     <span class='ocr_line' id='line_1_59' title="bbox 238 3385 1374 3454; baseline -0.001 -15"><span class='ocrx_word' id='word_1_386' title='bbox 238 3390 404 3439; x_wconf 82' lang='lat' dir='ltr'><strong>Graecorum</strong></span> <span class='ocrx_word' id='word_1_387' title='bbox 426 3385 544 3436; x_wconf 85' lang='lat' dir='ltr'><strong>decretis</strong></span> <span class='ocrx_word' id='word_1_388' title='bbox 568 3386 692 3450; x_wconf 87' lang='lat' dir='ltr'><strong>adeoque</strong></span> <span class='ocrx_word' id='word_1_389' title='bbox 714 3403 781 3438; x_wconf 88' lang='lat' dir='ltr'><strong>snae</strong></span> <span class='ocrx_word' id='word_1_390' title='bbox 832 3390 879 3454; x_wconf 90' lang='lat' dir='ltr'><strong>qui</strong></span> <span class='ocrx_word' id='word_1_391' title='bbox 892 3389 1004 3452; x_wconf 83' lang='lat' dir='ltr'><strong>saepius</strong></span> <span class='ocrx_word' id='word_1_392' title='bbox 1016 3390 1056 3438; x_wconf 92' lang='lat' dir='ltr'><strong>sic</strong></span> <span class='ocrx_word' id='word_1_393' title='bbox 1071 3388 1184 3439; x_wconf 89' lang='lat' dir='ltr'><strong>adhibet</strong></span> <span class='ocrx_word' id='word_1_394' title='bbox 1195 3386 1247 3438; x_wconf 93' lang='lat' dir='ltr'><strong>hoc</strong></span> <span class='ocrx_word' id='word_1_395' title='bbox 1261 3389 1374 3439; x_wconf 84' lang='lat' dir='ltr'><strong>verbum</strong></span> 
     </span>
     <span class='ocr_line' id='line_1_60' title="bbox 237 3445 1373 3523; baseline 0.002 -17"><span class='ocrx_word' id='word_1_396' title='bbox 237 3456 324 3522; x_wconf 91' lang='lat' dir='ltr'><strong>ipsius</strong></span> <span class='ocrx_word' id='word_1_397' title='bbox 334 3456 487 3507; x_wconf 86' lang='lat' dir='ltr'><strong>sententiae</strong></span> <span class='ocrx_word' id='word_1_398' title='bbox 497 3455 530 3505; x_wconf 90' lang='lat' dir='ltr'><strong>de</strong></span> <span class='ocrx_word' id='word_1_399' title='bbox 540 3456 621 3507; x_wconf 87' lang='lat' dir='ltr'><strong>rebus</strong></span> <span class='ocrx_word' id='word_1_400' title='bbox 630 3456 730 3507; x_wconf 83' lang='lat' dir='ltr'><strong>divinis</strong></span> <span class='ocrx_word' id='word_1_401' title='bbox 741 3462 783 3509; x_wconf 85' lang='lat' dir='ltr'><strong>at·</strong></span> <span class='ocrx_word' id='word_1_402' title='bbox 831 3457 883 3508; x_wconf 89' lang='lat' dir='ltr'><strong>hoe</strong></span> <span class='ocrx_word' id='word_1_403' title='bbox 894 3472 986 3520; x_wconf 87' lang='lat' dir='ltr'><strong>seusu,</strong></span> <span class='ocrx_word' id='word_1_404' title='bbox 996 3462 1127 3523; x_wconf 88' lang='lat' dir='ltr'><strong>sequente</strong></span> <span class='ocrx_word' id='word_1_405' title='bbox 1136 3456 1235 3508; x_wconf 82' lang='lat' dir='ltr'><strong>rocula</strong></span> <span class='ocrx_word' id='word_1_406' title='bbox 1247 3445 1276 3522; x_wconf 82' lang='grc' dir='ltr'><strong>ἢ,</strong></span> <span class='ocrx_word' id='word_1_407' title='bbox 1286 3464 1317 3508; x_wconf 90' lang='lat' dir='ltr'><strong>ut</strong></span> <span class='ocrx_word' id='word_1_408' title='bbox 1328 3457 1373 3508; x_wconf 91' lang='lat' dir='ltr'><strong>Ili.</strong></span> 
     </span>
     <span class='ocr_line' id='line_1_61' title="bbox 239 3525 1372 3591; baseline 0.001 -14"><span class='ocrx_word' id='word_1_409' title='bbox 239 3542 290 3591; x_wconf 90' lang='lat' dir='ltr'><strong>que</strong></span> <span class='ocrx_word' id='word_1_410' title='bbox 306 3525 434 3576; x_wconf 87' lang='lat' dir='ltr'><strong>humanis</strong></span> <span class='ocrx_word' id='word_1_411' title='bbox 453 3539 606 3590; x_wconf 80' lang='lat' dir='ltr'><strong>congruens</strong></span> <span class='ocrx_word' id='word_1_412' title='bbox 625 3532 698 3577; x_wconf 90' lang='lat' dir='ltr'><strong>esset</strong></span> <span class='ocrx_word' id='word_1_413' title='bbox 710 3542 781 3577; x_wconf 90' lang='lat' dir='ltr'><strong>sum·</strong></span> <span class='ocrx_word' id='word_1_414' title='bbox 830 3528 859 3589; x_wconf 93' lang='lat' dir='ltr'><strong>I,</strong></span> <span class='ocrx_word' id='word_1_415' title='bbox 882 3526 931 3578; x_wconf 84' lang='lat'><strong>117</strong></span> <span class='ocrx_word' id='word_1_416' title='bbox 950 3525 1013 3577; x_wconf 91' lang='lat' dir='ltr'><strong>coll.</strong></span> <span class='ocrx_word' id='word_1_417' title='bbox 1035 3527 1094 3579; x_wconf 75' lang='lat'><strong>112.</strong></span> <span class='ocrx_word' id='word_1_418' title='bbox 1113 3528 1155 3590; x_wconf 89' lang='lat'><strong>11,</strong></span> <span class='ocrx_word' id='word_1_419' title='bbox 1170 3525 1230 3579; x_wconf 83' lang='lat'><strong>319.</strong></span> <span class='ocrx_word' id='word_1_420' title='bbox 1250 3526 1302 3579; x_wconf 90' lang='lat' dir='ltr'><strong>Od.</strong></span> <span class='ocrx_word' id='word_1_421' title='bbox 1317 3528 1372 3591; x_wconf 91' lang='grc' dir='ltr'>ΙΙΙ,</span> 
     </span>
     <span class='ocr_line' id='line_1_62' title="bbox 237 3594 1372 3661; baseline 0.003 -15"><span class='ocrx_word' id='word_1_422' title='bbox 237 3611 364 3661; x_wconf 87' lang='lat' dir='ltr'><strong>mamque</strong></span> <span class='ocrx_word' id='word_1_423' title='bbox 377 3594 440 3645; x_wconf 87' lang='lat' dir='ltr'><strong>inde</strong></span> <span class='ocrx_word' id='word_1_424' title='bbox 458 3594 513 3644; x_wconf 79' lang='lat' dir='ltr'><strong>rim</strong></span> <span class='ocrx_word' id='word_1_425' title='bbox 528 3594 643 3647; x_wconf 88' lang='lat' dir='ltr'><strong>haberet</strong></span> <span class='ocrx_word' id='word_1_426' title='bbox 658 3596 685 3645; x_wconf 89' lang='lat' dir='ltr'><strong>iu</strong></span> <span class='ocrx_word' id='word_1_427' title='bbox 698 3596 781 3647; x_wconf 86' lang='lat' dir='ltr'><strong>Grae·</strong></span> <span class='ocrx_word' id='word_1_428' title='bbox 830 3594 892 3648; x_wconf 79' lang='lat'><strong>232.</strong></span> <span class='ocrx_word' id='word_1_429' title='bbox 919 3597 963 3647; x_wconf 87' lang='grc' dir='ltr'><strong>Τιι</strong></span> <span class='ocrx_word' id='word_1_430' title='bbox 973 3596 1046 3647; x_wconf 86' lang='lat' dir='ltr'><strong>conf.</strong></span> <span class='ocrx_word' id='word_1_431' title='bbox 1062 3597 1145 3648; x_wconf 90' lang='lat' dir='ltr'><strong>etiam</strong></span> <span class='ocrx_word' id='word_1_432' title='bbox 1156 3597 1295 3648; x_wconf 88' lang='lat' dir='ltr'><strong>Lambcrt.</strong></span> <span class='ocrx_word' id='word_1_433' title='bbox 1306 3598 1372 3650; x_wconf 89' lang='lat' dir='ltr'><strong>Bos.</strong></span> 
     </span>
     <span class='ocr_line' id='line_1_63' title="bbox 237 3664 1371 3732; baseline 0.003 -16"><span class='ocrx_word' id='word_1_434' title='bbox 237 3681 331 3716; x_wconf 90' lang='lat' dir='ltr'><strong>corum</strong></span> <span class='ocrx_word' id='word_1_435' title='bbox 344 3664 465 3726; x_wconf 88' lang='lat' dir='ltr'><strong>animos,</strong></span> <span class='ocrx_word' id='word_1_436' title='bbox 485 3680 599 3730; x_wconf 88' lang='lat' dir='ltr'><strong>quorum</strong></span> <span class='ocrx_word' id='word_1_437' title='bbox 613 3665 641 3715; x_wconf 93' lang='lat' dir='ltr'><strong>in</strong></span> <span class='ocrx_word' id='word_1_438' title='bbox 659 3668 779 3730; x_wconf 80' lang='lat' dir='ltr'><strong>gratiam</strong></span> <span class='ocrx_word' id='word_1_439' title='bbox 830 3666 863 3717; x_wconf 91' lang='lat' dir='ltr'><strong>de</strong></span> <span class='ocrx_word' id='word_1_440' title='bbox 874 3665 985 3732; x_wconf 82' lang='lat' dir='ltr'><strong>Ellipss.</strong></span> <span class='ocrx_word' id='word_1_441' title='bbox 998 3665 1016 3715; x_wconf 91' lang='lat' dir='ltr'><strong>l.</strong></span> <span class='ocrx_word' id='word_1_442' title='bbox 1030 3666 1076 3717; x_wconf 87' lang='lat' dir='ltr'><strong>Gr.</strong></span> <span class='ocrx_word' id='word_1_443' title='bbox 1086 3682 1114 3732; x_wconf 90' lang='lat' dir='ltr'><strong>p.</strong></span> <span class='ocrx_word' id='word_1_444' title='bbox 1128 3667 1179 3718; x_wconf 81' lang='grc'><strong>770</strong></span> <span class='ocrx_word' id='word_1_445' title='bbox 1189 3665 1300 3718; x_wconf 80' lang='lat' dir='ltr'><strong>Schaef.</strong></span> <span class='ocrx_word' id='word_1_446' title='bbox 1311 3671 1371 3719; x_wconf 83' lang='lat' dir='ltr'><strong>Ast.</strong></span> 
     </span>
     <span class='ocr_line' id='line_1_64' title="bbox 237 3734 1372 3803; baseline 0.001 -18"><span class='ocrx_word' id='word_1_447' title='bbox 237 3750 314 3786; x_wconf 89' lang='lat' dir='ltr'><strong>suam</strong></span> <span class='ocrx_word' id='word_1_448' title='bbox 326 3735 468 3785; x_wconf 89' lang='lat' dir='ltr'><strong>historiam</strong></span> <span class='ocrx_word' id='word_1_449' title='bbox 486 3734 594 3785; x_wconf 89' lang='lat' dir='ltr'><strong>omnino</strong></span> <span class='ocrx_word' id='word_1_450' title='bbox 610 3736 780 3801; x_wconf 86' lang='lat' dir='ltr'><strong>perscripsit.</strong></span> <span class='ocrx_word' id='word_1_451' title='bbox 830 3735 866 3785; x_wconf 90' lang='lat' dir='ltr'><strong>ad</strong></span> <span class='ocrx_word' id='word_1_452' title='bbox 875 3734 1175 3801; x_wconf 84' lang='lat' dir='ltr'><strong>Platon.Polit.p.388.</strong></span> <span class='ocrx_word' id='word_1_453' title='bbox 1187 3763 1220 3774; x_wconf 92' lang='lat'><em>—</em></span> <span class='ocrx_word' id='word_1_454' title='bbox 1233 3736 1276 3786; x_wconf 75' lang='lat' dir='ltr'><strong>sd</strong></span> <span class='ocrx_word' id='word_1_455' title='bbox 1285 3751 1372 3803; x_wconf 76' lang='grc' dir='ltr'><em>προσ-</em></span> 
     </span>
     <span class='ocr_line' id='line_1_65' title="bbox 237 3803 1372 3871; baseline 0.001 -15"><span class='ocrx_word' id='word_1_456' title='bbox 237 3804 316 3857; x_wconf 84' lang='lat' dir='ltr'><strong>Coni.</strong></span> <span class='ocrx_word' id='word_1_457' title='bbox 325 3805 423 3871; x_wconf 81' lang='lat' dir='ltr'><strong>Ditgcs</strong></span> <span class='ocrx_word' id='word_1_458' title='bbox 434 3805 468 3855; x_wconf 88' lang='lat' dir='ltr'><strong>de</strong></span> <span class='ocrx_word' id='word_1_459' title='bbox 478 3803 581 3869; x_wconf 84' lang='lat' dir='ltr'><strong>iatiap.</strong></span> <span class='ocrx_word' id='word_1_460' title='bbox 593 3804 725 3856; x_wconf 85' lang='lat' dir='ltr'><strong>Herodot.</strong></span> <span class='ocrx_word' id='word_1_461' title='bbox 738 3822 780 3856; x_wconf 86' lang='lat' dir='ltr'><strong>ra·</strong></span> <span class='ocrx_word' id='word_1_462' title='bbox 830 3803 941 3856; x_wconf 78' lang='grc' dir='ltr'><em>πταίειν</em></span> <span class='ocrx_word' id='word_1_463' title='bbox 960 3805 1033 3856; x_wconf 81' lang='lat' dir='ltr'><strong>coni.</strong></span> <span class='ocrx_word' id='word_1_464' title='bbox 1045 3804 1074 3867; x_wconf 93' lang='lat'><strong>1,</strong></span> <span class='ocrx_word' id='word_1_465' title='bbox 1092 3806 1125 3856; x_wconf 83' lang='grc'><strong>65</strong></span> <span class='ocrx_word' id='word_1_466' title='bbox 1142 3806 1236 3871; x_wconf 89' lang='lat' dir='ltr'><strong>ibique</strong></span> <span class='ocrx_word' id='word_1_467' title='bbox 1253 3811 1323 3859; x_wconf 91' lang='lat' dir='ltr'><strong>nott.</strong></span> <span class='ocrx_word' id='word_1_468' title='bbox 1336 3834 1372 3843; x_wconf 96' lang='lat'>—</span> 
     </span>
     <span class='ocr_line' id='line_1_66' title="bbox 237 3865 1370 3941; baseline 0.003 -15"><span class='ocrx_word' id='word_1_469' title='bbox 237 3877 312 3926; x_wconf 88' lang='lat' dir='ltr'><strong>tione</strong></span> <span class='ocrx_word' id='word_1_470' title='bbox 322 3890 350 3941; x_wconf 90' lang='lat' dir='ltr'><strong>p.</strong></span> <span class='ocrx_word' id='word_1_471' title='bbox 362 3876 402 3925; x_wconf 79' lang='lat'><strong>14.</strong></span> <span class='ocrx_word' id='word_1_472' title='bbox 426 3874 563 3925; x_wconf 83' lang='lat' dir='ltr'><strong>Amasidis</strong></span> <span class='ocrx_word' id='word_1_473' title='bbox 576 3890 641 3925; x_wconf 83' lang='lat' dir='ltr'><strong>vero</strong></span> <span class='ocrx_word' id='word_1_474' title='bbox 655 3874 705 3926; x_wconf 86' lang='lat' dir='ltr'><strong>hae</strong></span> <span class='ocrx_word' id='word_1_475' title='bbox 719 3875 780 3926; x_wconf 87' lang='lat' dir='ltr'><strong>lite·</strong></span> <span class='ocrx_word' id='word_1_476' title='bbox 830 3872 978 3939; x_wconf 76' lang='grc' dir='ltr'><em>διαφέρειν</em></span> <span class='ocrx_word' id='word_1_477' title='bbox 996 3865 1045 3923; x_wconf 87' lang='grc' dir='ltr'><strong>τὸν</strong></span> <span class='ocrx_word' id='word_1_478' title='bbox 1066 3868 1157 3924; x_wconf 78' lang='grc' dir='ltr'><em>αἰῶνα</em></span> <span class='ocrx_word' id='word_1_479' title='bbox 1179 3875 1265 3941; x_wconf 82' lang='lat' dir='ltr'><strong>(eitum</strong></span> <span class='ocrx_word' id='word_1_480' title='bbox 1285 3886 1370 3929; x_wconf 84' lang='lat' dir='ltr'><strong>trans-</strong></span> 
     </span>
     <span class='ocr_line' id='line_1_67' title="bbox 236 3943 1370 4013; baseline 0.003 -19"><span class='ocrx_word' id='word_1_481' title='bbox 236 3960 282 3995; x_wconf 84' lang='lat' dir='ltr'><strong>ras</strong></span> <span class='ocrx_word' id='word_1_482' title='bbox 297 3946 370 3995; x_wconf 89' lang='lat' dir='ltr'><strong>cirea</strong></span> <span class='ocrx_word' id='word_1_483' title='bbox 382 3944 490 4010; x_wconf 84' lang='lat' dir='ltr'><strong>Olymp.</strong></span> <span class='ocrx_word' id='word_1_484' title='bbox 504 3944 575 4006; x_wconf 86' lang='lat' dir='ltr'><strong>LVI,</strong></span> <span class='ocrx_word' id='word_1_485' title='bbox 592 3960 645 4010; x_wconf 89' lang='lat' dir='ltr'><strong>quo</strong></span> <span class='ocrx_word' id='word_1_486' title='bbox 658 3950 778 4010; x_wconf 86' lang='lat' dir='ltr'><strong>tempore</strong></span> <span class='ocrx_word' id='word_1_487' title='bbox 827 3943 910 4013; x_wconf 71' lang='grc' dir='ltr'><em>ἔμενε)</em></span> <span class='ocrx_word' id='word_1_488' title='bbox 919 3947 1018 3997; x_wconf 87' lang='lat' dir='ltr'><strong>Noster</strong></span> <span class='ocrx_word' id='word_1_489' title='bbox 1026 3944 1097 3995; x_wconf 85' lang='lat' dir='ltr'><strong>dixit</strong></span> <span class='ocrx_word' id='word_1_490' title='bbox 1107 3945 1201 3996; x_wconf 90' lang='lat' dir='ltr'><strong>eodem</strong></span> <span class='ocrx_word' id='word_1_491' title='bbox 1210 3946 1304 4010; x_wconf 88' lang='lat' dir='ltr'><strong>modo,</strong></span> <span class='ocrx_word' id='word_1_492' title='bbox 1317 3962 1370 4012; x_wconf 90' lang='lat' dir='ltr'><strong>qao</strong></span> 
     </span>
     <span class='ocr_line' id='line_1_68' title="bbox 237 4011 1371 4081; baseline 0.002 -16"><span class='ocrx_word' id='word_1_493' title='bbox 237 4030 299 4065; x_wconf 88' lang='lat' dir='ltr'><strong>curn</strong></span> <span class='ocrx_word' id='word_1_494' title='bbox 311 4013 427 4064; x_wconf 88' lang='lat' dir='ltr'><strong>Milesiis</strong></span> <span class='ocrx_word' id='word_1_495' title='bbox 441 4019 573 4079; x_wconf 86' lang='lat' dir='ltr'><strong>tyrannus</strong></span> <span class='ocrx_word' id='word_1_496' title='bbox 588 4013 688 4065; x_wconf 88' lang='lat' dir='ltr'><strong>bellum</strong></span> <span class='ocrx_word' id='word_1_497' title='bbox 701 4031 779 4080; x_wconf 80' lang='lat' dir='ltr'><strong>gere·</strong></span> <span class='ocrx_word' id='word_1_498' title='bbox 827 4014 973 4080; x_wconf 84' lang='lat' dir='ltr'><strong>Euripides</strong></span> <span class='ocrx_word' id='word_1_499' title='bbox 983 4012 1045 4068; x_wconf 89' lang='lat' dir='ltr'><strong>Hel.</strong></span> <span class='ocrx_word' id='word_1_500' title='bbox 1057 4013 1090 4065; x_wconf 83' lang='lat' dir='ltr'><strong>lo</strong></span> <span class='ocrx_word' id='word_1_501' title='bbox 1100 4011 1164 4081; x_wconf 79' lang='grc' dir='ltr'><em>βίον</em></span> <span class='ocrx_word' id='word_1_502' title='bbox 1176 4011 1332 4081; x_wconf 77' lang='grc' dir='ltr'><em>διαφέρειν,</em></span> <span class='ocrx_word' id='word_1_503' title='bbox 1343 4021 1371 4067; x_wconf 90' lang='lat' dir='ltr'><strong>et</strong></span> 
     </span>
     <span class='ocr_line' id='line_1_69' title="bbox 237 4083 1370 4150; baseline 0.003 -17"><span class='ocrx_word' id='word_1_504' title='bbox 237 4083 300 4145; x_wconf 90' lang='lat' dir='ltr'><strong>hat,</strong></span> <span class='ocrx_word' id='word_1_505' title='bbox 315 4083 433 4148; x_wconf 86' lang='lat' dir='ltr'><strong>scriptus</strong></span> <span class='ocrx_word' id='word_1_506' title='bbox 444 4084 546 4146; x_wconf 82' lang='lat' dir='ltr'><strong>videri,</strong></span> <span class='ocrx_word' id='word_1_507' title='bbox 564 4088 714 4136; x_wconf 89' lang='lat' dir='ltr'><strong>auctorest</strong></span> <span class='ocrx_word' id='word_1_508' title='bbox 726 4086 779 4135; x_wconf 88' lang='lat' dir='ltr'><strong>Pa·</strong></span> <span class='ocrx_word' id='word_1_509' title='bbox 830 4100 899 4149; x_wconf 91' lang='lat' dir='ltr'><strong>quae</strong></span> <span class='ocrx_word' id='word_1_510' title='bbox 913 4083 969 4135; x_wconf 88' lang='lat' dir='ltr'><strong>alia</strong></span> <span class='ocrx_word' id='word_1_511' title='bbox 979 4084 1134 4135; x_wconf 87' lang='lat' dir='ltr'><strong>huiusmodi</strong></span> <span class='ocrx_word' id='word_1_512' title='bbox 1147 4100 1181 4135; x_wconf 86' lang='lat' dir='ltr'><strong>ex</strong></span> <span class='ocrx_word' id='word_1_513' title='bbox 1190 4085 1370 4150; x_wconf 87' lang='lat' dir='ltr'><strong>Hippocrate,</strong></span> 
     </span>
     <span class='ocr_line' id='line_1_70' title="bbox 238 4151 1370 4218; baseline 0.005 -17"><span class='ocrx_word' id='word_1_514' title='bbox 238 4152 324 4201; x_wconf 82' lang='lat' dir='ltr'><strong>nofka</strong></span> <span class='ocrx_word' id='word_1_515' title='bbox 334 4152 353 4203; x_wconf 95' lang='grc'><strong>1.</strong></span> <span class='ocrx_word' id='word_1_516' title='bbox 367 4151 385 4202; x_wconf 87' lang='lat' dir='ltr'><strong>l.</strong></span> <span class='ocrx_word' id='word_1_517' title='bbox 399 4167 462 4218; x_wconf 78' lang='lat' dir='ltr'><strong>pag.</strong></span> <span class='ocrx_word' id='word_1_518' title='bbox 476 4152 519 4204; x_wconf 84' lang='lat'><strong>33.</strong></span> <span class='ocrx_word' id='word_1_519' title='bbox 547 4153 701 4218; x_wconf 79' lang='lat' dir='ltr'><strong>Exscripsit</strong></span> <span class='ocrx_word' id='word_1_520' title='bbox 717 4154 779 4206; x_wconf 91' lang='lat' dir='ltr'><strong>illas</strong></span> <span class='ocrx_word' id='word_1_521' title='bbox 829 4153 893 4203; x_wconf 90' lang='lat' dir='ltr'><strong>aliis</strong></span> <span class='ocrx_word' id='word_1_522' title='bbox 913 4154 1064 4205; x_wconf 83' lang='lat' dir='ltr'><strong>afferuntur</strong></span> <span class='ocrx_word' id='word_1_523' title='bbox 1081 4154 1109 4204; x_wconf 90' lang='lat' dir='ltr'><strong>iu</strong></span> <span class='ocrx_word' id='word_1_524' title='bbox 1124 4154 1257 4206; x_wconf 85' lang='lat' dir='ltr'><strong>Thesaur.</strong></span> <span class='ocrx_word' id='word_1_525' title='bbox 1276 4155 1309 4207; x_wconf 88' lang='lat' dir='ltr'><strong>L.</strong></span> <span class='ocrx_word' id='word_1_526' title='bbox 1324 4155 1370 4207; x_wconf 82' lang='lat' dir='ltr'><strong>Gr.</strong></span> 
     </span>
     <span class='ocr_line' id='line_1_71' title="bbox 236 4221 1370 4292; baseline 0.005 -22"><span class='ocrx_word' id='word_1_527' title='bbox 236 4221 370 4271; x_wconf 78' lang='lat' dir='ltr'><strong>Stobaeus</strong></span> <span class='ocrx_word' id='word_1_528' title='bbox 384 4222 439 4272; x_wconf 87' lang='lat' dir='ltr'><strong>Tit.</strong></span> <span class='ocrx_word' id='word_1_529' title='bbox 453 4221 538 4282; x_wconf 80' lang='lat' dir='ltr'><strong>exn,</strong></span> <span class='ocrx_word' id='word_1_530' title='bbox 552 4221 593 4273; x_wconf 84' lang='lat' dir='ltr'><strong>lb.</strong></span> <span class='ocrx_word' id='word_1_531' title='bbox 605 4240 631 4288; x_wconf 91' lang='lat' dir='ltr'><strong>p.</strong></span> <span class='ocrx_word' id='word_1_532' title='bbox 643 4221 694 4274; x_wconf 78' lang='lat'><strong>583</strong></span> <span class='ocrx_word' id='word_1_533' title='bbox 707 4241 729 4275; x_wconf 89' lang='lat' dir='ltr'><strong>s.</strong></span> <span class='ocrx_word' id='word_1_534' title='bbox 745 4226 778 4275; x_wconf 91' lang='lat' dir='ltr'><strong>T.</strong></span> <span class='ocrx_word' id='word_1_535' title='bbox 828 4223 865 4273; x_wconf 90' lang='lat'><strong>11.</strong></span> <span class='ocrx_word' id='word_1_536' title='bbox 878 4240 905 4290; x_wconf 95' lang='lat' dir='ltr'><strong>p.</strong></span> <span class='ocrx_word' id='word_1_537' title='bbox 920 4223 987 4275; x_wconf 80' lang='grc'><strong>1374</strong></span> <span class='ocrx_word' id='word_1_538' title='bbox 999 4222 1124 4275; x_wconf 83' lang='lat' dir='ltr'><strong>Dindorf.</strong></span> <span class='ocrx_word' id='word_1_539' title='bbox 1152 4224 1249 4275; x_wconf 88' lang='lat' dir='ltr'><strong>Moneo</strong></span> <span class='ocrx_word' id='word_1_540' title='bbox 1260 4230 1370 4292; x_wconf 90' lang='lat' dir='ltr'><strong>propter</strong></span> 
     </span>
     <span class='ocr_line' id='line_1_72' title="bbox 236 4289 1369 4359; baseline 0.005 -19"><span class='ocrx_word' id='word_1_541' title='bbox 236 4290 289 4341; x_wconf 90' lang='lat'><strong>111.</strong></span> <span class='ocrx_word' id='word_1_542' title='bbox 298 4306 325 4355; x_wconf 94' lang='lat' dir='ltr'><strong>p.</strong></span> <span class='ocrx_word' id='word_1_543' title='bbox 336 4289 385 4341; x_wconf 85' lang='grc'><strong>411</strong></span> <span class='ocrx_word' id='word_1_544' title='bbox 401 4290 443 4341; x_wconf 87' lang='lat' dir='ltr'><strong>ed.</strong></span> <span class='ocrx_word' id='word_1_545' title='bbox 454 4290 542 4343; x_wconf 82' lang='lat' dir='ltr'><strong>Gaias.</strong></span> <span class='ocrx_word' id='word_1_546' title='bbox 563 4292 737 4356; x_wconf 84' lang='lat' dir='ltr'><strong>Receparuut</strong></span> <span class='ocrx_word' id='word_1_547' title='bbox 750 4295 778 4345; x_wconf 92' lang='lat' dir='ltr'><strong>in</strong></span> <span class='ocrx_word' id='word_1_548' title='bbox 828 4292 958 4356; x_wconf 83' lang='lat' dir='ltr'><strong>Klauscn,</strong></span> <span class='ocrx_word' id='word_1_549' title='bbox 974 4296 1022 4359; x_wconf 90' lang='lat' dir='ltr'><strong>qui</strong></span> <span class='ocrx_word' id='word_1_550' title='bbox 1033 4293 1103 4345; x_wconf 92' lang='lat' dir='ltr'><strong>hunc</strong></span> <span class='ocrx_word' id='word_1_551' title='bbox 1113 4292 1201 4345; x_wconf 87' lang='lat' dir='ltr'><strong>locum</strong></span> <span class='ocrx_word' id='word_1_552' title='bbox 1210 4294 1327 4346; x_wconf 84' lang='lat' dir='ltr'><strong>laudans</strong></span> <span class='ocrx_word' id='word_1_553' title='bbox 1342 4296 1369 4346; x_wconf 91' lang='lat' dir='ltr'><strong>in</strong></span> 
     </span>
     <span class='ocr_line' id='line_1_73' title="bbox 236 4359 1368 4430; baseline 0.01 -21"><span class='ocrx_word' id='word_1_554' title='bbox 236 4359 421 4425; x_wconf 86' lang='lat' dir='ltr'><strong>Epistolarum</strong></span> <span class='ocrx_word' id='word_1_555' title='bbox 435 4359 705 4415; x_wconf 76' lang='lat' dir='ltr'><strong>collectionesaldus</strong></span> <span class='ocrx_word' id='word_1_556' title='bbox 715 4365 778 4429; x_wconf 88' lang='lat' dir='ltr'><strong>(Ve-</strong></span> <span class='ocrx_word' id='word_1_557' title='bbox 828 4364 900 4413; x_wconf 88' lang='lat' dir='ltr'><strong>notis</strong></span> <span class='ocrx_word' id='word_1_558' title='bbox 919 4364 954 4415; x_wconf 86' lang='lat' dir='ltr'><strong>ad</strong></span> <span class='ocrx_word' id='word_1_559' title='bbox 966 4362 1096 4428; x_wconf 76' lang='lat' dir='ltr'><strong>Aeschyli</strong></span> <span class='ocrx_word' id='word_1_560' title='bbox 1112 4363 1263 4430; x_wconf 70' lang='lat' dir='ltr'><strong>Chobphor.</strong></span> <span class='ocrx_word' id='word_1_561' title='bbox 1277 4364 1321 4419; x_wconf 84' lang='grc'><strong>60.</strong></span> <span class='ocrx_word' id='word_1_562' title='bbox 1341 4380 1368 4429; x_wconf 81' lang='lat' dir='ltr'><strong>p.</strong></span> 
     </span>
     <span class='ocr_line' id='line_1_74' title="bbox 234 4428 1369 4501; baseline 0.005 -21"><span class='ocrx_word' id='word_1_563' title='bbox 234 4428 777 4500; x_wconf 58' lang='lat' dir='ltr'><strong>net.liaustuenevensireditoruooo.</strong></span> <span class='ocrx_word' id='word_1_564' title='bbox 827 4433 859 4485; x_wconf 80' lang='lat'><strong>91</strong></span> <span class='ocrx_word' id='word_1_565' title='bbox 888 4435 1100 4501; x_wconf 83' lang='lat' dir='ltr'><strong>interpretatur:</strong></span> <span class='ocrx_word' id='word_1_566' title='bbox 1129 4435 1309 4488; x_wconf 73' lang='grc' dir='ltr'><em>ιιιίιιὺιίιιναντ</em></span> <span class='ocrx_word' id='word_1_567' title='bbox 1332 4439 1369 4487; x_wconf 81' lang='grc' dir='ltr'><strong>νὶ-</strong></span> 
     </span>
    </p>
   </div>
   <div class='ocr_carea' id='block_1_8' title="bbox 0 0 1532 5124">
    <p class='ocr_par' dir='ltr' id='par_1_9' title="bbox 0 0 1532 5124">
     <span class='ocr_line' id='line_1_75' title="bbox 0 0 1532 5124; baseline 0 0"><span class='ocrx_word' id='word_1_568' title='bbox 0 0 1532 5124; x_wconf 95' lang='lat' dir='ltr'><strong> </strong></span> 
     </span>
    </p>
   </div>
  </div>
 </body>
</html>
