3042 5125
385 382 390 385 ’
468 405 535 467 An
557 404 815 467 nuaonou.
836 406 902 481 111,
920 419 980 470 115.
1233 406 1295 471 aaa

159 592 276 661 unisse,
303 612 400 649 verum
421 595 499 665 ipsas
524 596 604 649 etiam
619 594 936 664 AngliaeHiberniaeve
958 613 1021 649 oras
1047 614 1111 650 esse
1134 597 1300 668 complexam

161 677 239 731 Adde
252 679 383 733 Lelewel.
400 680 418 733 l.
434 679 453 732 Ι.
472 697 500 750 p.
519 684 561 735 15.
591 681 673 746 Quod
694 681 784 751 ipsum
799 680 911 751 probari
930 688 1061 753 certoque
1075 683 1206 736 affirmari
1220 701 1304 752 possa

160 772 247 832 negat
262 763 294 817 A.
313 764 410 834 Vogel.
429 765 447 817 Ι.
463 765 481 817 Ι.
506 785 533 836 p.
548 769 613 835 112,
638 765 682 818 cui
698 766 858 819 credibilius
872 765 999 834 videtur,
1022 767 1208 821 cassiterides
1224 769 1302 823 insu·

159 846 202 901 las
217 866 233 902 a
249 847 434 903 Phoenicibus
449 867 537 922 aeque
551 852 630 905 fictas
646 868 708 904 esse
726 858 811 921 atque
827 850 979 904 Eridanum
1001 851 1132 921 flurium,
1155 871 1187 906 eo
1209 856 1301 908 consi·

157 931 213 1001 lio,
235 950 291 1005 quo
312 952 407 989 verum
429 935 550 990 celarent
564 935 667 1004 locum,
689 935 764 989 unde
779 936 918 1005 plumbum
935 938 1082 1007 afferrent,
1108 938 1217 1010 sibique
1232 940 1300 993 solis

156 1012 209 1070 hoc
220 1021 371 1073 commercii
385 1038 475 1090 genus
499 1028 692 1088 reservarent,
713 1022 914 1092 quaerentibus
935 1022 1055 1089 scilicet,
1078 1024 1151 1077 unde
1163 1023 1300 1093 plumbum

155 1103 315 1171 adferrent,
339 1105 368 1158 in
386 1106 547 1159 universum
568 1105 787 1176 respondentes:
808 1108 1050 1175 eCosar'toridibus,
1076 1106 1093 1160 i.
1112 1127 1137 1161 e.
1153 1128 1186 1163 ea
1201 1112 1303 1180 plumbi

154 1189 256 1244 insutu.
289 1189 320 1241 Si
331 1209 413 1259 vero,
435 1208 505 1262 quae
520 1192 580 1261 ipsa
595 1191 701 1244 luerint
716 1191 782 1244 haec
792 1190 867 1261 loca,
887 1191 960 1245 ande
973 1193 1112 1263 plumbum
1127 1193 1298 1264 advexerint,

156 1290 291 1344 quaenam
306 1274 377 1328 istae
392 1276 510 1345 insulae,
526 1293 655 1347 quaeras,
672 1276 706 1331 de
720 1276 858 1348 Hispania
871 1276 967 1347 potius
982 1283 1031 1351 (ex
1045 1295 1101 1349 qua
1115 1279 1208 1333 eadem
1224 1286 1300 1334 terra

156 1359 274 1429 quaevis
293 1360 353 1412 lere
372 1360 480 1414 metalla
500 1361 681 1431 pretiosiora,
704 1368 849 1429 argentum
871 1362 997 1431 inprimis
1020 1379 1171 1434 aurumque
1188 1364 1299 1419 Poenos

155 1443 287 1497 eduxisse
303 1446 426 1514 constat)
442 1446 513 1499 idem
529 1446 645 1515 cogitari
657 1445 732 1513 vult,
750 1446 867 1515 eiusque
883 1447 917 1499 de
932 1448 1199 1517 septentrionalibus
1215 1457 1299 1521 atqua

156 1528 375 1583 occidentalibus
392 1531 570 1599 regionibus,
596 1548 667 1600 quae
683 1549 757 1584 nunc
771 1532 806 1585 ad
822 1531 988 1586 Gallaeciam
1002 1540 1031 1588 et
1046 1533 1219 1588 Lusitaniam
1234 1553 1298 1606 per-

154 1613 257 1666 tineat.
295 1615 355 1667 Nec
369 1616 517 1687 quidquam
533 1616 644 1668 obstare
662 1617 733 1669 idem
747 1622 854 1684 monet,
871 1617 1032 1687 quominus
1048 1616 1201 1673 Phoenices
1218 1621 1298 1673 etiam

153 1697 273 1751 ulterius
292 1700 410 1754 navibus
430 1702 503 1754 vecti
518 1702 604 1771 ipsam
626 1719 684 1754 eam
698 1699 860 1754 Britanniae
874 1709 996 1772 partem,
1020 1719 1091 1773 quae
1108 1704 1141 1756 ad
1159 1705 1298 1757 meridiem

153 1787 183 1834 et
206 1783 372 1838 occidentem
396 1786 508 1839 maxime
528 1793 643 1855 vergat,
672 1785 828 1838 comitatum
848 1786 1069 1842 Cornubiensem
1091 1788 1297 1860 (Cornwallis),

153 1867 290 1938 hodieque
306 1869 389 1922 multo
406 1870 508 1941 plumbi
526 1878 662 1941 proventu
679 1871 830 1939 insignem,
847 1870 976 1939 attigisse
993 1873 1202 1941 perhibeantur.
1243 1874 1298 1927 Cui

153 1956 311 2008 sententiae
327 1955 512 2026 adstipulatur
526 1956 598 2009 Link
615 1954 736 2027 (Urwelt
749 1974 777 2025 p.
793 1959 844 2009 ‘205
860 1955 951 2025 seq),
971 1974 1030 2011 cum
1052 1958 1097 2011 vel
1111 1958 1211 2012 seriori
1229 1965 1297 2014 tem-

153 2055 221 2107 pore
237 2038 265 2091 in
285 2041 496 2110 septentrionali
512 2041 675 2094 Lusitaniae
690 2050 769 2110 parte
786 2041 814 2092 in
832 2041 975 2109 provincia
993 2043 1075 2096 Beira
1100 2061 1187 2114 prope
1209 2043 1296 2098 locum

153 2121 239 2175 Viseu
263 2125 370 2178 metalla
394 2124 496 2195 plumbi
519 2125 637 2193 luerint,
669 2142 739 2195 quae
760 2124 908 2178 recentiori
933 2126 1038 2181 demum
1060 2134 1151 2181 aetate
1173 2129 1297 2182 exerceri

153 2206 303 2278 desierint,
330 2209 438 2279 aliaque
461 2211 487 2263 iu
504 2211 547 2263 his
563 2210 725 2278 regionibus
740 2208 921 2263 inveniuntur
936 2211 1105 2267 metallorum
1119 2214 1297 2285 antiquorum

152 2292 282 2361 vestigia.
317 2294 451 2348 Renuelio
475 2314 502 2365 p.
522 2298 572 2349 382
589 2295 750 2348 Herodotus
774 2294 826 2347 sub
842 2294 1045 2351 Cassiteridam
1061 2298 1170 2351 nomine
1185 2299 1296 2352 Britan·

153 2376 232 2430 nicos
248 2379 370 2447 insulas,
387 2380 460 2433 unde
475 2380 613 2450 plumbum
629 2380 745 2433 Graecis
764 2379 1098 2450 advexerintPhoeuices,
1119 2384 1296 2453 comprehen-

153 2460 230 2514 disse
246 2464 365 2518 videtur.
403 2464 461 2529 Qui
477 2466 570 2518 eadem
591 2464 685 2533 attigit
700 2465 733 2518 L.
751 2464 836 2517 Bossi
857 2463 884 2515 in
900 2464 1008 2520 Histor.
1023 2468 1142 2539 Hispan,
1159 2469 1183 2520 Ι.
1204 2486 1233 2539 p.
1250 2472 1294 2522 72.

152 2549 186 2602 73
202 2546 397 2620 (Ronneburg.
414 2552 512 2621 1825),
536 2549 642 2604 insutas
657 2549 825 2620 Hispanicae
841 2565 905 2602 orae
923 2551 1044 2621 adsitas,
1066 2573 1082 2606 e
1098 2552 1200 2625 quibus
1216 2553 1295 2624 primi

151 2631 306 2687 Phoenices
329 2634 466 2705 plumbum
488 2635 649 2707 punierint,
672 2634 861 2687 Cassiteridas
876 2634 965 2690 fuisse
980 2637 1068 2692 dictas
1086 2640 1200 2707 statuit,
1221 2639 1295 2709 quod

53 2767 59 2779 ,
151 2717 222 2770 idem
237 2736 333 2772 nomen
349 2720 411 2774 dein
427 2721 461 2774 ad
476 2720 629 2773 Brittaniae
652 2719 759 2772 insulas
774 2719 895 2772 Silurum
917 2737 1028 2792 qnoque
1045 2723 1223 2790 translatum,
1246 2723 1294 2776 ubi

15 2839 20 2867 ,.
119 2851 124 2856 .
151 2802 211 2854 scil.
234 2802 387 2859 Phoenices
411 2806 464 2859 iam
493 2805 610 2859 ulterius
638 2805 756 2858 navibus
778 2805 1052 2876 provectimagnaru
1079 2808 1171 2862 itidem
1192 2807 1294 2878 plumbi

152 2887 256 2957 copiam
271 2888 438 2944 invenerint.

237 2972 376 3027 Recensui
397 2976 490 3029 ramas
509 2975 630 3028 virorum
652 2975 795 3027 doctorum
810 2974 974 3027 sententias.
999 2975 1031 3029 Id
1046 2993 1113 3030 vero
1130 2976 1200 3030 satis
1218 2983 1294 3030 certo

150 3056 216 3109 mihi
235 3076 339 3128 ponere
355 3078 439 3129 posse
454 3060 566 3128 videor,
592 3059 779 3113 Cassiteridas
801 3057 924 3127 insulas,
950 3060 1023 3114 unde
1043 3053 1059 3114 d
1081 3063 1255 3135 κασσίτερος,
1278 3080 1294 3115 a

151 3159 207 3213 qno
225 3142 287 3213 ipso
300 3163 398 3198 nomen
412 3145 476 3199 illae
492 3151 673 3215 acceperunt,
689 3144 723 3197 ad
736 3145 861 3197 Graecos
877 3145 1019 3214 pervenit,
1038 3146 1110 3200 haud
1126 3148 1204 3201 fictas
1220 3166 1292 3218 esse,

154 3227 203 3280 sed
221 3228 254 3280 ad
270 3229 434 3283 Britanniae
453 3248 526 3284 oram
542 3229 728 3300 quaerendas:
751 3229 817 3282 inde
835 3229 904 3282 enim
923 3247 1014 3300 neque
1029 3231 1084 3285 nlla
1101 3232 1155 3288 alia
1169 3250 1204 3287 ex
1218 3239 1293 3288 terra

151 3312 289 3382 plumbum
301 3319 329 3367 et
340 3315 457 3368 Graecis
469 3321 498 3369 et
508 3316 626 3369 caeteris
640 3315 773 3384 gentibus
783 3314 865 3368 maris
880 3316 1073 3370 mediterranei
1088 3335 1152 3372 oras
1168 3317 1292 3371 accolen-

152 3397 227 3451 tibus
245 3397 356 3453 allatum
371 3417 434 3454 esse
450 3400 666 3454 aPhoenicibus
682 3400 717 3453 ad
735 3399 907 3453 Britanniam
924 3415 1013 3471 usque
1035 3402 1186 3455 commercii
1208 3419 1292 3455 causa

151 3483 368 3552 navigantibus,
384 3486 454 3538 satis
470 3485 598 3556 probavit
614 3485 743 3536 bloversz
758 3484 811 3536 Die
824 3483 990 3538 Phoenizier
1004 3485 1047 3552 ΙΙ,
1063 3488 1168 3558 3(sive
1185 3485 1245 3554 ΙΙΙ,
1263 3485 1293 3553 1)

151 3585 178 3636 p.
194 3570 228 3622 62
245 3586 322 3640 seq.,
345 3570 414 3623 adeo
430 3576 462 3622 ut
483 3570 517 3624 de
532 3569 611 3622 lndia
630 3570 681 3623 rori
696 3564 857 3635 euocarique
873 3568 962 3637 patria
978 3569 1094 3637 cogitari
1107 3585 1226 3640 prorsus
1244 3587 1293 3622 ne-

151 3659 244 3721 queat.
278 3653 360 3717 Quod
383 3654 417 3707 ad
444 3656 534 3726 ipsum
557 3671 652 3707 nomen
674 3654 790 3720 attinet,
814 3645 1004 3720 ὁκασσίτερος
1022 3653 1070 3724 qui
1091 3655 1234 3708 veteribus
1251 3654 1292 3707 di·

150 3736 239 3805 citur,
263 3749 387 3793 nostrum
411 3758 475 3793 esse
491 3740 576 3810 Zion,
602 3755 731 3808 perquam
748 3743 792 3790 est
810 3736 959 3804 credibile,
980 3743 1107 3791 monente
1122 3738 1290 3791 Beclrmaun.

150 3821 226 3874 llist.
244 3823 351 3876 invent.
368 3823 417 3876 ΙΙΙ.
434 3842 461 3894 p.
475 3829 542 3894 327,
560 3840 615 3896 quo
631 3823 720 3875 utitur
733 3822 856 3876 liceren.
872 3820 889 3873 Ι.
907 3821 924 3873 Ι.
941 3821 985 3890 II,
1002 3825 1026 3875 1.
1043 3839 1071 3892 p.
1088 3827 1148 3882 174.
1177 3822 1291 3876 Romani

150 3911 224 3960 teste
237 3906 328 3960 Plinio
339 3909 415 3961 Hist.
431 3910 498 3962 Nat.
513 3908 642 3976 XXXIV,
665 3910 712 3975 16,
733 3912 766 3967 47
783 3907 919 3960 vocabant
931 3909 1067 3978 plumbum
1082 3911 1171 3962 album
1187 3927 1210 3961 s.
1226 3927 1291 3963 cun·

150 3992 255 4058 uiuum,
273 3992 411 4047 diversum
426 3993 494 4047 illud
510 3994 618 4064 quidem
635 3994 732 4060 abeo,
750 3993 824 4064 quod
839 3999 949 4045 veteres
965 3991 1140 4062 appellabant
1153 4003 1292 4065 stanuum,

149 4077 337 4145 recentiores,
359 4085 390 4131 ut
405 4087 498 4133 monet
510 4079 684 4135 Beckmann.
704 4077 723 4130 l.
740 4077 758 4130 l.
780 4095 844 4147 pag.
860 4079 927 4145 321,
952 4078 1050 4138 Werlr‚·
1070 4095 1231 4150 quamquam
1246 4077 1291 4133 vel

149 4161 304 4232 antiquitus
319 4172 445 4218 stannum
461 4164 579 4218 subinde
600 4163 653 4216 dici
675 4167 799 4215 nostrum
812 4163 881 4216 Zinu
896 4161 940 4215 vel
954 4163 1033 4217 alium
1047 4164 1182 4235 quandam
1197 4164 1291 4234 splen·

149 4245 284 4300 didiorem
295 4247 395 4301 metalli
407 4250 561 4317 mixturam,
577 4248 678 4303 Linkio
690 4247 801 4301 videtur
812 4247 954 4318 probabile
969 4247 987 4301 l.
1004 4247 1022 4300 Ι.
1034 4268 1062 4318 p.
1075 4252 1137 4304 266.
1157 4251 1291 4302 Nostrum

150 4332 208 4385 Blei
221 4332 337 4385 Romani
355 4333 484 4388 dicebant
498 4337 631 4406 plumbum
647 4326 803 4406 nigrum*),
820 4334 913 4386 eodem
929 4338 1001 4386 teste
1012 4332 1103 4387 Plinio
1117 4333 1135 4385 l.
1146 4333 1176 4401 l.,
1193 4334 1242 4403 qni
1256 4332 1290 4385 de

217 4513 244 4581 ⁸)
262 4515 323 4566 Hoc
338 4517 463 4581 plwubrsn
484 4520 580 4583 nimum
598 4519 626 4568 et
647 4516 734 4580 ipsum
750 4515 923 4565 oBritannia
935 4516 1089 4581 antiquitus
1100 4516 1210 4580 captum
1224 4515 1251 4564 et
1261 4512 1290 4564 iu

191 4622 361 4666 usuoaou.
382 4623 418 4665 ιι.
1045 4599 1086 4659 44
