3042 5125
336 405 403 479 AD
431 404 688 483 HERODOT.
711 406 1082 482 111‚1190011.1V‚1aa
1212 405 1270 466 701

134 598 209 669 quod
231 598 265 650 ad
288 597 357 650 hauc
374 613 466 649 curam
488 594 650 666 pertineret.
682 596 722 649 Ac
741 597 817 649 misit
837 595 902 649 mihi
924 596 968 649 vir
981 595 1194 649 humanissimus
1209 593 1274 648 folia

134 682 282 751 nonnulla,
304 698 376 752 quae
395 681 485 734 literis
503 681 574 733 lectu
597 681 764 736 difficillimis
786 682 889 752 scripta
913 682 982 735 satis
1011 679 1175 748 ostendunt,
1203 681 1275 733 Her-

133 785 261 821 mannum
275 786 307 819 eo
322 773 460 836 tempore,
478 767 552 836 quod
567 766 657 836 ipsius
673 768 776 820 obitum
794 767 915 836 proxime
926 766 1091 833 antecessit,
1106 766 1135 818 iu
1154 766 1204 818 hac
1217 766 1275 835 epi·

133 852 206 906 stola
217 851 419 906 conscribenda
432 858 586 917 versatum,
603 852 653 904 sed
669 854 762 906 morbo
781 852 879 921 opinor
893 853 1106 921 ingravescente
1120 850 1276 921 impeditum

133 956 213 1002 esse,
243 954 299 1007 quo
317 937 408 989 minus
424 952 495 1006 quae
517 942 614 988 essent
637 937 745 1007 reliqua
769 936 901 990 adiiceret
921 937 1113 1007 inceptumque
1134 935 1278 1005 epistolam

134 1023 170 1074 ad
190 1023 271 1075 finem
288 1021 462 1091 perduceret.
493 1022 588 1084 Quare
607 1038 692 1075 meum
714 1040 778 1075 esse
800 1022 896 1091 putavi
913 1021 1051 1075 Herodoti
1066 1021 1217 1074 lectoribus
1234 1020 1276 1072 in·

133 1116 215 1175 tegra
230 1108 332 1160 offerre
351 1122 398 1169 ca,
414 1122 485 1175 quae
501 1106 544 1158 vir
556 1106 737 1160 moribundus
750 1106 877 1177 reliquit,
895 1107 1009 1160 alterins
1023 1106 1077 1158 viri
1092 1105 1166 1158 docti
1184 1106 1276 1158 huma-

133 1192 222 1245 nitate
234 1192 268 1244 ad
283 1209 325 1244 me
341 1189 461 1259 perlata3
475 1191 571 1261 itaque
589 1191 746 1259 subiiciam,
769 1207 951 1263 quaecunque
966 1192 994 1244 in
1010 1190 1085 1244 foliis
1101 1190 1157 1243 illis
1172 1191 1277 1260 scripta

134 1277 323 1330 continentur.
353 1276 415 1344 Br.]

451 1615 501 1671 De
531 1614 707 1687 Sophocle
729 1622 760 1671 ct
781 1614 959 1670 Herodoto

636 1731 777 1808 Epistola

370 1848 401 1906 C.
428 1849 483 1907 Fr.
510 1848 679 1907 Hermarchi
702 1848 746 1906 od
776 1848 844 1907 Chr.
872 1847 1048 1908 Baehrium.

223 2000 389 2067 Meministi,
418 2002 461 2055 vir
482 2000 681 2069 illustrissime,
702 2006 766 2053 ante
791 2001 840 2054 hos
863 2002 986 2073 quinque
1008 2008 1036 2056 et
1059 2002 1159 2071 viginti
1179 2020 1276 2072 annos,

136 2105 221 2160 quum
243 2088 286 2140 Tu
308 2087 421 2155 primurn
443 2088 598 2140 versareris
619 2087 646 2138 in
662 2085 805 2139 Herodoto
821 2086 884 2139 Tuo
902 2087 991 2141 doctis
1014 2087 1089 2141 caris
1106 2087 1276 2157 explicando,

136 2190 189 2242 ego
205 2172 406 2239 Heidelbergae
421 2172 538 2241 privatis
556 2171 657 2224 scholis
673 2170 818 2241 Sophoclis
834 2169 1000 2240 Antigonam
1023 2190 1194 2251 enarrarem,
1217 2192 1278 2226 ser-

136 2276 243 2311 monem
259 2258 332 2310 inter
349 2275 399 2308 nos
414 2256 536 2309 incidere
553 2257 587 2309 de
602 2256 660 2309 loco
674 2256 722 2308 illo
740 2256 810 2308 satis
828 2256 957 2325 notabili,
973 2275 1028 2329 quo
1041 2257 1211 2311 Herodotum
1225 2258 1277 2325 ΙΙΙ,

140 2346 190 2397 119
205 2341 355 2413 Sophocles
371 2342 545 2411 expressisse
559 2341 701 2394 videretur
716 2340 811 2409 Ancig.
826 2344 983 2397 uuo-ula:

346 2437 379 2499 οό
393 2437 445 2512 γάρ
461 2435 525 2497 ποτ’
542 2436 607 2498 οὔτ’
623 2434 660 2497 ἂν
674 2439 815 2498 ciriacae
829 2435 918 2511 μήτηρ
932 2439 1003 2512 ἔφυν

343 2522 404 2586 οὔτ’
423 2526 448 2583 εἰ
461 2523 542 2590 πόσις
555 2547 603 2598 μοι
621 2522 774 2583 κατθανών
788 2521 899 2597 ἐτήκετο

344 2618 391 2689 βίᾳ
406 2615 527 2668 πολιτῶν
540 2607 619 2668 τόνδ’
635 2606 673 2668 ἂν
687 2608 795 2684 ἠρόμην
812 2606 911 2672 πόνον.

344 2705 418 2762 τίνος
431 2693 520 2768 νόμον
535 2694 570 2768 δὴ
587 2701 675 2754 ταῦτα
689 2693 758 2768 πρὸς
772 2693 854 2768 χάριν
869 2696 952 2767 λόγος

345 2780 426 2847 πόσις
440 2780 489 2853 μὲν
503 2776 540 2837 ἄν
554 2802 601 2853 μοι
618 2779 811 2845 κατθανόντος
825 2775 907 2845 ἄλλος
922 2773 973 2853 ἦν,

344 2869 393 2926 καὶ
407 2875 473 2931 παῖς
487 2862 538 2922 ἆτ’
557 2858 642 2924 lano
657 2863 766 2939 φωτός,
781 2865 806 2922 εἰ
818 2861 897 2922 τοῦδ’
914 2861 1075 2938 ἤμπλακον,

346 2949 448 3025 μητρός
464 2947 492 3008 d'
507 2947 637 3009 ἕνῖΙιὸου
652 2953 700 3009 καὶ
715 2946 820 3022 πατρὸς
833 2947 1017 3008 κεκευθότοιν

345 3034 397 3094 οὐκ
410 3032 465 3094 ἔστ’
482 3032 604 3109 ἀδελφὸς
619 3031 695 3102 ὅστις
710 3030 746 3093 ἂν
757 3033 869 3110 βλάστοι
885 3036 959 3093 ποτέ.

142 3143 232 3206 Quem
248 3157 330 3211 quum
345 3140 418 3194 haud
433 3139 526 3208 exigui
539 3141 667 3194 momenti
684 3158 747 3193 esse
768 3158 852 3210 posse
868 3140 902 3192 ad
918 3139 1085 3193 dirimendas
1100 3139 1279 3210 quaestiones

142 3229 176 3281 de
190 3226 364 3280 Herodoteae
380 3226 511 3278 historiae
526 3231 616 3279 aetate
629 3233 713 3295 atque
728 3224 835 3294 origine
849 3226 1062 3292 arbitraremur,
1077 3224 1233 3294 flagitabas,
1249 3231 1281 3279 at

143 3330 215 3384 quac
230 3329 282 3380 ego
300 3329 333 3364 ea
350 3311 384 3364 de
401 3310 590 3379 assentirem,
611 3311 738 3381 pluribus
753 3327 834 3381 quam
849 3330 899 3382 per
914 3310 1043 3381 colloquii
1059 3310 1204 3380 angustias
1216 3311 1278 3365 lice-

143 3403 202 3463 ret,
225 3396 328 3449 Tecum
348 3414 399 3466 per
419 3395 514 3448 literas
536 3395 769 3449 communicarem.
798 3397 898 3467 Neque
923 3414 975 3465 ego
997 3401 1053 3450 tuna
1069 3396 1280 3450 humanissimae

142 3567 205 3621 aisa
215 3571 267 3633 est,
278 3583 358 3636 quarn
369 3565 592 3620 interExcursus
604 3565 734 3619 editionis
742 3565 821 3617 Tuae
831 3565 963 3619 voltrmini
973 3565 1095 3618 secundo
1107 3568 1281 3635 puta—aua

144 3650 314 3719 subiiceres3
335 3667 426 3722 neque
446 3666 487 3702 me
508 3652 569 3704 eius
590 3668 690 3720 operae
711 3650 749 3701 ita
763 3650 917 3720 poenituit,
941 3658 972 3702 ut
989 3650 1118 3721 precibus
1136 3650 1207 3704 Tuis
1222 3656 1280 3703 tum

145 3737 388 3806 obtemperandum
405 3734 517 3802 nollem3
541 3735 622 3805 longe
639 3735 692 3787 alia
706 3740 795 3788 umen
812 3735 934 3790 eiusdem
950 3751 1034 3787 cansa
1051 3751 1125 3788 nunc
1139 3739 1212 3788 iacta
1227 3741 1279 3803 est,

143 3828 290 3893 postquam
304 3820 509 3892 exoptatissimo
523 3820 557 3873 ad
572 3840 612 3874 me
625 3820 722 3873 nuntio
737 3819 829 3888 allato,
844 3822 886 3874 Te
898 3836 994 3874 novam
1004 3819 1141 3874 Herodoti
1152 3820 1208 3874 Tui
1223 3820 1280 3873 edi-

143 3908 247 3959 tionem
265 3923 379 3976 parare‚
395 3907 428 3960 de
444 3905 490 3958 illa
504 3923 615 3977 qnoque
632 3905 749 3976 epistola
766 3907 892 3976 quaestio
908 3906 1005 3958 oborta
1020 3910 1078 3972 cst,
1102 3912 1194 3960 utrum
1208 3906 1280 3959 inte·

143 4009 222 4061 gram
237 3991 332 4044 iterari
347 4008 381 4043 au
396 3991 482 4062 ipsam
499 3991 579 4043 novis
595 3991 670 4044 curis
685 3990 836 4045 instaurari
858 4009 928 4062 opus
944 3995 1028 4044 esset.
1058 3990 1169 4062 Quippe
1185 3991 1218 4044 de
1233 4009 1279 4044 eo-

145 4078 205 4130 dem
216 4076 361 4146 Sophoclis
376 4076 435 4129 loco
451 4093 534 4147 quum
549 4075 594 4128 alii
610 4076 694 4129 multa
709 4076 818 4129 interim
833 4078 861 4130 in
879 4076 969 4129 varias
985 4081 1078 4146 partes
1093 4076 1280 4147 disputarunt,

144 4169 202 4215 tum
216 4178 301 4215 meum
320 4160 450 4214 iudicium
461 4161 610 4230 insigniter
624 4165 754 4214 mutatum
770 4168 815 4215 est
829 4181 880 4215 nec
895 4162 929 4214 de
943 4161 1066 4231 ipsorum
1082 4163 1181 4230 poetae
1197 4170 1226 4215 et
1239 4162 1280 4214 hi·

145 4246 242 4300 storici
255 4245 460 4301 necessitudine
471 4246 539 4300 adeo
554 4247 617 4299 mihi
631 4254 662 4299 ut
674 4253 742 4299 tanc
754 4253 877 4300 constat:
892 4247 966 4318 qnod
979 4247 1032 4300 etsi
1044 4247 1184 4317 nonnulle,
1200 4264 1280 4320 quae,

146 4332 202 4384 nisi
219 4331 311 4401 opinio
329 4349 371 4384 ma
390 4331 475 4399 fallit,
499 4331 556 4383 illic
570 4332 701 4402 princeps
715 4332 824 4402 monui,
844 4351 879 4386 ne
901 4349 974 4385 nunc
994 4333 1102 4403 quidem
1118 4332 1215 4385 abiicio
1234 4338 1282 4385 arat

145 4423 247 4469 minere
262 4417 402 4486 disputata
416 4435 479 4470 esse
493 4423 578 4487 puto,
602 4433 730 4470 summam
752 4423 842 4470 tamen
862 4418 1059 4487 disputationis
1076 4418 1104 4470 in
1125 4417 1178 4469 alia
1193 4415 1282 4469 omnia

146 4502 224 4555 abire
237 4519 352 4555 necesse
364 4507 417 4570 est,
434 4519 524 4573 neque
539 4501 688 4573 quidquam
702 4502 879 4573 relinquitur,
896 4502 950 4555 nisi
966 4509 999 4556 ut
1014 4519 1088 4557 nova
1100 4501 1151 4554 hec
1164 4500 1281 4571 epistola
