<?xml version="1.0" encoding="UTF-8"?>
<!DOCTYPE html PUBLIC "-//W3C//DTD XHTML 1.0 Transitional//EN"
    "http://www.w3.org/TR/xhtml1/DTD/xhtml1-transitional.dtd">
<html xmlns="http://www.w3.org/1999/xhtml" xml:lang="en" lang="en">
 <head>
  <title>
</title>
<meta http-equiv="Content-Type" content="text/html;charset=utf-8" />
  <meta name='ocr-system' content='tesseract 3.04.00' />
  <meta name='ocr-capabilities' content='ocr_page ocr_carea ocr_par ocr_line ocrx_word'/>
</head>
<body>
  <div class='ocr_page' id='page_1' title='image "./herodotihalicar00unkngoog_0055.png"; bbox 0 0 3042 5125; ppageno 0'>
   <div class='ocr_carea' id='block_1_1' title="bbox 553 390 1285 457">
    <p class='ocr_par' dir='ltr' id='par_1_1' title="bbox 553 390 1285 457">
     <span class='ocr_line' id='line_1_1' title="bbox 553 390 1285 457; baseline 0.004 -5"><span class='ocrx_word' id='word_1_1' title='bbox 553 390 754 453; x_wconf 78' lang='lat' dir='ltr'><strong>THALIA.</strong></span> <span class='ocrx_word' id='word_1_2' title='bbox 775 393 835 453; x_wconf 90' lang='grc' dir='ltr'><strong>ΠΙ.</strong></span> <span class='ocrx_word' id='word_1_3' title='bbox 862 399 903 456; x_wconf 83' lang='grc'><strong>17.</strong></span> <span class='ocrx_word' id='word_1_4' title='bbox 929 403 968 456; x_wconf 73' lang='lat' dir='ltr'><strong>{a</strong></span> <span class='ocrx_word' id='word_1_5' title='bbox 1246 395 1285 457; x_wconf 94' lang='grc'><strong>41</strong></span> 
     </span>
    </p>
   </div>
   <div class='ocr_carea' id='block_1_2' title="bbox 141 577 1335 1201">
    <p class='ocr_par' dir='ltr' id='par_1_2' title="bbox 141 577 1335 1201">
     <span class='ocr_line' id='line_1_2' title="bbox 142 577 1289 673; baseline 0.005 -19"><span class='ocrx_word' id='word_1_6' title='bbox 142 577 307 654; x_wconf 75' lang='grc' dir='ltr'><strong><em>ναυτικὸν</em></strong></span> <span class='ocrx_word' id='word_1_7' title='bbox 326 580 470 671; x_wconf 79' lang='grc' dir='ltr'><strong><em>στρατὸν</em></strong></span> <span class='ocrx_word' id='word_1_8' title='bbox 490 580 724 670; x_wconf 71' lang='grc' dir='ltr'><strong>ἀποστέλλειν,</strong></span> <span class='ocrx_word' id='word_1_9' title='bbox 752 586 807 654; x_wconf 74' lang='grc' dir='ltr'><strong><em>ἐστὶ</em></strong></span> <span class='ocrx_word' id='word_1_10' title='bbox 828 583 866 654; x_wconf 72' lang='grc' dir='ltr'><strong>δέ</strong></span> <span class='ocrx_word' id='word_1_11' title='bbox 887 579 1086 673; x_wconf 81' lang='grc' dir='ltr'><strong><em>Ἀμμονίους</em></strong></span> <span class='ocrx_word' id='word_1_12' title='bbox 1107 591 1170 656; x_wconf 79' lang='grc' dir='ltr'><strong><em>τοῦ</em></strong></span> <span class='ocrx_word' id='word_1_13' title='bbox 1188 594 1289 673; x_wconf 76' lang='grc' dir='ltr'><strong><em>πεζοῦ</em></strong></span> 
     </span>
     <span class='ocr_line' id='line_1_3' title="bbox 142 683 1285 781; baseline 0.005 -25"><span class='ocrx_word' id='word_1_14' title='bbox 142 683 396 775; x_wconf 73' lang='grc' dir='ltr'><strong><em>ἀποκρίναντα,</em></strong></span> <span class='ocrx_word' id='word_1_15' title='bbox 417 689 472 757; x_wconf 70' lang='lat' dir='ltr'><strong>snt</strong></span> <span class='ocrx_word' id='word_1_16' title='bbox 485 687 523 758; x_wconf 74' lang='lat' dir='ltr'><strong>dt</strong></span> <span class='ocrx_word' id='word_1_17' title='bbox 537 686 616 769; x_wconf 81' lang='grc' dir='ltr'><strong>τούς</strong></span> <span class='ocrx_word' id='word_1_18' title='bbox 630 694 800 769; x_wconf 79' lang='grc' dir='ltr'><strong><em>Αἰθίοπας</em></strong></span> <span class='ocrx_word' id='word_1_19' title='bbox 813 686 979 769; x_wconf 78' lang='grc' dir='ltr'><strong>κατόπτας</strong></span> <span class='ocrx_word' id='word_1_20' title='bbox 993 693 1144 778; x_wconf 75' lang='grc' dir='ltr'><strong><em>πρῶτον,</em></strong></span> <span class='ocrx_word' id='word_1_21' title='bbox 1164 688 1285 781; x_wconf 77' lang='grc' dir='ltr'><strong><em>ὀψομέ·</em></strong></span> 
     </span>
     <span class='ocr_line' id='line_1_4' title="bbox 142 788 1288 885; baseline 0.004 -24"><span class='ocrx_word' id='word_1_22' title='bbox 142 818 228 871; x_wconf 91' lang='grc' dir='ltr'><strong><em>νοος</em></strong></span> <span class='ocrx_word' id='word_1_23' title='bbox 242 817 280 859; x_wconf 85' lang='grc' dir='ltr'><strong><em>τε</em></strong></span> <span class='ocrx_word' id='word_1_24' title='bbox 294 788 357 880; x_wconf 80' lang='grc' dir='ltr'><strong><em>τὴν</em></strong></span> <span class='ocrx_word' id='word_1_25' title='bbox 377 793 416 860; x_wconf 83' lang='grc' dir='ltr'><strong>ἐν</strong></span> <span class='ocrx_word' id='word_1_26' title='bbox 435 792 580 861; x_wconf 87' lang='grc' dir='ltr'><strong><em>τούτοισι</em></strong></span> <span class='ocrx_word' id='word_1_27' title='bbox 599 807 686 861; x_wconf 77' lang='grc' dir='ltr'><strong><em>τοῖσι</em></strong></span> <span class='ocrx_word' id='word_1_28' title='bbox 709 796 854 874; x_wconf 80' lang='grc' dir='ltr'><strong><em>Αἰθίοψι</em></strong></span> <span class='ocrx_word' id='word_1_29' title='bbox 875 792 1060 881; x_wconf 80' lang='grc' dir='ltr'><strong><em>λεγομένην</em></strong></span> <span class='ocrx_word' id='word_1_30' title='bbox 1080 792 1168 863; x_wconf 81' lang='grc' dir='ltr'><strong><em>εἶναι</em></strong></span> <span class='ocrx_word' id='word_1_31' title='bbox 1190 791 1288 885; x_wconf 79' lang='grc' dir='ltr'><strong><em>ἡλίου</em></strong></span> 
     </span>
     <span class='ocr_line' id='line_1_5' title="bbox 142 892 1286 986; baseline 0.005 -22"><span class='ocrx_word' id='word_1_32' title='bbox 142 892 331 979; x_wconf 74' lang='grc' dir='ltr'><strong><em>τράπεζαν,</em></strong></span> <span class='ocrx_word' id='word_1_33' title='bbox 354 900 386 964; x_wconf 83' lang='grc' dir='ltr'><strong>εἰ</strong></span> <span class='ocrx_word' id='word_1_34' title='bbox 404 899 473 963; x_wconf 74' lang='grc' dir='ltr'><strong><em>ἔστι</em></strong></span> <span class='ocrx_word' id='word_1_35' title='bbox 493 892 666 983; x_wconf 77' lang='grc' dir='ltr'><strong><em>ἀληθέως,</em></strong></span> <span class='ocrx_word' id='word_1_36' title='bbox 688 896 744 964; x_wconf 83' lang='grc' dir='ltr'><strong><em>καί</em></strong></span> <span class='ocrx_word' id='word_1_37' title='bbox 760 892 843 985; x_wconf 75' lang='grc' dir='ltr'><strong><em>πρὸς</em></strong></span> <span class='ocrx_word' id='word_1_38' title='bbox 855 894 959 986; x_wconf 73' lang='grc' dir='ltr'><strong><em>ταύτῃ</em></strong></span> <span class='ocrx_word' id='word_1_39' title='bbox 977 892 1017 966; x_wconf 80' lang='grc' dir='ltr'><strong>τα</strong></span> <span class='ocrx_word' id='word_1_40' title='bbox 1037 893 1122 966; x_wconf 73' lang='grc' dir='ltr'><strong><em>ἄλλα</em></strong></span> <span class='ocrx_word' id='word_1_41' title='bbox 1142 915 1286 982; x_wconf 70' lang='lat' dir='ltr'><strong>aurodo-</strong></span> 
     </span>
     <span class='ocr_line' id='line_1_6' title="bbox 141 995 1335 1093; baseline -0.002 -25"><span class='ocrx_word' id='word_1_42' title='bbox 141 1000 287 1087; x_wconf 84' lang='grc' dir='ltr'><strong><em>μένους,</em></strong></span> <span class='ocrx_word' id='word_1_43' title='bbox 309 1003 402 1086; x_wconf 79' lang='lat' dir='ltr'><strong>doipoe</strong></span> <span class='ocrx_word' id='word_1_44' title='bbox 417 997 455 1067; x_wconf 71' lang='lat' dir='ltr'><strong>dl</strong></span> <span class='ocrx_word' id='word_1_45' title='bbox 473 998 623 1093; x_wconf 75' lang='grc' dir='ltr'><strong><em>τῷλόγῳ</em></strong></span> <span class='ocrx_word' id='word_1_46' title='bbox 645 1001 810 1088; x_wconf 82' lang='grc' dir='ltr'><strong><em>φέροντας</em></strong></span> <span class='ocrx_word' id='word_1_47' title='bbox 824 1003 870 1090; x_wconf 77' lang='grc' dir='ltr'><strong><em>τῷ</em></strong></span> <span class='ocrx_word' id='word_1_48' title='bbox 885 1000 1019 1087; x_wconf 79' lang='grc' dir='ltr'><strong><em>βασιλέι</em></strong></span> <span class='ocrx_word' id='word_1_49' title='bbox 1034 995 1158 1070; x_wconf 70' lang='grc' dir='ltr'><strong><em>αὐτῶν.</em></strong></span> <span class='ocrx_word' id='word_1_50' title='bbox 1191 997 1235 1071; x_wconf 86' lang='lat' dir='ltr'><strong>‘H</strong></span> <span class='ocrx_word' id='word_1_51' title='bbox 1247 1002 1283 1072; x_wconf 75' lang='lat' dir='ltr'><strong>dl</strong></span> <span class='ocrx_word' id='word_1_52' title='bbox 1297 1005 1335 1067; x_wconf 87' lang='lat'><strong>18</strong></span> 
     </span>
     <span class='ocr_line' id='line_1_7' title="bbox 142 1097 1287 1201; baseline 0.003 -29"><span class='ocrx_word' id='word_1_53' title='bbox 142 1100 290 1192; x_wconf 74' lang='grc' dir='ltr'><strong><em>τράπεζα</em></strong></span> <span class='ocrx_word' id='word_1_54' title='bbox 307 1107 368 1171; x_wconf 85' lang='grc' dir='ltr'><strong><em>τοῦ</em></strong></span> <span class='ocrx_word' id='word_1_55' title='bbox 387 1097 485 1190; x_wconf 80' lang='grc' dir='ltr'><strong><em>ἡλίου</em></strong></span> <span class='ocrx_word' id='word_1_56' title='bbox 499 1102 610 1193; x_wconf 79' lang='grc' dir='ltr'><strong><em>τοιήδε</em></strong></span> <span class='ocrx_word' id='word_1_57' title='bbox 623 1130 673 1185; x_wconf 85' lang='grc' dir='ltr'><strong><em>τις</em></strong></span> <span class='ocrx_word' id='word_1_58' title='bbox 687 1104 818 1190; x_wconf 85' lang='grc' dir='ltr'><strong><em>λέγεται</em></strong></span> <span class='ocrx_word' id='word_1_59' title='bbox 833 1100 936 1172; x_wconf 83' lang='grc' dir='ltr'><strong><em>εἰναι·</em></strong></span> <span class='ocrx_word' id='word_1_60' title='bbox 960 1101 1086 1191; x_wconf 74' lang='grc' dir='ltr'><strong><em>λειμών</em></strong></span> <span class='ocrx_word' id='word_1_61' title='bbox 1100 1106 1170 1173; x_wconf 92' lang='grc' dir='ltr'><strong><em>έστι</em></strong></span> <span class='ocrx_word' id='word_1_62' title='bbox 1190 1107 1287 1201; x_wconf 78' lang='grc' dir='ltr'><strong><em>ἐντῷ</em></strong></span> 
     </span>
    </p>
   </div>
   <div class='ocr_carea' id='block_1_3' title="bbox 141 1270 1292 4547">
    <p class='ocr_par' dir='ltr' id='par_1_3' title="bbox 141 1270 1290 3151">
     <span class='ocr_line' id='line_1_8' title="bbox 141 1270 1287 1339; baseline 0.002 -17"><span class='ocrx_word' id='word_1_63' title='bbox 141 1270 197 1323; x_wconf 74' lang='lat'><strong>5⁶28</strong></span> <span class='ocrx_word' id='word_1_64' title='bbox 212 1286 282 1336; x_wconf 79' lang='lat' dir='ltr'><strong>aeq,</strong></span> <span class='ocrx_word' id='word_1_65' title='bbox 300 1270 345 1321; x_wconf 92' lang='lat' dir='ltr'><strong>ubi</strong></span> <span class='ocrx_word' id='word_1_66' title='bbox 358 1270 452 1321; x_wconf 90' lang='lat' dir='ltr'><strong>eadem</strong></span> <span class='ocrx_word' id='word_1_67' title='bbox 464 1272 625 1325; x_wconf 76' lang='lat' dir='ltr'><strong>sentientem</strong></span> <span class='ocrx_word' id='word_1_68' title='bbox 636 1271 692 1323; x_wconf 85' lang='lat' dir='ltr'><strong>lau·</strong></span> <span class='ocrx_word' id='word_1_69' title='bbox 742 1273 851 1324; x_wconf 85' lang='lat' dir='ltr'><strong>Heeren</strong></span> <span class='ocrx_word' id='word_1_70' title='bbox 863 1270 958 1335; x_wconf 91' lang='lat' dir='ltr'><strong>(ldeen</strong></span> <span class='ocrx_word' id='word_1_71' title='bbox 970 1273 1008 1335; x_wconf 89' lang='lat'><strong>11,</strong></span> <span class='ocrx_word' id='word_1_72' title='bbox 1024 1271 1047 1322; x_wconf 90' lang='lat'><strong>1.</strong></span> <span class='ocrx_word' id='word_1_73' title='bbox 1063 1287 1126 1338; x_wconf 87' lang='lat' dir='ltr'><strong>pag.</strong></span> <span class='ocrx_word' id='word_1_74' title='bbox 1140 1271 1192 1324; x_wconf 79' lang='grc'><strong>345</strong></span> <span class='ocrx_word' id='word_1_75' title='bbox 1205 1274 1287 1339; x_wconf 79' lang='lat' dir='ltr'><strong>seq),</strong></span> 
     </span>
     <span class='ocr_line' id='line_1_9' title="bbox 142 1339 1287 1409; baseline 0.003 -17"><span class='ocrx_word' id='word_1_76' title='bbox 142 1342 193 1392; x_wconf 84' lang='lat' dir='ltr'><strong>dat</strong></span> <span class='ocrx_word' id='word_1_77' title='bbox 212 1339 330 1404; x_wconf 76' lang='lat' dir='ltr'><strong>Gooley:</strong></span> <span class='ocrx_word' id='word_1_78' title='bbox 353 1340 477 1407; x_wconf 85' lang='lat' dir='ltr'><strong>Ptolemy</strong></span> <span class='ocrx_word' id='word_1_79' title='bbox 495 1343 550 1394; x_wconf 92' lang='lat' dir='ltr'><strong>and</strong></span> <span class='ocrx_word' id='word_1_80' title='bbox 570 1344 615 1396; x_wconf 85' lang='lat' dir='ltr'><strong>the</strong></span> <span class='ocrx_word' id='word_1_81' title='bbox 630 1342 691 1394; x_wconf 88' lang='lat' dir='ltr'><strong>Nile</strong></span> <span class='ocrx_word' id='word_1_82' title='bbox 744 1340 958 1409; x_wconf 84' lang='lat' dir='ltr'><strong>qniSolisuram</strong></span> <span class='ocrx_word' id='word_1_83' title='bbox 968 1357 990 1392; x_wconf 87' lang='lat' dir='ltr'><strong>s.</strong></span> <span class='ocrx_word' id='word_1_84' title='bbox 1000 1357 1119 1392; x_wconf 89' lang='lat' dir='ltr'><strong>mensam</strong></span> <span class='ocrx_word' id='word_1_85' title='bbox 1129 1342 1217 1393; x_wconf 84' lang='lat' dir='ltr'><strong>torum</strong></span> <span class='ocrx_word' id='word_1_86' title='bbox 1227 1358 1287 1395; x_wconf 88' lang='lat' dir='ltr'><strong>esse</strong></span> 
     </span>
     <span class='ocr_line' id='line_1_10' title="bbox 142 1410 1288 1479; baseline 0.003 -17"><span class='ocrx_word' id='word_1_87' title='bbox 142 1428 170 1476; x_wconf 89' lang='lat' dir='ltr'><strong>p.</strong></span> <span class='ocrx_word' id='word_1_88' title='bbox 183 1411 228 1462; x_wconf 71' lang='lat'><strong>20.</strong></span> <span class='ocrx_word' id='word_1_89' title='bbox 260 1410 330 1461; x_wconf 83' lang='lat' dir='ltr'>Mihi</span> <span class='ocrx_word' id='word_1_90' title='bbox 348 1412 435 1477; x_wconf 87' lang='lat' dir='ltr'><strong>magia</strong></span> <span class='ocrx_word' id='word_1_91' title='bbox 455 1411 545 1477; x_wconf 89' lang='lat' dir='ltr'><strong>placet</strong></span> <span class='ocrx_word' id='word_1_92' title='bbox 564 1414 693 1466; x_wconf 77' lang='lat' dir='ltr'><strong>Haerenti</strong></span> <span class='ocrx_word' id='word_1_93' title='bbox 741 1411 857 1470; x_wconf 80' lang='lat' dir='ltr'><strong>vult.in</strong></span> <span class='ocrx_word' id='word_1_94' title='bbox 870 1427 923 1477; x_wconf 91' lang='lat' dir='ltr'><strong>quo</strong></span> <span class='ocrx_word' id='word_1_95' title='bbox 934 1411 1123 1462; x_wconf 86' lang='lat' dir='ltr'><strong>commercium</strong></span> <span class='ocrx_word' id='word_1_96' title='bbox 1137 1428 1197 1463; x_wconf 90' lang='lat' dir='ltr'><strong>curn</strong></span> <span class='ocrx_word' id='word_1_97' title='bbox 1212 1428 1288 1479; x_wconf 87' lang='lat' dir='ltr'><strong>pers·</strong></span> 
     </span>
     <span class='ocr_line' id='line_1_11' title="bbox 142 1479 1287 1548; baseline 0.003 -17"><span class='ocrx_word' id='word_1_98' title='bbox 142 1482 298 1542; x_wconf 87' lang='lat' dir='ltr'><strong>sententia,</strong></span> <span class='ocrx_word' id='word_1_99' title='bbox 318 1496 388 1545; x_wconf 89' lang='lat' dir='ltr'><strong>quae</strong></span> <span class='ocrx_word' id='word_1_100' title='bbox 401 1486 476 1532; x_wconf 89' lang='lat' dir='ltr'><strong>certe</strong></span> <span class='ocrx_word' id='word_1_101' title='bbox 487 1497 548 1533; x_wconf 85' lang='lat' dir='ltr'><strong>onnr</strong></span> <span class='ocrx_word' id='word_1_102' title='bbox 559 1485 692 1536; x_wconf 77' lang='lat' dir='ltr'><strong>Herodoti</strong></span> <span class='ocrx_word' id='word_1_103' title='bbox 742 1483 829 1548; x_wconf 86' lang='lat' dir='ltr'><strong>griuis</strong></span> <span class='ocrx_word' id='word_1_104' title='bbox 840 1481 923 1532; x_wconf 85' lang='lat' dir='ltr'><strong>luerit</strong></span> <span class='ocrx_word' id='word_1_105' title='bbox 932 1479 1102 1542; x_wconf 79' lang='lat' dir='ltr'><strong>taetItatnm;</strong></span> <span class='ocrx_word' id='word_1_106' title='bbox 1116 1481 1187 1547; x_wconf 88' lang='lat' dir='ltr'><strong>qnod</strong></span> <span class='ocrx_word' id='word_1_107' title='bbox 1199 1482 1287 1547; x_wconf 85' lang='lat' dir='ltr'><strong>ipsum</strong></span> 
     </span>
     <span class='ocr_line' id='line_1_12' title="bbox 141 1550 1288 1617; baseline 0.001 -15"><span class='ocrx_word' id='word_1_108' title='bbox 141 1551 237 1602; x_wconf 79' lang='lat' dir='ltr'><strong>verbis</strong></span> <span class='ocrx_word' id='word_1_109' title='bbox 246 1551 402 1601; x_wconf 77' lang='lat' dir='ltr'><strong>Macrobioe</strong></span> <span class='ocrx_word' id='word_1_110' title='bbox 414 1552 496 1603; x_wconf 86' lang='lat' dir='ltr'><strong>hosce</strong></span> <span class='ocrx_word' id='word_1_111' title='bbox 510 1554 544 1603; x_wconf 88' lang='lat' dir='ltr'><strong>ad</strong></span> <span class='ocrx_word' id='word_1_112' title='bbox 559 1570 633 1605; x_wconf 88' lang='lat' dir='ltr'><strong>mars</strong></span> <span class='ocrx_word' id='word_1_113' title='bbox 643 1570 691 1605; x_wconf 87' lang='lat' dir='ltr'><strong>au·</strong></span> <span class='ocrx_word' id='word_1_114' title='bbox 742 1567 803 1603; x_wconf 90' lang='lat' dir='ltr'><strong>cum</strong></span> <span class='ocrx_word' id='word_1_115' title='bbox 815 1550 975 1616; x_wconf 84' lang='lat' dir='ltr'><strong>templorum</strong></span> <span class='ocrx_word' id='word_1_116' title='bbox 994 1553 1139 1602; x_wconf 75' lang='lat' dir='ltr'><strong>sanctitati</strong></span> <span class='ocrx_word' id='word_1_117' title='bbox 1158 1567 1204 1617; x_wconf 87' lang='lat' dir='ltr'><strong>per</strong></span> <span class='ocrx_word' id='word_1_118' title='bbox 1216 1553 1288 1604; x_wconf 79' lang='lat' dir='ltr'><strong>Airi-</strong></span> 
     </span>
     <span class='ocr_line' id='line_1_13' title="bbox 142 1620 1288 1687; baseline 0.003 -16"><span class='ocrx_word' id='word_1_119' title='bbox 142 1621 231 1671; x_wconf 87' lang='lat' dir='ltr'><strong>atrale</strong></span> <span class='ocrx_word' id='word_1_120' title='bbox 243 1620 403 1671; x_wconf 75' lang='lat' dir='ltr'><strong>collocantis</strong></span> <span class='ocrx_word' id='word_1_121' title='bbox 415 1637 503 1687; x_wconf 86' lang='lat' dir='ltr'><strong>neque</strong></span> <span class='ocrx_word' id='word_1_122' title='bbox 514 1623 541 1673; x_wconf 91' lang='lat' dir='ltr'><strong>iu</strong></span> <span class='ocrx_word' id='word_1_123' title='bbox 553 1625 692 1676; x_wconf 84' lang='lat' dir='ltr'><strong>interioris</strong></span> <span class='ocrx_word' id='word_1_124' title='bbox 741 1637 792 1673; x_wconf 83' lang='lat' dir='ltr'><strong>cae</strong></span> <span class='ocrx_word' id='word_1_125' title='bbox 800 1621 925 1686; x_wconf 73' lang='lat' dir='ltr'><strong>regiones</strong></span> <span class='ocrx_word' id='word_1_126' title='bbox 935 1623 1108 1671; x_wconf 86' lang='lat' dir='ltr'><strong>commissum</strong></span> <span class='ocrx_word' id='word_1_127' title='bbox 1118 1621 1288 1683; x_wconf 88' lang='lat' dir='ltr'><strong>fuerit‚hand</strong></span> 
     </span>
     <span class='ocr_line' id='line_1_14' title="bbox 141 1690 1287 1757; baseline 0.003 -17"><span class='ocrx_word' id='word_1_128' title='bbox 141 1692 257 1743; x_wconf 78' lang='lat' dir='ltr'><strong>Africae</strong></span> <span class='ocrx_word' id='word_1_129' title='bbox 272 1692 406 1743; x_wconf 86' lang='lat' dir='ltr'><strong>tractibus</strong></span> <span class='ocrx_word' id='word_1_130' title='bbox 424 1694 580 1757; x_wconf 83' lang='lat' dir='ltr'><strong>reponentia</strong></span> <span class='ocrx_word' id='word_1_131' title='bbox 595 1693 691 1746; x_wconf 75' lang='lat' dir='ltr'><strong>melius</strong></span> <span class='ocrx_word' id='word_1_132' title='bbox 742 1693 849 1753; x_wconf 83' lang='lat' dir='ltr'><strong>mirum,</strong></span> <span class='ocrx_word' id='word_1_133' title='bbox 862 1690 908 1741; x_wconf 91' lang='lat' dir='ltr'><strong>hic</strong></span> <span class='ocrx_word' id='word_1_134' title='bbox 917 1706 1024 1757; x_wconf 90' lang='lat' dir='ltr'><strong>quoque</strong></span> <span class='ocrx_word' id='word_1_135' title='bbox 1033 1690 1191 1756; x_wconf 81' lang='lat' dir='ltr'><strong>religionem</strong></span> <span class='ocrx_word' id='word_1_136' title='bbox 1202 1691 1287 1744; x_wconf 80' lang='lat' dir='ltr'><strong>fuisse</strong></span> 
     </span>
     <span class='ocr_line' id='line_1_15' title="bbox 142 1760 1287 1825; baseline 0 -13"><span class='ocrx_word' id='word_1_137' title='bbox 142 1762 294 1812; x_wconf 85' lang='lat' dir='ltr'><strong>convenire</strong></span> <span class='ocrx_word' id='word_1_138' title='bbox 308 1761 375 1811; x_wconf 88' lang='lat' dir='ltr'><strong>mibi</strong></span> <span class='ocrx_word' id='word_1_139' title='bbox 389 1762 508 1814; x_wconf 88' lang='lat' dir='ltr'><strong>videtur.</strong></span> <span class='ocrx_word' id='word_1_140' title='bbox 742 1762 908 1814; x_wconf 88' lang='lat' dir='ltr'><strong>adiunctam.</strong></span> <span class='ocrx_word' id='word_1_141' title='bbox 938 1760 1005 1811; x_wconf 90' lang='lat' dir='ltr'><strong>Inde</strong></span> <span class='ocrx_word' id='word_1_142' title='bbox 1016 1775 1087 1825; x_wconf 84' lang='lat' dir='ltr'><strong>quae</strong></span> <span class='ocrx_word' id='word_1_143' title='bbox 1099 1761 1213 1811; x_wconf 78' lang='lat' dir='ltr'><strong>Cosmus</strong></span> <span class='ocrx_word' id='word_1_144' title='bbox 1225 1778 1287 1812; x_wconf 91' lang='lat' dir='ltr'><strong>nar·</strong></span> 
     </span>
     <span class='ocr_line' id='line_1_16' title="bbox 178 1820 1288 1899; baseline 0.003 -20"><span class='ocrx_word' id='word_1_145' title='bbox 178 1820 323 1888; x_wconf 78' lang='grc' dir='ltr'><strong><em>κατόπτας</em></strong></span> <span class='ocrx_word' id='word_1_146' title='bbox 339 1829 463 1898; x_wconf 75' lang='grc' dir='ltr'><strong><em>πρῶτον]</em></strong></span> <span class='ocrx_word' id='word_1_147' title='bbox 483 1823 622 1890; x_wconf 81' lang='grc' dir='ltr'><strong><em>κατόπτας</em></strong></span> <span class='ocrx_word' id='word_1_148' title='bbox 633 1853 691 1899; x_wconf 78' lang='lat' dir='ltr'><strong>rpe-</strong></span> <span class='ocrx_word' id='word_1_149' title='bbox 741 1836 787 1881; x_wconf 87' lang='lat' dir='ltr'><strong>rat</strong></span> <span class='ocrx_word' id='word_1_150' title='bbox 799 1831 831 1881; x_wconf 91' lang='lat' dir='ltr'><strong>de</strong></span> <span class='ocrx_word' id='word_1_151' title='bbox 842 1829 959 1895; x_wconf 90' lang='lat' dir='ltr'><strong>quodam</strong></span> <span class='ocrx_word' id='word_1_152' title='bbox 971 1831 1126 1880; x_wconf 78' lang='lat' dir='ltr'><strong>commercii</strong></span> <span class='ocrx_word' id='word_1_153' title='bbox 1138 1846 1236 1896; x_wconf 78' lang='lat' dir='ltr'><strong>genere</strong></span> <span class='ocrx_word' id='word_1_154' title='bbox 1248 1833 1288 1882; x_wconf 90' lang='lat' dir='ltr'><strong>in·</strong></span> 
     </span>
     <span class='ocr_line' id='line_1_17' title="bbox 143 1899 1289 1968; baseline 0.002 -18"><span class='ocrx_word' id='word_1_155' title='bbox 143 1905 274 1952; x_wconf 71' lang='lat' dir='ltr'><strong>celatores</strong></span> <span class='ocrx_word' id='word_1_156' title='bbox 301 1901 369 1952; x_wconf 89' lang='lat' dir='ltr'><strong>dicit</strong></span> <span class='ocrx_word' id='word_1_157' title='bbox 391 1906 475 1966; x_wconf 89' lang='lat' dir='ltr'><strong>atque</strong></span> <span class='ocrx_word' id='word_1_158' title='bbox 501 1907 690 1968; x_wconf 74' lang='lat' dir='ltr'><strong>exploratores,</strong></span> <span class='ocrx_word' id='word_1_159' title='bbox 742 1904 784 1951; x_wconf 89' lang='lat' dir='ltr'><strong>ter</strong></span> <span class='ocrx_word' id='word_1_160' title='bbox 805 1900 962 1964; x_wconf 88' lang='lat' dir='ltr'><strong>peregrinos</strong></span> <span class='ocrx_word' id='word_1_161' title='bbox 981 1903 1008 1949; x_wconf 90' lang='lat' dir='ltr'><strong>et</strong></span> <span class='ocrx_word' id='word_1_162' title='bbox 1025 1899 1183 1964; x_wconf 85' lang='lat' dir='ltr'><strong>indigenas,</strong></span> <span class='ocrx_word' id='word_1_163' title='bbox 1202 1916 1234 1951; x_wconf 87' lang='lat' dir='ltr'><strong>ea</strong></span> <span class='ocrx_word' id='word_1_164' title='bbox 1248 1902 1289 1952; x_wconf 87' lang='lat' dir='ltr'><strong>ita</strong></span> 
     </span>
     <span class='ocr_line' id='line_1_18' title="bbox 144 1969 1289 2036; baseline 0.001 -15"><span class='ocrx_word' id='word_1_165' title='bbox 144 1986 216 2036; x_wconf 88' lang='lat' dir='ltr'><strong>quoa</strong></span> <span class='ocrx_word' id='word_1_166' title='bbox 230 1969 339 2020; x_wconf 89' lang='lat' dir='ltr'><strong>eosdem</strong></span> <span class='ocrx_word' id='word_1_167' title='bbox 352 1969 420 2021; x_wconf 89' lang='lat' dir='ltr'><strong>alibi</strong></span> <span class='ocrx_word' id='word_1_168' title='bbox 434 1970 502 2034; x_wconf 84' lang='lat'>(111,</span> <span class='ocrx_word' id='word_1_169' title='bbox 518 1971 556 2023; x_wconf 84' lang='lat' dir='ltr'><strong>ill.</strong></span> <span class='ocrx_word' id='word_1_170' title='bbox 571 1974 614 2026; x_wconf 75' lang='lat'><strong>25.</strong></span> <span class='ocrx_word' id='word_1_171' title='bbox 630 1973 689 2024; x_wconf 79' lang='lat'>136.</span> <span class='ocrx_word' id='word_1_172' title='bbox 742 1971 778 2021; x_wconf 87' lang='lat' dir='ltr'><strong>ad</strong></span> <span class='ocrx_word' id='word_1_173' title='bbox 793 1969 927 2020; x_wconf 84' lang='lat' dir='ltr'><strong>Herodoti</strong></span> <span class='ocrx_word' id='word_1_174' title='bbox 951 1970 1135 2020; x_wconf 78' lang='lat' dir='ltr'><strong>narrationem</strong></span> <span class='ocrx_word' id='word_1_175' title='bbox 1153 1969 1289 2022; x_wconf 88' lang='lat' dir='ltr'><strong>translata</strong></span> 
     </span>
     <span class='ocr_line' id='line_1_19' title="bbox 146 2038 1288 2102; baseline -0.002 -10"><span class='ocrx_word' id='word_1_176' title='bbox 146 2038 208 2102; x_wconf 82' lang='grc'>138)</span> <span class='ocrx_word' id='word_1_177' title='bbox 221 2044 305 2090; x_wconf 82' lang='lat' dir='ltr'><strong>vocat</strong></span> <span class='ocrx_word' id='word_1_178' title='bbox 321 2039 525 2098; x_wconf 77' lang='grc' dir='ltr'><strong><em>κατασκόπους.</em></strong></span> <span class='ocrx_word' id='word_1_179' title='bbox 558 2041 633 2093; x_wconf 88' lang='lat' dir='ltr'><strong>Idem</strong></span> <span class='ocrx_word' id='word_1_180' title='bbox 644 2059 691 2095; x_wconf 83' lang='lat' dir='ltr'><strong>vo·</strong></span> <span class='ocrx_word' id='word_1_181' title='bbox 742 2040 802 2091; x_wconf 86' lang='lat' dir='ltr'><strong>vult</strong></span> <span class='ocrx_word' id='word_1_182' title='bbox 820 2039 953 2100; x_wconf 86' lang='lat' dir='ltr'><strong>Heeren.,</strong></span> <span class='ocrx_word' id='word_1_183' title='bbox 977 2045 1007 2088; x_wconf 93' lang='lat' dir='ltr'><strong>nt</strong></span> <span class='ocrx_word' id='word_1_184' title='bbox 1030 2039 1082 2089; x_wconf 90' lang='lat' dir='ltr'><strong>hoc</strong></span> <span class='ocrx_word' id='word_1_185' title='bbox 1100 2042 1288 2091; x_wconf 85' lang='lat' dir='ltr'><strong>commercium</strong></span> 
     </span>
     <span class='ocr_line' id='line_1_20' title="bbox 142 2108 1288 2175; baseline 0 -14"><span class='ocrx_word' id='word_1_186' title='bbox 142 2109 272 2161; x_wconf 79' lang='lat' dir='ltr'><strong>eabulmn</strong></span> <span class='ocrx_word' id='word_1_187' title='bbox 284 2109 357 2160; x_wconf 86' lang='lat' dir='ltr'><strong>intra</strong></span> <span class='ocrx_word' id='word_1_188' title='bbox 368 2110 423 2172; x_wconf 88' lang='lat'>111,</span> <span class='ocrx_word' id='word_1_189' title='bbox 437 2112 479 2163; x_wconf 79' lang='lat'><strong>21.</strong></span> <span class='ocrx_word' id='word_1_190' title='bbox 501 2110 578 2163; x_wconf 78' lang='lat' dir='ltr'><strong>Cous.</strong></span> <span class='ocrx_word' id='word_1_191' title='bbox 593 2112 690 2164; x_wconf 81' lang='lat' dir='ltr'><strong>Pollux</strong></span> <span class='ocrx_word' id='word_1_192' title='bbox 741 2108 852 2175; x_wconf 86' lang='lat' dir='ltr'><strong>publica</strong></span> <span class='ocrx_word' id='word_1_193' title='bbox 862 2109 1028 2160; x_wconf 85' lang='lat' dir='ltr'><strong>arrctoritate</strong></span> <span class='ocrx_word' id='word_1_194' title='bbox 1039 2108 1122 2159; x_wconf 83' lang='lat' dir='ltr'><strong>luerit</strong></span> <span class='ocrx_word' id='word_1_195' title='bbox 1133 2109 1288 2161; x_wconf 88' lang='lat' dir='ltr'><strong>institutum</strong></span> 
     </span>
     <span class='ocr_line' id='line_1_21' title="bbox 142 2178 1289 2244; baseline 0 -13"><span class='ocrx_word' id='word_1_196' title='bbox 142 2181 182 2240; x_wconf 85' lang='grc' dir='ltr'><strong>ΙΙ,</strong></span> <span class='ocrx_word' id='word_1_197' title='bbox 193 2179 239 2230; x_wconf 79' lang='grc'>511.</span> <span class='ocrx_word' id='word_1_198' title='bbox 254 2178 405 2230; x_wconf 88' lang='lat' dir='ltr'><strong>Blomfield.</strong></span> <span class='ocrx_word' id='word_1_199' title='bbox 418 2181 447 2231; x_wconf 92' lang='lat' dir='ltr'><strong>in</strong></span> <span class='ocrx_word' id='word_1_200' title='bbox 458 2179 578 2233; x_wconf 85' lang='lat' dir='ltr'><strong>Glossar.</strong></span> <span class='ocrx_word' id='word_1_201' title='bbox 592 2183 627 2232; x_wconf 90' lang='lat' dir='ltr'><strong>ad</strong></span> <span class='ocrx_word' id='word_1_202' title='bbox 639 2183 691 2233; x_wconf 77' lang='lat' dir='ltr'><strong>Ae·</strong></span> <span class='ocrx_word' id='word_1_203' title='bbox 742 2178 860 2244; x_wconf 83' lang='lat' dir='ltr'><strong>indeque</strong></span> <span class='ocrx_word' id='word_1_204' title='bbox 872 2178 955 2229; x_wconf 86' lang='lat' dir='ltr'><strong>etiam</strong></span> <span class='ocrx_word' id='word_1_205' title='bbox 969 2178 1151 2244; x_wconf 89' lang='lat' dir='ltr'><strong>intelligatur,</strong></span> <span class='ocrx_word' id='word_1_206' title='bbox 1173 2194 1221 2230; x_wconf 87' lang='lat' dir='ltr'><strong>cur</strong></span> <span class='ocrx_word' id='word_1_207' title='bbox 1233 2195 1289 2231; x_wconf 89' lang='lat' dir='ltr'><strong>ma·</strong></span> 
     </span>
     <span class='ocr_line' id='line_1_22' title="bbox 142 2249 1290 2316; baseline -0.001 -14"><span class='ocrx_word' id='word_1_208' title='bbox 142 2249 232 2316; x_wconf 82' lang='lat' dir='ltr'><strong>scbyl.</strong></span> <span class='ocrx_word' id='word_1_209' title='bbox 248 2250 324 2316; x_wconf 84' lang='lat' dir='ltr'><strong>Sept.</strong></span> <span class='ocrx_word' id='word_1_210' title='bbox 338 2266 362 2300; x_wconf 84' lang='lat' dir='ltr'><strong>c.</strong></span> <span class='ocrx_word' id='word_1_211' title='bbox 377 2250 462 2301; x_wconf 84' lang='lat' dir='ltr'><strong>Theb.</strong></span> <span class='ocrx_word' id='word_1_212' title='bbox 477 2250 520 2304; x_wconf 75' lang='lat' dir='ltr'><strong>dd.</strong></span> <span class='ocrx_word' id='word_1_213' title='bbox 534 2280 570 2288; x_wconf 90' lang='lat'>—</span> <span class='ocrx_word' id='word_1_214' title='bbox 587 2251 620 2302; x_wconf 92' lang='lat' dir='ltr'><strong>In</strong></span> <span class='ocrx_word' id='word_1_215' title='bbox 634 2268 692 2304; x_wconf 84' lang='lat' dir='ltr'><strong>ver·</strong></span> <span class='ocrx_word' id='word_1_216' title='bbox 741 2249 875 2315; x_wconf 87' lang='lat' dir='ltr'><strong>gistratna</strong></span> <span class='ocrx_word' id='word_1_217' title='bbox 887 2252 970 2300; x_wconf 88' lang='lat' dir='ltr'><strong>noctu</strong></span> <span class='ocrx_word' id='word_1_218' title='bbox 982 2249 1108 2300; x_wconf 89' lang='lat' dir='ltr'><strong>dicantur</strong></span> <span class='ocrx_word' id='word_1_219' title='bbox 1121 2263 1229 2300; x_wconf 88' lang='lat' dir='ltr'><strong>carnem</strong></span> <span class='ocrx_word' id='word_1_220' title='bbox 1242 2251 1290 2301; x_wconf 91' lang='lat' dir='ltr'><strong>ad·</strong></span> 
     </span>
     <span class='ocr_line' id='line_1_23' title="bbox 142 2310 1288 2385; baseline 0.001 -15"><span class='ocrx_word' id='word_1_221' title='bbox 142 2321 199 2371; x_wconf 86' lang='lat' dir='ltr'><strong>bis:</strong></span> <span class='ocrx_word' id='word_1_222' title='bbox 212 2310 303 2385; x_wconf 74' lang='grc' dir='ltr'><strong><em>τὴτέν</em></strong></span> <span class='ocrx_word' id='word_1_223' title='bbox 311 2310 434 2369; x_wconf 78' lang='grc' dir='ltr'><strong><em>τούτοισι</em></strong></span> <span class='ocrx_word' id='word_1_224' title='bbox 442 2322 513 2370; x_wconf 74' lang='grc' dir='ltr'><strong><em>τοῖσι</em></strong></span> <span class='ocrx_word' id='word_1_225' title='bbox 520 2315 643 2384; x_wconf 75' lang='grc' dir='ltr'><strong><em>Αἰθίοψι</em></strong></span> <span class='ocrx_word' id='word_1_226' title='bbox 653 2323 692 2372; x_wconf 81' lang='grc' dir='ltr'><strong>λε·</strong></span> <span class='ocrx_word' id='word_1_227' title='bbox 741 2335 853 2385; x_wconf 90' lang='lat' dir='ltr'><strong>ponere,</strong></span> <span class='ocrx_word' id='word_1_228' title='bbox 862 2334 915 2385; x_wconf 90' lang='lat' dir='ltr'><strong>qua</strong></span> <span class='ocrx_word' id='word_1_229' title='bbox 925 2318 972 2370; x_wconf 92' lang='lat' dir='ltr'><strong>diu</strong></span> <span class='ocrx_word' id='word_1_230' title='bbox 981 2323 1129 2370; x_wconf 79' lang='lat' dir='ltr'><strong>vescantur</strong></span> <span class='ocrx_word' id='word_1_231' title='bbox 1137 2320 1184 2383; x_wconf 89' lang='lat' dir='ltr'><strong>qui</strong></span> <span class='ocrx_word' id='word_1_232' title='bbox 1194 2318 1288 2384; x_wconf 89' lang='lat' dir='ltr'><strong>velint,</strong></span> 
     </span>
     <span class='ocr_line' id='line_1_24' title="bbox 142 2384 1288 2455; baseline 0.001 -16"><span class='ocrx_word' id='word_1_233' title='bbox 142 2384 269 2454; x_wconf 77' lang='grc' dir='ltr'><strong><em>γομένην</em></strong></span> <span class='ocrx_word' id='word_1_234' title='bbox 278 2390 372 2455; x_wconf 86' lang='lat' dir='ltr'><strong>spuria</strong></span> <span class='ocrx_word' id='word_1_235' title='bbox 387 2390 515 2442; x_wconf 85' lang='lat' dir='ltr'><strong>videntur</strong></span> <span class='ocrx_word' id='word_1_236' title='bbox 525 2407 585 2443; x_wconf 86' lang='lat' dir='ltr'><strong>esse</strong></span> <span class='ocrx_word' id='word_1_237' title='bbox 599 2393 692 2441; x_wconf 85' lang='grc' dir='ltr'><strong><em>τοῖσι</em></strong></span> <span class='ocrx_word' id='word_1_238' title='bbox 742 2404 878 2455; x_wconf 87' lang='lat' dir='ltr'><strong>quemque</strong></span> <span class='ocrx_word' id='word_1_239' title='bbox 893 2388 1038 2454; x_wconf 84' lang='lat' dir='ltr'><strong>indigenae</strong></span> <span class='ocrx_word' id='word_1_240' title='bbox 1051 2391 1125 2439; x_wconf 83' lang='lat' dir='ltr'><strong>terrd</strong></span> <span class='ocrx_word' id='word_1_241' title='bbox 1137 2389 1181 2438; x_wconf 88' lang='lat' dir='ltr'><strong>edi</strong></span> <span class='ocrx_word' id='word_1_242' title='bbox 1196 2391 1288 2441; x_wconf 87' lang='lat' dir='ltr'><strong>existi·</strong></span> 
     </span>
     <span class='ocr_line' id='line_1_25' title="bbox 143 2454 1289 2527; baseline 0.003 -19"><span class='ocrx_word' id='word_1_243' title='bbox 143 2454 300 2522; x_wconf 71' lang='grc' dir='ltr'><strong><em>Αἰθίοψι</em></strong></span> <span class='ocrx_word' id='word_1_244' title='bbox 326 2459 446 2523; x_wconf 80' lang='lat' dir='ltr'><strong>Cobet03</strong></span> <span class='ocrx_word' id='word_1_245' title='bbox 474 2478 544 2527; x_wconf 90' lang='lat' dir='ltr'><strong>quae</strong></span> <span class='ocrx_word' id='word_1_246' title='bbox 567 2462 692 2513; x_wconf 91' lang='lat' dir='ltr'><strong>omnibns</strong></span> <span class='ocrx_word' id='word_1_247' title='bbox 743 2463 826 2509; x_wconf 88' lang='lat' dir='ltr'><strong>ment.</strong></span> <span class='ocrx_word' id='word_1_248' title='bbox 851 2458 919 2509; x_wconf 86' lang='lat' dir='ltr'><strong>Mihi</strong></span> <span class='ocrx_word' id='word_1_249' title='bbox 934 2460 961 2508; x_wconf 92' lang='lat' dir='ltr'><strong>iu</strong></span> <span class='ocrx_word' id='word_1_250' title='bbox 974 2458 1050 2510; x_wconf 83' lang='lat' dir='ltr'><strong>bisce</strong></span> <span class='ocrx_word' id='word_1_251' title='bbox 1063 2460 1233 2523; x_wconf 87' lang='lat' dir='ltr'><strong>potissimum</strong></span> <span class='ocrx_word' id='word_1_252' title='bbox 1247 2476 1289 2511; x_wconf 91' lang='lat' dir='ltr'><strong>sa-</strong></span> 
     </span>
     <span class='ocr_line' id='line_1_26' title="bbox 141 2527 1290 2595; baseline 0.002 -16"><span class='ocrx_word' id='word_1_253' title='bbox 141 2529 222 2580; x_wconf 87' lang='lat' dir='ltr'><strong>libris</strong></span> <span class='ocrx_word' id='word_1_254' title='bbox 254 2529 352 2581; x_wconf 88' lang='lat' dir='ltr'><strong>robata</strong></span> <span class='ocrx_word' id='word_1_255' title='bbox 364 2530 473 2582; x_wconf 88' lang='lat' dir='ltr'><strong>retinui.</strong></span> <span class='ocrx_word' id='word_1_256' title='bbox 743 2544 849 2581; x_wconf 88' lang='lat' dir='ltr'><strong>erorum</strong></span> <span class='ocrx_word' id='word_1_257' title='bbox 870 2534 897 2580; x_wconf 89' lang='lat' dir='ltr'><strong>et</strong></span> <span class='ocrx_word' id='word_1_258' title='bbox 914 2528 1053 2595; x_wconf 83' lang='lat' dir='ltr'><strong>religionis</strong></span> <span class='ocrx_word' id='word_1_259' title='bbox 1072 2529 1144 2580; x_wconf 87' lang='lat' dir='ltr'><strong>ratio</strong></span> <span class='ocrx_word' id='word_1_260' title='bbox 1163 2527 1290 2582; x_wconf 86' lang='lat' dir='ltr'><strong>habenda</strong></span> 
     </span>
     <span class='ocr_line' id='line_1_27' title="bbox 179 2589 1289 2667; baseline 0.004 -18"><span class='ocrx_word' id='word_1_261' title='bbox 179 2594 208 2649; x_wconf 80' lang='grc' dir='ltr'><strong>εἰ</strong></span> <span class='ocrx_word' id='word_1_262' title='bbox 235 2611 278 2647; x_wconf 90' lang='grc' dir='ltr'><strong><em>στι</em></strong></span> <span class='ocrx_word' id='word_1_263' title='bbox 292 2589 435 2667; x_wconf 73' lang='grc' dir='ltr'><strong><em>ἀληθέως]</em></strong></span> <span class='ocrx_word' id='word_1_264' title='bbox 456 2602 472 2652; x_wconf 87' lang='lat' dir='ltr'><strong>i.</strong></span> <span class='ocrx_word' id='word_1_265' title='bbox 493 2619 515 2653; x_wconf 88' lang='lat' dir='ltr'><strong>e.</strong></span> <span class='ocrx_word' id='word_1_266' title='bbox 537 2620 570 2653; x_wconf 84' lang='grc' dir='ltr'><strong>αα</strong></span> <span class='ocrx_word' id='word_1_267' title='bbox 587 2620 617 2654; x_wconf 79' lang='lat' dir='ltr'><strong>re</strong></span> <span class='ocrx_word' id='word_1_268' title='bbox 632 2621 692 2655; x_wconf 79' lang='lat' dir='ltr'><strong>nera</strong></span> <span class='ocrx_word' id='word_1_269' title='bbox 743 2601 868 2663; x_wconf 86' lang='lat' dir='ltr'><strong>videtur,</strong></span> <span class='ocrx_word' id='word_1_270' title='bbox 892 2599 1021 2665; x_wconf 88' lang='lat' dir='ltr'><strong>illamque</strong></span> <span class='ocrx_word' id='word_1_271' title='bbox 1046 2600 1231 2652; x_wconf 75' lang='lat' dir='ltr'><strong>narrationem</strong></span> <span class='ocrx_word' id='word_1_272' title='bbox 1254 2603 1289 2654; x_wconf 92' lang='lat' dir='ltr'><strong>ad</strong></span> 
     </span>
     <span class='ocr_line' id='line_1_28' title="bbox 142 2663 1289 2736; baseline 0.003 -17"><span class='ocrx_word' id='word_1_273' title='bbox 142 2674 178 2720; x_wconf 78' lang='lat' dir='ltr'><strong>itu</strong></span> <span class='ocrx_word' id='word_1_274' title='bbox 189 2688 220 2721; x_wconf 81' lang='lat' dir='ltr'><strong>se</strong></span> <span class='ocrx_word' id='word_1_275' title='bbox 230 2669 337 2729; x_wconf 70' lang='lat' dir='ltr'><strong>babeat:</strong></span> <span class='ocrx_word' id='word_1_276' title='bbox 354 2670 401 2720; x_wconf 91' lang='lat' dir='ltr'><strong>ubi</strong></span> <span class='ocrx_word' id='word_1_277' title='bbox 415 2671 497 2722; x_wconf 85' lang='lat' dir='ltr'><strong>verbo</strong></span> <span class='ocrx_word' id='word_1_278' title='bbox 511 2663 584 2722; x_wconf 78' lang='grc' dir='ltr'><strong><em>εἰναι</em></strong></span> <span class='ocrx_word' id='word_1_279' title='bbox 598 2673 693 2724; x_wconf 86' lang='lat' dir='ltr'><strong>adinn-</strong></span> <span class='ocrx_word' id='word_1_280' title='bbox 745 2669 818 2720; x_wconf 85' lang='lat' dir='ltr'><strong>Solis</strong></span> <span class='ocrx_word' id='word_1_281' title='bbox 832 2669 991 2733; x_wconf 87' lang='lat' dir='ltr'><strong>praesertim</strong></span> <span class='ocrx_word' id='word_1_282' title='bbox 1004 2669 1106 2721; x_wconf 86' lang='lat' dir='ltr'><strong>cultum</strong></span> <span class='ocrx_word' id='word_1_283' title='bbox 1119 2669 1242 2736; x_wconf 79' lang='lat' dir='ltr'><strong>adeoque</strong></span> <span class='ocrx_word' id='word_1_284' title='bbox 1252 2671 1289 2723; x_wconf 90' lang='lat' dir='ltr'><strong>le-</strong></span> 
     </span>
     <span class='ocr_line' id='line_1_29' title="bbox 142 2738 1290 2805; baseline 0.002 -16"><span class='ocrx_word' id='word_1_285' title='bbox 142 2745 220 2790; x_wconf 90' lang='lat' dir='ltr'><strong>ctum</strong></span> <span class='ocrx_word' id='word_1_286' title='bbox 236 2743 280 2789; x_wconf 86' lang='lat' dir='ltr'><strong>eat</strong></span> <span class='ocrx_word' id='word_1_287' title='bbox 292 2739 465 2805; x_wconf 82' lang='lat' dir='ltr'><strong>adverbium,</strong></span> <span class='ocrx_word' id='word_1_288' title='bbox 486 2741 519 2791; x_wconf 91' lang='lat' dir='ltr'><strong>de</strong></span> <span class='ocrx_word' id='word_1_289' title='bbox 532 2757 600 2805; x_wconf 89' lang='lat' dir='ltr'><strong>quo,</strong></span> <span class='ocrx_word' id='word_1_290' title='bbox 621 2742 692 2793; x_wconf 88' lang='lat' dir='ltr'><strong>alios</strong></span> <span class='ocrx_word' id='word_1_291' title='bbox 743 2739 888 2790; x_wconf 88' lang='lat' dir='ltr'><strong>ctisternia</strong></span> <span class='ocrx_word' id='word_1_292' title='bbox 898 2738 950 2789; x_wconf 88' lang='lat' dir='ltr'><strong>diis</strong></span> <span class='ocrx_word' id='word_1_293' title='bbox 963 2738 1022 2788; x_wconf 89' lang='lat' dir='ltr'><strong>fieri</strong></span> <span class='ocrx_word' id='word_1_294' title='bbox 1032 2739 1116 2791; x_wconf 90' lang='lat' dir='ltr'><strong>solita</strong></span> <span class='ocrx_word' id='word_1_295' title='bbox 1125 2739 1203 2791; x_wconf 83' lang='lat' dir='ltr'><strong>testis</strong></span> <span class='ocrx_word' id='word_1_296' title='bbox 1214 2757 1290 2804; x_wconf 85' lang='lat' dir='ltr'><strong>prae·</strong></span> 
     </span>
     <span class='ocr_line' id='line_1_30' title="bbox 142 2807 1290 2874; baseline 0.002 -16"><span class='ocrx_word' id='word_1_297' title='bbox 142 2815 174 2858; x_wconf 87' lang='lat' dir='ltr'><strong>nt</strong></span> <span class='ocrx_word' id='word_1_298' title='bbox 197 2814 326 2869; x_wconf 68' lang='lat' dir='ltr'><strong>mecam,</strong></span> <span class='ocrx_word' id='word_1_299' title='bbox 355 2811 460 2862; x_wconf 91' lang='lat' dir='ltr'><strong>monuit</strong></span> <span class='ocrx_word' id='word_1_300' title='bbox 480 2811 631 2862; x_wconf 77' lang='lat' dir='ltr'><strong>Stallbanm</strong></span> <span class='ocrx_word' id='word_1_301' title='bbox 656 2813 691 2863; x_wconf 87' lang='lat' dir='ltr'><strong>od</strong></span> <span class='ocrx_word' id='word_1_302' title='bbox 743 2807 1290 2874; x_wconf 83' lang='lat' dir='ltr'><strong>sertimdiebus,nbimagnuaetmdige·</strong></span> 
     </span>
     <span class='ocr_line' id='line_1_31' title="bbox 142 2875 1290 2947; baseline 0 -19"><span class='ocrx_word' id='word_1_303' title='bbox 142 2878 217 2929; x_wconf 84' lang='lat' dir='ltr'><strong>Plat.</strong></span> <span class='ocrx_word' id='word_1_304' title='bbox 229 2877 383 2943; x_wconf 75' lang='lat' dir='ltr'><strong>Butbyphr.</strong></span> <span class='ocrx_word' id='word_1_305' title='bbox 391 2895 453 2943; x_wconf 82' lang='lat' dir='ltr'><strong>pag.</strong></span> <span class='ocrx_word' id='word_1_306' title='bbox 466 2880 498 2931; x_wconf 87' lang='lat'><strong>10</strong></span> <span class='ocrx_word' id='word_1_307' title='bbox 509 2897 565 2947; x_wconf 88' lang='lat' dir='ltr'><strong>seq.</strong></span> <span class='ocrx_word' id='word_1_308' title='bbox 588 2883 629 2932; x_wconf 85' lang='lat' dir='ltr'><strong>Er</strong></span> <span class='ocrx_word' id='word_1_309' title='bbox 638 2883 693 2933; x_wconf 86' lang='lat' dir='ltr'><strong>Hs·</strong></span> <span class='ocrx_word' id='word_1_310' title='bbox 743 2893 839 2928; x_wconf 89' lang='lat' dir='ltr'><strong>narum</strong></span> <span class='ocrx_word' id='word_1_311' title='bbox 853 2881 881 2927; x_wconf 87' lang='lat' dir='ltr'><strong>et</strong></span> <span class='ocrx_word' id='word_1_312' title='bbox 892 2878 1061 2928; x_wconf 84' lang='lat' dir='ltr'><strong>advenarum</strong></span> <span class='ocrx_word' id='word_1_313' title='bbox 1074 2875 1144 2927; x_wconf 90' lang='lat' dir='ltr'><strong>solet</strong></span> <span class='ocrx_word' id='word_1_314' title='bbox 1155 2893 1216 2930; x_wconf 87' lang='lat' dir='ltr'><strong>esse</strong></span> <span class='ocrx_word' id='word_1_315' title='bbox 1227 2894 1290 2929; x_wconf 87' lang='lat' dir='ltr'><strong>con·</strong></span> 
     </span>
     <span class='ocr_line' id='line_1_32' title="bbox 142 2945 1290 3014; baseline -0.001 -15"><span class='ocrx_word' id='word_1_316' title='bbox 142 2950 243 2999; x_wconf 89' lang='lat' dir='ltr'><strong>rodoto</strong></span> <span class='ocrx_word' id='word_1_317' title='bbox 261 2949 333 2999; x_wconf 88' lang='lat' dir='ltr'><strong>conl.</strong></span> <span class='ocrx_word' id='word_1_318' title='bbox 347 2948 406 3009; x_wconf 89' lang='lat'>111,</span> <span class='ocrx_word' id='word_1_319' title='bbox 423 2949 466 3005; x_wconf 77' lang='lat'><strong>23,</strong></span> <span class='ocrx_word' id='word_1_320' title='bbox 481 2950 533 3014; x_wconf 86' lang='lat' dir='ltr'><strong>lv,</strong></span> <span class='ocrx_word' id='word_1_321' title='bbox 558 2951 615 3002; x_wconf 78' lang='grc'><strong>134.</strong></span> <span class='ocrx_word' id='word_1_322' title='bbox 651 2952 692 3002; x_wconf 80' lang='lat' dir='ltr'><strong>Ad</strong></span> <span class='ocrx_word' id='word_1_323' title='bbox 743 2963 848 3009; x_wconf 87' lang='lat' dir='ltr'><strong>cursus,</strong></span> <span class='ocrx_word' id='word_1_324' title='bbox 861 2948 997 3013; x_wconf 87' lang='lat' dir='ltr'><strong>pertinere</strong></span> <span class='ocrx_word' id='word_1_325' title='bbox 1008 2945 1179 2998; x_wconf 84' lang='lat' dir='ltr'><strong>crediderim.</strong></span> <span class='ocrx_word' id='word_1_326' title='bbox 1210 2947 1290 2999; x_wconf 85' lang='lat' dir='ltr'><strong>Conl.</strong></span> 
     </span>
     <span class='ocr_line' id='line_1_33' title="bbox 142 3008 1290 3085; baseline 0.001 -19"><span class='ocrx_word' id='word_1_327' title='bbox 142 3015 182 3085; x_wconf 74' lang='grc' dir='ltr'><strong><em>τῷ</em></strong></span> <span class='ocrx_word' id='word_1_328' title='bbox 196 3008 270 3084; x_wconf 76' lang='grc' dir='ltr'><strong><em>λόγῳ</em></strong></span> <span class='ocrx_word' id='word_1_329' title='bbox 287 3018 323 3069; x_wconf 82' lang='lat' dir='ltr'><strong>ct.</strong></span> <span class='ocrx_word' id='word_1_330' title='bbox 338 3018 373 3083; x_wconf 82' lang='lat' dir='ltr'><strong>V,</strong></span> <span class='ocrx_word' id='word_1_331' title='bbox 383 3016 426 3069; x_wconf 78' lang='lat'><strong>20.</strong></span> <span class='ocrx_word' id='word_1_332' title='bbox 744 3018 775 3071; x_wconf 82' lang='lat' dir='ltr'><strong>C.</strong></span> <span class='ocrx_word' id='word_1_333' title='bbox 788 3019 834 3069; x_wconf 82' lang='lat' dir='ltr'><strong>Fr.</strong></span> <span class='ocrx_word' id='word_1_334' title='bbox 848 3017 1002 3069; x_wconf 83' lang='lat' dir='ltr'><strong>Hermann:</strong></span> <span class='ocrx_word' id='word_1_335' title='bbox 1025 3015 1233 3068; x_wconf 85' lang='lat' dir='ltr'><strong>Gottesdienstl.</strong></span> <span class='ocrx_word' id='word_1_336' title='bbox 1246 3017 1290 3067; x_wconf 81' lang='lat' dir='ltr'><strong>Al·</strong></span> 
     </span>
     <span class='ocr_line' id='line_1_34' title="bbox 743 3084 1290 3151; baseline 0 -14"><span class='ocrx_word' id='word_1_337' title='bbox 743 3087 870 3138; x_wconf 86' lang='lat' dir='ltr'><strong>terthiim.</strong></span> <span class='ocrx_word' id='word_1_338' title='bbox 885 3090 909 3150; x_wconf 64' lang='lat'><strong>5.</strong></span> <span class='ocrx_word' id='word_1_339' title='bbox 926 3088 966 3141; x_wconf 79' lang='lat'><strong>15.</strong></span> <span class='ocrx_word' id='word_1_340' title='bbox 979 3091 1036 3137; x_wconf 90' lang='lat' dir='ltr'><strong>not.</strong></span> <span class='ocrx_word' id='word_1_341' title='bbox 1052 3086 1083 3137; x_wconf 81' lang='lat' dir='ltr'><strong>ld</strong></span> <span class='ocrx_word' id='word_1_342' title='bbox 1096 3084 1187 3151; x_wconf 88' lang='lat' dir='ltr'><strong>ibique</strong></span> <span class='ocrx_word' id='word_1_343' title='bbox 1197 3086 1290 3137; x_wconf 90' lang='lat' dir='ltr'><strong>laudd.</strong></span> 
     </span>
    </p>

    <p class='ocr_par' dir='ltr' id='par_1_4' title="bbox 325 3138 1290 3221">
     <span class='ocr_line' id='line_1_35' title="bbox 325 3138 1290 3221; baseline -0.003 -13"><span class='ocrx_word' id='word_1_344' title='bbox 325 3138 391 3190; x_wconf 58' lang='grc' dir='ltr'><strong>ΟΠ·</strong></span> <span class='ocrx_word' id='word_1_345' title='bbox 410 3140 515 3191; x_wconf 64' lang='lat' dir='ltr'><strong>XVIII·</strong></span> <span class='ocrx_word' id='word_1_346' title='bbox 743 3160 780 3209; x_wconf 83' lang='lat' dir='ltr'><strong>Et</strong></span> <span class='ocrx_word' id='word_1_347' title='bbox 810 3157 906 3208; x_wconf 89' lang='lat' dir='ltr'><strong>crebro</strong></span> <span class='ocrx_word' id='word_1_348' title='bbox 936 3172 984 3221; x_wconf 85' lang='lat' dir='ltr'><strong>per</strong></span> <span class='ocrx_word' id='word_1_349' title='bbox 1011 3157 1144 3208; x_wconf 85' lang='lat' dir='ltr'><strong>orientem</strong></span> <span class='ocrx_word' id='word_1_350' title='bbox 1172 3156 1290 3207; x_wconf 85' lang='lat' dir='ltr'><strong>inveniri</strong></span> 
     </span>
    </p>

    <p class='ocr_par' dir='ltr' id='par_1_5' title="bbox 141 3213 1292 4547">
     <span class='ocr_line' id='line_1_36' title="bbox 173 3213 1290 3290; baseline 0.006 -19"><span class='ocrx_word' id='word_1_351' title='bbox 173 3213 212 3272; x_wconf 79' lang='lat' dir='ltr'><strong>‘H</strong></span> <span class='ocrx_word' id='word_1_352' title='bbox 231 3215 264 3272; x_wconf 72' lang='lat' dir='ltr'><strong>dl</strong></span> <span class='ocrx_word' id='word_1_353' title='bbox 282 3215 403 3288; x_wconf 73' lang='grc' dir='ltr'><strong><em>τράπεζα</em></strong></span> <span class='ocrx_word' id='word_1_354' title='bbox 424 3224 474 3275; x_wconf 78' lang='grc' dir='ltr'><strong><em>τοῦ</em></strong></span> <span class='ocrx_word' id='word_1_355' title='bbox 493 3215 574 3290; x_wconf 83' lang='grc' dir='ltr'><strong><em>ἡλίου</em></strong></span> <span class='ocrx_word' id='word_1_356' title='bbox 599 3215 692 3290; x_wconf 78' lang='grc' dir='ltr'><strong><em>τοιήδε</em></strong></span> <span class='ocrx_word' id='word_1_357' title='bbox 742 3227 913 3279; x_wconf 84' lang='lat' dir='ltr'><strong>lectisternia</strong></span> <span class='ocrx_word' id='word_1_358' title='bbox 927 3227 1032 3277; x_wconf 91' lang='lat' dir='ltr'><strong>monuit</strong></span> <span class='ocrx_word' id='word_1_359' title='bbox 1045 3226 1144 3278; x_wconf 81' lang='lat' dir='ltr'><strong>Gesen.</strong></span> <span class='ocrx_word' id='word_1_360' title='bbox 1159 3227 1193 3276; x_wconf 89' lang='lat' dir='ltr'><strong>ad</strong></span> <span class='ocrx_word' id='word_1_361' title='bbox 1206 3226 1290 3278; x_wconf 83' lang='lat' dir='ltr'><strong>lessi.</strong></span> 
     </span>
     <span class='ocr_line' id='line_1_37' title="bbox 142 3286 1291 3362; baseline 0.003 -20"><span class='ocrx_word' id='word_1_362' title='bbox 142 3309 186 3352; x_wconf 86' lang='grc' dir='ltr'><strong><em>τις</em></strong></span> <span class='ocrx_word' id='word_1_363' title='bbox 207 3286 314 3356; x_wconf 73' lang='grc' dir='ltr'><strong><em>λέγεται</em></strong></span> <span class='ocrx_word' id='word_1_364' title='bbox 337 3286 421 3359; x_wconf 71' lang='grc' dir='ltr'><strong><em>εἶναι]</em></strong></span> <span class='ocrx_word' id='word_1_365' title='bbox 451 3297 492 3346; x_wconf 88' lang='lat' dir='ltr'><strong>De</strong></span> <span class='ocrx_word' id='word_1_366' title='bbox 511 3311 605 3346; x_wconf 84' lang='lat' dir='ltr'><strong>mensa</strong></span> <span class='ocrx_word' id='word_1_367' title='bbox 626 3294 693 3347; x_wconf 87' lang='lat' dir='ltr'><strong>solis</strong></span> <span class='ocrx_word' id='word_1_368' title='bbox 743 3297 828 3359; x_wconf 85' lang='lat' dir='ltr'>LXV,</span> <span class='ocrx_word' id='word_1_369' title='bbox 843 3297 883 3349; x_wconf 89' lang='lat' dir='ltr'><strong>ll.</strong></span> <span class='ocrx_word' id='word_1_370' title='bbox 897 3312 961 3360; x_wconf 81' lang='lat' dir='ltr'><strong>pag.</strong></span> <span class='ocrx_word' id='word_1_371' title='bbox 976 3297 1036 3357; x_wconf 77' lang='lat'><strong>287,</strong></span> <span class='ocrx_word' id='word_1_372' title='bbox 1054 3297 1100 3362; x_wconf 88' lang='lat' dir='ltr'><strong>qui</strong></span> <span class='ocrx_word' id='word_1_373' title='bbox 1113 3300 1204 3347; x_wconf 89' lang='lat' dir='ltr'><strong>tamen</strong></span> <span class='ocrx_word' id='word_1_374' title='bbox 1219 3296 1291 3347; x_wconf 82' lang='lat' dir='ltr'><strong>Solis</strong></span> 
     </span>
     <span class='ocr_line' id='line_1_38' title="bbox 141 3361 1291 3429; baseline 0.003 -15"><span class='ocrx_word' id='word_1_375' title='bbox 141 3363 214 3414; x_wconf 86' lang='lat' dir='ltr'><strong>baec</strong></span> <span class='ocrx_word' id='word_1_376' title='bbox 223 3364 355 3429; x_wconf 88' lang='lat' dir='ltr'><strong>Pompou.</strong></span> <span class='ocrx_word' id='word_1_377' title='bbox 370 3365 443 3416; x_wconf 85' lang='lat' dir='ltr'><strong>Mela</strong></span> <span class='ocrx_word' id='word_1_378' title='bbox 452 3365 504 3419; x_wconf 81' lang='lat'>111.</span> <span class='ocrx_word' id='word_1_379' title='bbox 515 3366 532 3415; x_wconf 82' lang='lat' dir='ltr'><strong>u</strong></span> <span class='ocrx_word' id='word_1_380' title='bbox 544 3365 606 3416; x_wconf 93' lang='lat' dir='ltr'><strong>init.</strong></span> <span class='ocrx_word' id='word_1_381' title='bbox 620 3361 691 3427; x_wconf 87' lang='lat' dir='ltr'><strong>(coll.</strong></span> <span class='ocrx_word' id='word_1_382' title='bbox 744 3383 865 3419; x_wconf 85' lang='lat' dir='ltr'><strong>mensam</strong></span> <span class='ocrx_word' id='word_1_383' title='bbox 884 3366 918 3416; x_wconf 88' lang='lat' dir='ltr'><strong>ab</strong></span> <span class='ocrx_word' id='word_1_384' title='bbox 937 3367 1077 3418; x_wconf 87' lang='lat' dir='ltr'><strong>Herodoto</strong></span> <span class='ocrx_word' id='word_1_385' title='bbox 1097 3382 1291 3417; x_wconf 86' lang='lat' dir='ltr'><strong>commemora·</strong></span> 
     </span>
     <span class='ocr_line' id='line_1_39' title="bbox 142 3433 1290 3501; baseline 0.003 -18"><span class='ocrx_word' id='word_1_386' title='bbox 142 3433 233 3486; x_wconf 82' lang='lat' dir='ltr'><strong>Solin.</strong></span> <span class='ocrx_word' id='word_1_387' title='bbox 247 3449 308 3498; x_wconf 86' lang='lat' dir='ltr'><strong>cap.</strong></span> <span class='ocrx_word' id='word_1_388' title='bbox 322 3433 382 3499; x_wconf 82' lang='lat'>30):</span> <span class='ocrx_word' id='word_1_389' title='bbox 403 3436 474 3497; x_wconf 83' lang='lat' dir='ltr'><strong>„Est</strong></span> <span class='ocrx_word' id='word_1_390' title='bbox 489 3435 565 3486; x_wconf 86' lang='lat' dir='ltr'><strong>locus</strong></span> <span class='ocrx_word' id='word_1_391' title='bbox 576 3450 693 3500; x_wconf 85' lang='lat' dir='ltr'><strong>appara·</strong></span> <span class='ocrx_word' id='word_1_392' title='bbox 743 3442 799 3487; x_wconf 85' lang='lat' dir='ltr'><strong>tam</strong></span> <span class='ocrx_word' id='word_1_393' title='bbox 815 3437 903 3488; x_wconf 87' lang='lat' dir='ltr'><strong>minus</strong></span> <span class='ocrx_word' id='word_1_394' title='bbox 918 3436 969 3487; x_wconf 88' lang='lat' dir='ltr'><strong>bue</strong></span> <span class='ocrx_word' id='word_1_395' title='bbox 983 3437 1118 3501; x_wconf 87' lang='lat' dir='ltr'><strong>pertinere</strong></span> <span class='ocrx_word' id='word_1_396' title='bbox 1130 3436 1241 3498; x_wconf 81' lang='lat' dir='ltr'><strong>adiicit,</strong></span> <span class='ocrx_word' id='word_1_397' title='bbox 1257 3454 1290 3487; x_wconf 88' lang='lat' dir='ltr'><strong>eo</strong></span> 
     </span>
     <span class='ocr_line' id='line_1_40' title="bbox 142 3502 1291 3571; baseline 0.003 -19"><span class='ocrx_word' id='word_1_398' title='bbox 142 3504 179 3554; x_wconf 88' lang='lat' dir='ltr'><strong>tia</strong></span> <span class='ocrx_word' id='word_1_399' title='bbox 195 3502 285 3567; x_wconf 88' lang='lat' dir='ltr'><strong>epulis</strong></span> <span class='ocrx_word' id='word_1_400' title='bbox 302 3520 408 3569; x_wconf 84' lang='lat' dir='ltr'><strong>semper</strong></span> <span class='ocrx_word' id='word_1_401' title='bbox 424 3505 555 3556; x_wconf 83' lang='lat' dir='ltr'><strong>refertus:</strong></span> <span class='ocrx_word' id='word_1_402' title='bbox 578 3511 604 3555; x_wconf 92' lang='lat' dir='ltr'><strong>et</strong></span> <span class='ocrx_word' id='word_1_403' title='bbox 618 3506 693 3569; x_wconf 82' lang='lat' dir='ltr'><strong>quia,</strong></span> <span class='ocrx_word' id='word_1_404' title='bbox 743 3508 836 3570; x_wconf 86' lang='lat' dir='ltr'><strong>potius</strong></span> <span class='ocrx_word' id='word_1_405' title='bbox 850 3507 1073 3570; x_wconf 86' lang='lat' dir='ltr'><strong>superstitionem</strong></span> <span class='ocrx_word' id='word_1_406' title='bbox 1092 3510 1235 3571; x_wconf 84' lang='lat' dir='ltr'><strong>spectasse</strong></span> <span class='ocrx_word' id='word_1_407' title='bbox 1248 3522 1291 3555; x_wconf 93' lang='lat' dir='ltr'><strong>ra-</strong></span> 
     </span>
     <span class='ocr_line' id='line_1_41' title="bbox 142 3568 1292 3642; baseline 0.003 -20"><span class='ocrx_word' id='word_1_408' title='bbox 142 3577 174 3622; x_wconf 88' lang='lat' dir='ltr'><strong>nt</strong></span> <span class='ocrx_word' id='word_1_409' title='bbox 185 3572 264 3635; x_wconf 79' lang='lat' dir='ltr'><strong>liber,</strong></span> <span class='ocrx_word' id='word_1_410' title='bbox 273 3575 349 3624; x_wconf 80' lang='lat' dir='ltr'><strong>vesei</strong></span> <span class='ocrx_word' id='word_1_411' title='bbox 360 3574 516 3626; x_wconf 84' lang='lat' dir='ltr'><strong>volentibus</strong></span> <span class='ocrx_word' id='word_1_412' title='bbox 526 3574 601 3637; x_wconf 83' lang='lat' dir='ltr'><strong>licet,</strong></span> <span class='ocrx_word' id='word_1_413' title='bbox 612 3568 693 3642; x_wconf 84' lang='grc' dir='ltr'><strong><em>ἡλίου</em></strong></span> <span class='ocrx_word' id='word_1_414' title='bbox 744 3582 798 3639; x_wconf 90' lang='lat' dir='ltr'><strong>tus,</strong></span> <span class='ocrx_word' id='word_1_415' title='bbox 812 3582 842 3627; x_wconf 91' lang='lat' dir='ltr'><strong>ut</strong></span> <span class='ocrx_word' id='word_1_416' title='bbox 855 3575 945 3626; x_wconf 83' lang='lat' dir='ltr'><strong>Solem</strong></span> <span class='ocrx_word' id='word_1_417' title='bbox 956 3574 1014 3626; x_wconf 90' lang='lat' dir='ltr'><strong>illic</strong></span> <span class='ocrx_word' id='word_1_418' title='bbox 1026 3591 1159 3626; x_wconf 86' lang='lat' dir='ltr'><strong>coenasse</strong></span> <span class='ocrx_word' id='word_1_419' title='bbox 1170 3582 1199 3627; x_wconf 92' lang='lat' dir='ltr'><strong>et</strong></span> <span class='ocrx_word' id='word_1_420' title='bbox 1213 3576 1292 3625; x_wconf 85' lang='lat' dir='ltr'><strong>haee·</strong></span> 
     </span>
     <span class='ocr_line' id='line_1_42' title="bbox 143 3633 1292 3710; baseline 0.004 -20"><span class='ocrx_word' id='word_1_421' title='bbox 143 3633 286 3706; x_wconf 75' lang='grc' dir='ltr'><strong><em>τράπεζαν</em></strong></span> <span class='ocrx_word' id='word_1_422' title='bbox 299 3643 452 3708; x_wconf 88' lang='lat' dir='ltr'><strong>appellant;</strong></span> <span class='ocrx_word' id='word_1_423' title='bbox 467 3648 496 3695; x_wconf 90' lang='lat' dir='ltr'><strong>et</strong></span> <span class='ocrx_word' id='word_1_424' title='bbox 509 3659 578 3709; x_wconf 88' lang='lat' dir='ltr'><strong>quae</strong></span> <span class='ocrx_word' id='word_1_425' title='bbox 590 3646 692 3709; x_wconf 87' lang='lat' dir='ltr'><strong>passim</strong></span> <span class='ocrx_word' id='word_1_426' title='bbox 743 3662 775 3697; x_wconf 87' lang='lat' dir='ltr'><strong>cc</strong></span> <span class='ocrx_word' id='word_1_427' title='bbox 795 3645 884 3697; x_wconf 84' lang='lat' dir='ltr'><strong>frusta</strong></span> <span class='ocrx_word' id='word_1_428' title='bbox 906 3645 1049 3710; x_wconf 84' lang='lat' dir='ltr'><strong>reliquisse</strong></span> <span class='ocrx_word' id='word_1_429' title='bbox 1071 3646 1152 3710; x_wconf 84' lang='lat' dir='ltr'><strong>vulgo</strong></span> <span class='ocrx_word' id='word_1_430' title='bbox 1175 3645 1292 3695; x_wconf 90' lang='lat' dir='ltr'><strong>arbitra·</strong></span> 
     </span>
     <span class='ocr_line' id='line_1_43' title="bbox 142 3712 1291 3779; baseline 0.002 -17"><span class='ocrx_word' id='word_1_431' title='bbox 142 3712 357 3778; x_wconf 83' lang='lat' dir='ltr'><strong>appositasnnt,</strong></span> <span class='ocrx_word' id='word_1_432' title='bbox 367 3714 506 3765; x_wconf 87' lang='lat' dir='ltr'><strong>atiirmant</strong></span> <span class='ocrx_word' id='word_1_433' title='bbox 516 3714 621 3766; x_wconf 87' lang='lat' dir='ltr'><strong>innasci</strong></span> <span class='ocrx_word' id='word_1_434' title='bbox 631 3716 693 3766; x_wconf 90' lang='lat' dir='ltr'><strong>sub·</strong></span> <span class='ocrx_word' id='word_1_435' title='bbox 743 3720 847 3766; x_wconf 86' lang='lat' dir='ltr'><strong>rentur.</strong></span> <span class='ocrx_word' id='word_1_436' title='bbox 876 3715 919 3766; x_wconf 92' lang='lat' dir='ltr'><strong>De</strong></span> <span class='ocrx_word' id='word_1_437' title='bbox 931 3714 1108 3767; x_wconf 73' lang='lat' dir='ltr'><strong>lectisterniis</strong></span> <span class='ocrx_word' id='word_1_438' title='bbox 1120 3718 1152 3764; x_wconf 89' lang='lat' dir='ltr'><strong>ut</strong></span> <span class='ocrx_word' id='word_1_439' title='bbox 1163 3715 1291 3779; x_wconf 86' lang='lat' dir='ltr'><strong>cogitem,</strong></span> 
     </span>
     <span class='ocr_line' id='line_1_44' title="bbox 142 3781 1291 3850; baseline 0.003 -19"><span class='ocrx_word' id='word_1_440' title='bbox 142 3782 208 3832; x_wconf 88' lang='lat' dir='ltr'><strong>inde</strong></span> <span class='ocrx_word' id='word_1_441' title='bbox 224 3781 389 3834; x_wconf 80' lang='lat' dir='ltr'><strong>divinitus“.</strong></span> <span class='ocrx_word' id='word_1_442' title='bbox 417 3783 458 3834; x_wconf 84' lang='lat' dir='ltr'><strong>Ad</strong></span> <span class='ocrx_word' id='word_1_443' title='bbox 471 3784 593 3841; x_wconf 78' lang='lat' dir='ltr'><strong>tabulas.</strong></span> <span class='ocrx_word' id='word_1_444' title='bbox 612 3789 643 3836; x_wconf 93' lang='lat' dir='ltr'><strong>ut</strong></span> <span class='ocrx_word' id='word_1_445' title='bbox 654 3786 694 3835; x_wconf 86' lang='lat' dir='ltr'><strong>vi·</strong></span> <span class='ocrx_word' id='word_1_446' title='bbox 743 3786 813 3835; x_wconf 83' lang='lat' dir='ltr'><strong>tacit</strong></span> <span class='ocrx_word' id='word_1_447' title='bbox 827 3800 933 3850; x_wconf 88' lang='lat' dir='ltr'><strong>quoque</strong></span> <span class='ocrx_word' id='word_1_448' title='bbox 951 3800 1030 3835; x_wconf 84' lang='lat' dir='ltr'><strong>sacra</strong></span> <span class='ocrx_word' id='word_1_449' title='bbox 1049 3800 1150 3847; x_wconf 82' lang='lat' dir='ltr'><strong>coena,</strong></span> <span class='ocrx_word' id='word_1_450' title='bbox 1169 3799 1249 3849; x_wconf 89' lang='lat' dir='ltr'><strong>quam</strong></span> <span class='ocrx_word' id='word_1_451' title='bbox 1264 3784 1291 3835; x_wconf 88' lang='lat' dir='ltr'><strong>in</strong></span> 
     </span>
     <span class='ocr_line' id='line_1_45' title="bbox 142 3852 1292 3919; baseline 0.002 -17"><span class='ocrx_word' id='word_1_452' title='bbox 142 3852 233 3913; x_wconf 81' lang='lat' dir='ltr'><strong>detur,</strong></span> <span class='ocrx_word' id='word_1_453' title='bbox 243 3852 300 3902; x_wconf 83' lang='lat' dir='ltr'><strong>ista</strong></span> <span class='ocrx_word' id='word_1_454' title='bbox 308 3853 394 3905; x_wconf 83' lang='lat' dir='ltr'><strong>refert</strong></span> <span class='ocrx_word' id='word_1_455' title='bbox 402 3855 579 3915; x_wconf 85' lang='lat' dir='ltr'><strong>Pausan.V1‚</strong></span> <span class='ocrx_word' id='word_1_456' title='bbox 587 3855 629 3905; x_wconf 79' lang='lat'><strong>26.</strong></span> <span class='ocrx_word' id='word_1_457' title='bbox 641 3859 665 3918; x_wconf 70' lang='grc' dir='ltr'><strong>θ.</strong></span> <span class='ocrx_word' id='word_1_458' title='bbox 679 3857 690 3906; x_wconf 96' lang='lat' dir='ltr'><strong>l</strong></span> <span class='ocrx_word' id='word_1_459' title='bbox 743 3855 820 3907; x_wconf 83' lang='lat' dir='ltr'><strong>Iovis</strong></span> <span class='ocrx_word' id='word_1_460' title='bbox 834 3854 970 3905; x_wconf 77' lang='lat' dir='ltr'><strong>Ammonii</strong></span> <span class='ocrx_word' id='word_1_461' title='bbox 989 3853 1089 3919; x_wconf 87' lang='lat' dir='ltr'><strong>templo</strong></span> <span class='ocrx_word' id='word_1_462' title='bbox 1104 3858 1292 3918; x_wconf 86' lang='lat' dir='ltr'><strong>repraesenta·</strong></span> 
     </span>
     <span class='ocr_line' id='line_1_46' title="bbox 143 3920 1290 3987; baseline 0.003 -17"><span class='ocrx_word' id='word_1_463' title='bbox 143 3920 219 3979; x_wconf 82' lang='lat' dir='ltr'><strong>(coll.</strong></span> <span class='ocrx_word' id='word_1_464' title='bbox 233 3922 264 3980; x_wconf 87' lang='lat'><strong>1,</strong></span> <span class='ocrx_word' id='word_1_465' title='bbox 276 3920 320 3972; x_wconf 71' lang='lat'><strong>3³.</strong></span> <span class='ocrx_word' id='word_1_466' title='bbox 335 3926 359 3986; x_wconf 64' lang='lat'><strong>5,</strong></span> <span class='ocrx_word' id='word_1_467' title='bbox 376 3921 420 3987; x_wconf 82' lang='lat'><strong>4),</strong></span> <span class='ocrx_word' id='word_1_468' title='bbox 442 3923 487 3974; x_wconf 91' lang='lat' dir='ltr'><strong>nbi</strong></span> <span class='ocrx_word' id='word_1_469' title='bbox 500 3925 573 3977; x_wconf 86' lang='lat' dir='ltr'><strong>coni.</strong></span> <span class='ocrx_word' id='word_1_470' title='bbox 585 3924 692 3975; x_wconf 83' lang='lat' dir='ltr'><strong>Kuelrn.</strong></span> <span class='ocrx_word' id='word_1_471' title='bbox 744 3923 1009 3975; x_wconf 67' lang='lat' dir='ltr'><strong>ranimirum.</strong></span> <span class='ocrx_word' id='word_1_472' title='bbox 1020 3921 1204 3979; x_wconf 73' lang='lat' dir='ltr'><strong>deMinntoli3</strong></span> <span class='ocrx_word' id='word_1_473' title='bbox 1218 3925 1290 3974; x_wconf 87' lang='lat' dir='ltr'><strong>conf.</strong></span> 
     </span>
     <span class='ocr_line' id='line_1_47' title="bbox 142 3992 1292 4058; baseline 0.002 -17"><span class='ocrx_word' id='word_1_474' title='bbox 142 3996 171 4041; x_wconf 84' lang='lat' dir='ltr'><strong>et</strong></span> <span class='ocrx_word' id='word_1_475' title='bbox 189 4006 271 4055; x_wconf 88' lang='lat' dir='ltr'><strong>quem</strong></span> <span class='ocrx_word' id='word_1_476' title='bbox 283 3992 449 4058; x_wconf 86' lang='lat' dir='ltr'><strong>Wesseling.</strong></span> <span class='ocrx_word' id='word_1_477' title='bbox 466 3992 576 4056; x_wconf 88' lang='lat' dir='ltr'><strong>laudat,</strong></span> <span class='ocrx_word' id='word_1_478' title='bbox 595 3994 692 4045; x_wconf 85' lang='lat' dir='ltr'><strong>Libnn.</strong></span> <span class='ocrx_word' id='word_1_479' title='bbox 744 3996 804 4046; x_wconf 86' lang='lat' dir='ltr'><strong>eius</strong></span> <span class='ocrx_word' id='word_1_480' title='bbox 817 3995 907 4045; x_wconf 84' lang='lat' dir='ltr'><strong>itiner.</strong></span> <span class='ocrx_word' id='word_1_481' title='bbox 920 4009 983 4058; x_wconf 82' lang='lat' dir='ltr'><strong>pag.</strong></span> <span class='ocrx_word' id='word_1_482' title='bbox 998 3994 1046 4045; x_wconf 82' lang='grc'>1111</span> <span class='ocrx_word' id='word_1_483' title='bbox 1058 3997 1087 4044; x_wconf 89' lang='lat' dir='ltr'><strong>et</strong></span> <span class='ocrx_word' id='word_1_484' title='bbox 1097 3992 1155 4045; x_wconf 89' lang='lat' dir='ltr'><strong>tab.</strong></span> <span class='ocrx_word' id='word_1_485' title='bbox 1167 3993 1247 4043; x_wconf 84' lang='lat' dir='ltr'><strong>VIII.</strong></span> <span class='ocrx_word' id='word_1_486' title='bbox 1264 3997 1292 4045; x_wconf 90' lang='lat' dir='ltr'><strong>et</strong></span> 
     </span>
     <span class='ocr_line' id='line_1_48' title="bbox 143 4061 1292 4128; baseline 0.002 -17"><span class='ocrx_word' id='word_1_487' title='bbox 143 4061 223 4111; x_wconf 84' lang='lat' dir='ltr'><strong>Orat.</strong></span> <span class='ocrx_word' id='word_1_488' title='bbox 238 4061 367 4114; x_wconf 80' lang='lat' dir='ltr'><strong>Antioeh.</strong></span> <span class='ocrx_word' id='word_1_489' title='bbox 384 4064 423 4113; x_wconf 90' lang='grc' dir='ltr'><strong>ΙΙ.</strong></span> <span class='ocrx_word' id='word_1_490' title='bbox 445 4080 471 4128; x_wconf 93' lang='lat' dir='ltr'><strong>p.</strong></span> <span class='ocrx_word' id='word_1_491' title='bbox 490 4062 551 4115; x_wconf 75' lang='lat'><strong>385.</strong></span> <span class='ocrx_word' id='word_1_492' title='bbox 585 4063 614 4113; x_wconf 90' lang='lat' dir='ltr'><strong>Si</strong></span> <span class='ocrx_word' id='word_1_493' title='bbox 627 4080 692 4115; x_wconf 82' lang='lat' dir='ltr'><strong>vero</strong></span> <span class='ocrx_word' id='word_1_494' title='bbox 743 4066 799 4115; x_wconf 82' lang='lat' dir='ltr'><strong>vid.</strong></span> <span class='ocrx_word' id='word_1_495' title='bbox 821 4065 885 4115; x_wconf 77' lang='lat' dir='ltr'><strong>(lar.</strong></span> <span class='ocrx_word' id='word_1_496' title='bbox 902 4062 1007 4114; x_wconf 87' lang='lat' dir='ltr'><strong>Baebr:</strong></span> <span class='ocrx_word' id='word_1_497' title='bbox 1031 4062 1174 4128; x_wconf 82' lang='lat' dir='ltr'><strong>Symbolilr</strong></span> <span class='ocrx_word' id='word_1_498' title='bbox 1190 4063 1216 4113; x_wconf 89' lang='lat' dir='ltr'><strong>d.</strong></span> <span class='ocrx_word' id='word_1_499' title='bbox 1236 4080 1292 4113; x_wconf 89' lang='lat' dir='ltr'><strong>mo-</strong></span> 
     </span>
     <span class='ocr_line' id='line_1_49' title="bbox 142 4132 1292 4198; baseline 0.003 -17"><span class='ocrx_word' id='word_1_500' title='bbox 142 4146 278 4196; x_wconf 86' lang='lat' dir='ltr'><strong>quasraa.</strong></span> <span class='ocrx_word' id='word_1_501' title='bbox 305 4132 370 4196; x_wconf 91' lang='lat' dir='ltr'><strong>quid</strong></span> <span class='ocrx_word' id='word_1_502' title='bbox 392 4133 451 4182; x_wconf 87' lang='lat' dir='ltr'><strong>veri</strong></span> <span class='ocrx_word' id='word_1_503' title='bbox 468 4132 556 4184; x_wconf 87' lang='lat' dir='ltr'><strong>lateat</strong></span> <span class='ocrx_word' id='word_1_504' title='bbox 573 4132 623 4182; x_wconf 91' lang='lat' dir='ltr'><strong>sub</strong></span> <span class='ocrx_word' id='word_1_505' title='bbox 642 4133 694 4183; x_wconf 84' lang='lat' dir='ltr'><strong>bac</strong></span> <span class='ocrx_word' id='word_1_506' title='bbox 744 4134 845 4185; x_wconf 88' lang='lat' dir='ltr'><strong>saiseb.</strong></span> <span class='ocrx_word' id='word_1_507' title='bbox 866 4132 961 4185; x_wconf 85' lang='lat' dir='ltr'><strong>Cultus</strong></span> <span class='ocrx_word' id='word_1_508' title='bbox 979 4133 1002 4185; x_wconf 91' lang='lat'><strong>1.</strong></span> <span class='ocrx_word' id='word_1_509' title='bbox 1021 4150 1048 4198; x_wconf 90' lang='lat' dir='ltr'><strong>p.</strong></span> <span class='ocrx_word' id='word_1_510' title='bbox 1067 4132 1128 4187; x_wconf 82' lang='lat'><strong>438.</strong></span> <span class='ocrx_word' id='word_1_511' title='bbox 1166 4133 1238 4195; x_wconf 78' lang='lat' dir='ltr'><strong>Quin</strong></span> <span class='ocrx_word' id='word_1_512' title='bbox 1256 4135 1292 4184; x_wconf 92' lang='lat' dir='ltr'><strong>ad</strong></span> 
     </span>
     <span class='ocr_line' id='line_1_50' title="bbox 143 4200 1291 4269; baseline 0.003 -19"><span class='ocrx_word' id='word_1_513' title='bbox 143 4200 320 4261; x_wconf 82' lang='lat' dir='ltr'><strong>narratione,</strong></span> <span class='ocrx_word' id='word_1_514' title='bbox 335 4204 432 4265; x_wconf 88' lang='lat' dir='ltr'><strong>paucis</strong></span> <span class='ocrx_word' id='word_1_515' title='bbox 445 4202 485 4253; x_wconf 93' lang='lat' dir='ltr'><strong>ita</strong></span> <span class='ocrx_word' id='word_1_516' title='bbox 499 4202 658 4266; x_wconf 84' lang='lat' dir='ltr'><strong>defungitur</strong></span> <span class='ocrx_word' id='word_1_517' title='bbox 670 4204 698 4253; x_wconf 57' lang='grc' dir='ltr'><strong>Ι(</strong></span> <span class='ocrx_word' id='word_1_518' title='bbox 744 4205 821 4269; x_wconf 86' lang='lat' dir='ltr'><strong>ipsos</strong></span> <span class='ocrx_word' id='word_1_519' title='bbox 833 4204 952 4255; x_wconf 82' lang='lat' dir='ltr'><strong>Graecos</strong></span> <span class='ocrx_word' id='word_1_520' title='bbox 965 4202 1035 4253; x_wconf 85' lang='lat' dir='ltr'><strong>talia</strong></span> <span class='ocrx_word' id='word_1_521' title='bbox 1047 4218 1188 4263; x_wconf 86' lang='lat' dir='ltr'><strong>manasse,</strong></span> <span class='ocrx_word' id='word_1_522' title='bbox 1209 4204 1291 4256; x_wconf 88' lang='lat' dir='ltr'><strong>docu-</strong></span> 
     </span>
     <span class='ocr_line' id='line_1_51' title="bbox 143 4269 1291 4339; baseline 0.004 -20"><span class='ocrx_word' id='word_1_523' title='bbox 143 4271 223 4321; x_wconf 86' lang='lat' dir='ltr'><strong>Voas.</strong></span> <span class='ocrx_word' id='word_1_524' title='bbox 239 4269 275 4319; x_wconf 89' lang='lat' dir='ltr'><strong>ad</strong></span> <span class='ocrx_word' id='word_1_525' title='bbox 286 4270 350 4321; x_wconf 83' lang='lat' dir='ltr'><strong>blei.</strong></span> <span class='ocrx_word' id='word_1_526' title='bbox 363 4270 381 4320; x_wconf 87' lang='lat' dir='ltr'><strong>l.</strong></span> <span class='ocrx_word' id='word_1_527' title='bbox 391 4270 425 4322; x_wconf 85' lang='lat' dir='ltr'><strong>l.:</strong></span> <span class='ocrx_word' id='word_1_528' title='bbox 446 4272 531 4337; x_wconf 87' lang='lat' dir='ltr'><strong>„qnia</strong></span> <span class='ocrx_word' id='word_1_529' title='bbox 544 4273 693 4323; x_wconf 87' lang='lat' dir='ltr'><strong>communis</strong></span> <span class='ocrx_word' id='word_1_530' title='bbox 743 4278 835 4325; x_wconf 87' lang='lat' dir='ltr'><strong>mento</strong></span> <span class='ocrx_word' id='word_1_531' title='bbox 854 4278 896 4324; x_wconf 87' lang='lat' dir='ltr'><strong>est</strong></span> <span class='ocrx_word' id='word_1_532' title='bbox 909 4273 1033 4338; x_wconf 89' lang='lat' dir='ltr'><strong>Iuppiter</strong></span> <span class='ocrx_word' id='word_1_533' title='bbox 1044 4273 1104 4334; x_wconf 89' lang='lat' dir='ltr'><strong>ille,</strong></span> <span class='ocrx_word' id='word_1_534' title='bbox 1127 4276 1175 4339; x_wconf 91' lang='lat' dir='ltr'><strong>qui</strong></span> <span class='ocrx_word' id='word_1_535' title='bbox 1192 4274 1226 4323; x_wconf 91' lang='lat' dir='ltr'><strong>sd</strong></span> <span class='ocrx_word' id='word_1_536' title='bbox 1240 4276 1291 4324; x_wconf 77' lang='lat' dir='ltr'><strong>Ae·</strong></span> 
     </span>
     <span class='ocr_line' id='line_1_52' title="bbox 143 4339 1289 4408; baseline 0.003 -17"><span class='ocrx_word' id='word_1_537' title='bbox 143 4345 216 4391; x_wconf 86' lang='lat' dir='ltr'><strong>esset</strong></span> <span class='ocrx_word' id='word_1_538' title='bbox 229 4339 358 4390; x_wconf 83' lang='lat' dir='ltr'><strong>omnibns</strong></span> <span class='ocrx_word' id='word_1_539' title='bbox 370 4340 438 4391; x_wconf 86' lang='lat' dir='ltr'><strong>haee</strong></span> <span class='ocrx_word' id='word_1_540' title='bbox 451 4357 560 4404; x_wconf 82' lang='lat' dir='ltr'><strong>mensa,</strong></span> <span class='ocrx_word' id='word_1_541' title='bbox 577 4342 638 4392; x_wconf 88' lang='lat' dir='ltr'><strong>ideo</strong></span> <span class='ocrx_word' id='word_1_542' title='bbox 651 4358 694 4391; x_wconf 81' lang='lat' dir='ltr'><strong>ao·</strong></span> <span class='ocrx_word' id='word_1_543' title='bbox 744 4344 853 4408; x_wconf 89' lang='lat' dir='ltr'><strong>thiopss</strong></span> <span class='ocrx_word' id='word_1_544' title='bbox 874 4343 934 4408; x_wconf 94' lang='lat' dir='ltr'><strong>pios</strong></span> <span class='ocrx_word' id='word_1_545' title='bbox 959 4359 988 4394; x_wconf 91' lang='lat' dir='ltr'><strong>se</strong></span> <span class='ocrx_word' id='word_1_546' title='bbox 1008 4343 1116 4394; x_wconf 80' lang='lat' dir='ltr'><strong>confert</strong></span> <span class='ocrx_word' id='word_1_547' title='bbox 1132 4348 1289 4394; x_wconf 86' lang='lat' dir='ltr'><strong>coenatum.</strong></span> 
     </span>
     <span class='ocr_line' id='line_1_53' title="bbox 142 4408 1289 4478; baseline 0 -19"><span class='ocrx_word' id='word_1_548' title='bbox 142 4409 175 4459; x_wconf 83' lang='lat' dir='ltr'><strong>lis</strong></span> <span class='ocrx_word' id='word_1_549' title='bbox 186 4408 391 4473; x_wconf 75' lang='lat' dir='ltr'><strong>appellabatur.</strong></span> <span class='ocrx_word' id='word_1_550' title='bbox 424 4410 469 4461; x_wconf 83' lang='lat' dir='ltr'><strong>Sol</strong></span> <span class='ocrx_word' id='word_1_551' title='bbox 482 4411 553 4461; x_wconf 87' lang='lat' dir='ltr'><strong>eninr</strong></span> <span class='ocrx_word' id='word_1_552' title='bbox 567 4411 693 4461; x_wconf 90' lang='lat' dir='ltr'><strong>omnibns</strong></span> <span class='ocrx_word' id='word_1_553' title='bbox 742 4415 786 4464; x_wconf 89' lang='lat' dir='ltr'><strong>Da</strong></span> <span class='ocrx_word' id='word_1_554' title='bbox 804 4429 857 4478; x_wconf 89' lang='lat' dir='ltr'><strong>quo</strong></span> <span class='ocrx_word' id='word_1_555' title='bbox 870 4414 997 4464; x_wconf 81' lang='lat' dir='ltr'><strong>Orsuaer.</strong></span> <span class='ocrx_word' id='word_1_556' title='bbox 1019 4414 1048 4463; x_wconf 92' lang='lat' dir='ltr'><strong>in</strong></span> <span class='ocrx_word' id='word_1_557' title='bbox 1062 4412 1181 4477; x_wconf 80' lang='lat' dir='ltr'><strong>Symbol.</strong></span> <span class='ocrx_word' id='word_1_558' title='bbox 1199 4413 1245 4462; x_wconf 79' lang='lat' dir='ltr'><strong>lv.</strong></span> <span class='ocrx_word' id='word_1_559' title='bbox 1263 4427 1289 4474; x_wconf 87' lang='lat' dir='ltr'><strong>p.</strong></span> 
     </span>
     <span class='ocr_line' id='line_1_54' title="bbox 141 4477 1291 4547; baseline 0.002 -19"><span class='ocrx_word' id='word_1_560' title='bbox 141 4478 247 4547; x_wconf 47' lang='lat' dir='ltr'><strong>lucetst‘</strong></span> <span class='ocrx_word' id='word_1_561' title='bbox 274 4477 366 4529; x_wconf 76' lang='lat' dir='ltr'><strong>Altius</strong></span> <span class='ocrx_word' id='word_1_562' title='bbox 379 4479 451 4532; x_wconf 88' lang='lat' dir='ltr'><strong>banc</strong></span> <span class='ocrx_word' id='word_1_563' title='bbox 466 4481 494 4530; x_wconf 92' lang='lat' dir='ltr'><strong>in</strong></span> <span class='ocrx_word' id='word_1_564' title='bbox 510 4497 566 4532; x_wconf 89' lang='lat' dir='ltr'><strong>rem</strong></span> <span class='ocrx_word' id='word_1_565' title='bbox 579 4480 694 4547; x_wconf 85' lang='lat' dir='ltr'><strong>inquirit</strong></span> <span class='ocrx_word' id='word_1_566' title='bbox 742 4483 794 4534; x_wconf 82' lang='lat'><strong>352</strong></span> <span class='ocrx_word' id='word_1_567' title='bbox 813 4483 855 4535; x_wconf 89' lang='lat' dir='ltr'><strong>ed.</strong></span> <span class='ocrx_word' id='word_1_568' title='bbox 872 4487 937 4534; x_wconf 89' lang='lat' dir='ltr'><strong>tert.</strong></span> <span class='ocrx_word' id='word_1_569' title='bbox 971 4484 1012 4533; x_wconf 86' lang='lat' dir='ltr'><strong>De</strong></span> <span class='ocrx_word' id='word_1_570' title='bbox 1028 4480 1207 4534; x_wconf 82' lang='lat' dir='ltr'><strong>lectisterniis</strong></span> <span class='ocrx_word' id='word_1_571' title='bbox 1225 4495 1291 4544; x_wconf 88' lang='lat' dir='ltr'><strong>quo-</strong></span> 
     </span>
    </p>
   </div>
   <div class='ocr_carea' id='block_1_4' title="bbox 0 0 1529 5125">
    <p class='ocr_par' dir='ltr' id='par_1_6' title="bbox 0 0 1529 5125">
     <span class='ocr_line' id='line_1_55' title="bbox 0 0 1529 5125; baseline 0 0"><span class='ocrx_word' id='word_1_572' title='bbox 0 0 1529 5125; x_wconf 95' lang='lat' dir='ltr'><strong> </strong></span> 
     </span>
    </p>
   </div>
  </div>
 </body>
</html>
