3042 5125
280 394 343 456 700
676 393 944 456 EXCURSUS
966 395 1030 457 VH

279 585 382 655 Lysias
397 583 500 655 aliique
515 582 725 636 Atheniensium
736 583 814 636 amici
830 583 874 636 rel
891 583 1059 637 eiicerentur
1068 582 1114 637 vel
1127 583 1317 651 discederent,
1327 585 1407 639 Hero

280 673 387 737 dotum,
402 686 483 740 quem
498 674 575 721 tanto
587 667 710 721 Athenas
725 669 818 721 studio
833 668 1000 739 complexum
1015 686 1078 722 esse
1094 670 1231 737 sciamus,
1245 668 1300 722 illie
1314 688 1407 725 reman-

280 756 374 810 sisse?
390 786 425 795 -
436 754 568 819 Magnum
578 753 688 805 facinus
705 753 869 822 aggredior3
886 754 936 807 sed
955 754 1020 807 vide
1030 772 1065 807 ne
1081 754 1142 823 ipse
1155 753 1204 805 illa
1219 754 1304 821 Anyti
1317 756 1408 809 mentio

280 841 354 912 apud
368 839 544 892 Plutarchum
555 856 606 890 nos
622 846 715 906 coget,
733 848 764 891 ut
775 848 839 909 post
853 838 927 891 illum
939 856 1040 892 ennam
1054 842 1106 892 412
1124 838 1243 891 Athenis
1260 840 1346 892 tuisse
1360 841 1408 894 He

281 925 407 980 rodotum
429 916 523 994 ibique
539 940 609 993 opus
624 940 719 990 suum,
737 923 812 992 quod
827 930 883 977 tum
899 925 951 976 iam
966 923 1121 977 absolutum
1135 942 1200 976 esse
1225 925 1333 992 potuit,
1350 926 1409 978 reci-

280 1018 357 1064 tasse
372 1016 540 1075 statuemus3
555 1014 586 1060 ut
600 1012 717 1074 taceam,
736 1025 783 1075 ee,
796 1024 867 1078 quae
884 1009 938 1077 lX,
959 1012 993 1063 73
1009 1008 1043 1061 de
1057 1008 1175 1061 Deeelea
1190 1008 1321 1078 scripsit,
1338 1027 1410 1080 quum

281 1102 356 1150 recte
371 1113 387 1148 a
403 1094 470 1147 viris
487 1094 574 1146 doctis
592 1093 626 1145 ed
641 1093 703 1147 illos
718 1094 797 1163 ipsos
814 1109 903 1146 annos
918 1093 1005 1147 relata
1016 1093 1088 1161 sint,
1102 1093 1188 1146 multo
1206 1093 1317 1146 facilius
1334 1095 1409 1148 oeulis

280 1179 354 1234 illum
371 1196 452 1250 quam
468 1178 583 1231 entibus
598 1179 741 1247 percipere
758 1177 894 1247 potuisse.
925 1179 1001 1242 Quin
1019 1177 1065 1230 ille
1083 1195 1196 1249 quoque
1213 1195 1321 1246 rumor,
1340 1180 1409 1231 cuius

243 1294 246 1297 ·
282 1265 355 1336 apud
370 1264 482 1316 Suidem
495 1267 534 1334 (s.
550 1281 578 1315 r.
589 1256 754 1332 Ἡρόδοτος,
770 1262 849 1315 Tum.
866 1261 903 1315 11.
921 1281 984 1333 pag.
1000 1266 1034 1317 76
1053 1262 1151 1330 Kust.)
1170 1263 1301 1316 memoria
1316 1270 1397 1317 exstat

281 1346 352 1411 stole
366 1344 397 1402 dl
412 1342 442 1402 ἐν
458 1346 547 1418 Πέλλῃ
562 1340 652 1402 αὐτὸν
665 1349 825 1417 τελευτῆσαι
839 1351 941 1418 φασίν,
958 1348 1039 1400 nimis
1053 1346 1100 1400 ille
1116 1348 1235 1416 indigne
1252 1365 1268 1399 a
1282 1348 1410 1418 plerisque

282 1440 410 1505 spretus,
431 1432 549 1502 aliquam
571 1441 661 1499 certe,
685 1450 741 1485 non
759 1432 845 1484 dicam
867 1433 1114 1499 confirmationem,
1138 1433 1191 1486 sed
1216 1432 1409 1503 explicationem

281 1520 346 1595 indp
358 1518 542 1584 nanciscitur,
565 1517 610 1569 ubi
628 1518 798 1570 Herodotum
816 1519 869 1570 sub
884 1518 966 1571 linem
986 1517 1050 1570 belli
1063 1516 1297 1588 Peloponnesiqci
1320 1536 1370 1570 nou
1386 1518 1409 1569 in

281 1603 370 1672 ltalia,
386 1603 436 1655 sed
449 1603 478 1655 in
491 1601 609 1656 Graecia
623 1602 684 1672 ipse
700 1608 854 1655 versantem
867 1603 1034 1671 cogitemus3
1050 1606 1144 1655 notum
1159 1602 1235 1655 enim
1251 1610 1302 1671 est,
1318 1609 1409 1672 quanto

281 1698 339 1743 tum
359 1687 452 1740 studio
473 1687 639 1755 Archelaus,
669 1687 847 1741 Macedoniae
873 1705 937 1755 rer,
966 1686 1100 1758 quidquid
1120 1687 1267 1740 doctorum
1288 1688 1409 1739 hominum

282 1775 405 1827 Athenae
421 1773 567 1839 haberent,
589 1773 623 1825 ed
643 1791 673 1825 se
690 1771 866 1838 invitarerit3
887 1778 915 1825 et
928 1772 1088 1842 Euripidem
1107 1772 1220 1840 quidem
1235 1782 1366 1824 momorum
1378 1771 1409 1823 ibi

282 1866 391 1912 constat
406 1864 435 1911 et
448 1857 593 1925 sepultum,
610 1858 724 1910 Athenis
741 1858 942 1925 cenotaphium
956 1864 1061 1909 tantum
1079 1856 1139 1909 eius
1154 1856 1281 1924 exstitit,
1297 1857 1408 1909 Herode

281 1953 338 1999 tum
352 1950 441 1996 tamen
460 1960 514 1995 non
530 1942 555 1994 is
566 1942 616 1995 sim
631 1944 770 2013 equidem,
787 1942 834 2012 qui
849 1949 946 1995 contre
961 1942 1069 2012 potiore
1084 1942 1245 1995 testimonie
1260 1942 1330 2011 ipsis
1343 1942 1407 1994 Thu-

281 2031 331 2084 riis
347 2029 416 2081 diem
432 2028 535 2080 obiisse
550 2045 661 2096 negem,
677 2044 732 2097 quo
746 2027 793 2080 ille
808 2044 875 2097 pace
889 2028 962 2081 inter
976 2027 1211 2080 Lacedaemonios
1229 2035 1258 2080 et
1272 2026 1408 2079 Athenien-

281 2134 328 2169 ses
343 2116 416 2167 fecta
431 2113 510 2166 facile
526 2112 616 2166 redire
628 2113 728 2183 potuit.
759 2112 815 2165 Sed
829 2113 879 2166 hee
895 2113 1004 2182 quidem
1015 2111 1248 2165 hallucinationes
1263 2118 1343 2177 sunt;
1358 2110 1407 2181 qui-

281 2198 334 2254 bus
350 2206 438 2251 tamen
454 2197 565 2252 reiectis
582 2197 649 2251 illud
664 2197 937 2265 constare.erbitror‚
951 2214 998 2251 eas
1015 2197 1108 2267 operis
1124 2202 1230 2266 partes,
1248 2214 1319 2267 quse
1332 2197 1407 2248 Grae·

281 2287 339 2338 ciue
355 2302 401 2337 res
418 2283 680 2354 Atheniensiumque
696 2282 791 2337 laudes
806 2283 964 2351 continent,
981 2282 1072 2335 serius
1084 2298 1164 2352 quam
1179 2281 1267 2350 vulgo
1283 2281 1407 2345 credatur,
1450 2328 1452 2332 ,

281 2378 309 2424 et
330 2368 495 2438 compositas
518 2369 553 2419 ab
574 2367 620 2420 illo
639 2374 668 2422 et
689 2369 819 2421 recitatas
834 2368 950 2420 Athenis
968 2385 1046 2433 esse3
1069 2367 1176 2436 priores
1192 2366 1295 2434 libros,
1317 2366 1406 2435 quibus

280 2455 409 2507 itinerum
429 2469 543 2505 suorum
557 2453 709 2507 memoriam
721 2460 931 2524 exterarumque
947 2452 1088 2505 nationum
1104 2469 1196 2504 mores
1211 2458 1297 2521 atque
1310 2469 1353 2504 res
1365 2467 1405 2517 ge-

281 2546 340 2594 stes
361 2537 551 2607 consignarit,
575 2538 681 2592 minime
703 2538 864 2609 repugnabo
885 2537 910 2590 si
932 2537 1010 2609 quis,
1033 2536 1154 2590 collectis
1179 2537 1321 2604 omnibus,
1346 2552 1406 2606 quae

281 2626 341 2681 reri
355 2623 452 2677 similia
464 2641 526 2676 esse
541 2641 627 2693 supra
642 2624 779 2692 indicavi,
795 2625 848 2677 iam
862 2630 927 2677 ente
942 2623 1111 2676 Thuriorum
1125 2622 1261 2676 coloniam
1275 2622 1406 2674 deductam

282 2719 310 2764 et
326 2710 446 2781 scriptos
468 2713 496 2761 et
516 2727 567 2779 per
587 2709 765 2762 recitationes
787 2708 903 2762 Graecis
925 2707 1082 2761 innotuisse
1102 2708 1262 2776 censuerit,
1282 2707 1406 2759 modone

280 2796 406 2862 eandem,
428 2811 483 2865 qua
500 2810 573 2846 nunc
588 2793 732 2862 leguntur,
753 2796 866 2847 formem
881 2794 933 2845 iem
949 2800 1005 2845 tum
1021 2793 1151 2846 habuisse
1166 2793 1325 2846 contendat.
1355 2791 1404 2842 Ne·

280 2899 335 2952 que
346 2881 489 2950 Olympiae
507 2880 639 2932 recitasse
655 2897 750 2948 negem
767 2896 842 2947 eum,
866 2896 946 2950 quem
964 2886 992 2930 et
1008 2877 1162 2931 Corinthiis
1182 2877 1251 2949 (Dio
1270 2877 1404 2944 chrysost.

279 2966 418 3019 XllllVll.
439 2984 466 3035 p.
483 2967 535 3018 456
551 2963 675 3032 Morcll.)
699 2971 728 3016 et
744 2964 886 3017 Thebanis
906 2963 995 3034 (Plut.
1017 2964 1051 3016 de
1065 2963 1170 3016 Herod.
1192 2962 1304 3031 melign.
1328 2979 1349 3012 c.
1363 2959 1403 3025 31)

281 3051 410 3104 historias
423 3066 490 3102 sues
505 3049 665 3102 venditasse
681 3048 818 3117 legamus3
841 3049 916 3119 quod
929 3057 1018 3101 tamen
1035 3048 1058 3100 si
1072 3047 1125 3100 iem
1140 3047 1185 3101 Ol.
1198 3050 1232 3101 81
1247 3049 1345 3100 iactum
1359 3051 1402 3108 est,

280 3152 390 3205 parvam
407 3139 512 3185 tentum
528 3133 614 3186 totius
632 3134 725 3203 operis
742 3142 847 3204 partem
861 3133 1091 3204 comprehendere
1105 3132 1234 3202 potuisse
1251 3137 1324 3186 recte
1337 3130 1401 3195 Πεγ-

279 3220 340 3272 sius
358 3217 506 3282 intellexit,
535 3218 580 3269 cui
601 3235 672 3286 qnae
687 3220 821 3287 leegerus
842 3237 931 3288 nuper
952 3218 1083 3289 opposuit
1101 3221 1179 3288 (pag.
1198 3219 1261 3286 laJ:
1285 3212 1401 3269 nonnisi

279 3302 394 3373 reliquis
409 3301 556 3354 itineribus
571 3303 705 3356 conlectis
720 3304 874 3374 magnaque
890 3321 980 3357 rerum
995 3302 1074 3373 copiti
1094 3302 1208 3356 collecti
1223 3309 1307 3355 totam
1322 3298 1400 3369 operis

277 3389 426 3456 rationem,
449 3386 522 3440 unde
542 3387 653 3455 singula
675 3388 829 3459 pendeant,
851 3389 986 3442 Herodoti
1012 3388 1101 3440 animo
1116 3388 1259 3456 designari
1274 3385 1399 3456 potuissa;

277 3490 361 3544 quum
378 3474 411 3526 ad
434 3474 546 3526 formem
565 3479 671 3527 tantum
692 3475 785 3544 operis
808 3479 949 3544 spectent,
974 3491 1064 3527 rerum
1085 3473 1208 3542 ipsarum
1228 3470 1399 3526 recitationem

277 3578 331 3614 non
349 3558 517 3613 convellunt.

360 3645 470 3712 Habes,
489 3643 539 3696 Vir
560 3644 734 3710 amicissime,
756 3644 831 3714 quod
845 3642 1023 3713 postulabas,
1044 3643 1199 3696 sententiae
1214 3659 1289 3696 meae
1303 3635 1398 3708 exposi-

276 3730 375 3786 tionem
390 3730 536 3798 ingenuam
553 3736 581 3781 et
595 3729 752 3796 condidam,
775 3746 833 3781 eem
852 3728 987 3799 denique,
1009 3745 1081 3799 quae
1096 3745 1151 3780 non
1169 3728 1269 3781 docere
1283 3726 1335 3792 Te,
1355 3718 1397 3773 sed

275 3815 345 3868 eTe
357 3813 465 3868 edoceri
481 3813 590 3883 cupiat;
606 3832 686 3885 quem
701 3814 725 3866 si
738 3814 781 3865 Tu
797 3833 847 3884 pro
863 3814 1031 3867 humanitate
1042 3813 1104 3865 Tua
1118 3813 1184 3866 boni
1199 3812 1332 3883 aequique
1342 3823 1395 3859 con-

275 3899 411 3966 sulueris,
435 3899 502 3952 nihil
521 3899 626 3970 amplus
642 3899 788 3967 desidero,
812 3899 866 3951 nisi
883 3903 914 3950 ut
928 3899 973 3953 Τιι
989 3897 1082 3951 valeas
1103 3915 1215 3968 meque,
1241 3896 1311 3969 quod
1327 3890 1393 3955 heis,

274 3988 361 4037 ames!
378 3983 579 4052 Heidelbergae
595 3984 711 4054 postrid.
735 3983 802 4037 ldus
818 3985 945 4037 Decemb.
964 3985 1041 4038 1831.

361 4070 486 4136 [lntegra
502 4069 568 4121 haec
584 4089 599 4122 e
615 4069 701 4139 priori
718 4069 839 4122 editione
854 4069 1005 4139 repetenda
1020 4067 1130 4134 curari,
1153 4083 1225 4137 quae
1240 4064 1317 4119 noris
1331 4059 1392 4113 curis

273 4153 448 4205 retractanda
463 4154 627 4222 promiserat
641 4154 684 4206 vir
701 4153 894 4219 amicissimus,
917 4153 964 4224 qui
980 4152 1068 4205 literis
1084 4152 1173 4205 adme
1191 4152 1262 4204 detis
1278 4150 1319 4202 die
1332 4146 1392 4198 rice·

273 4238 341 4290 simo
358 4237 440 4288 tertio
460 4238 561 4290 mensis
580 4239 729 4292 Novembr.
752 4238 817 4291 noni
841 4241 907 4292 1855
929 4257 959 4292 se
980 4239 1007 4290 id
1026 4238 1117 4307 ipsum
1135 4238 1326 4307 praestiturum
1341 4245 1392 4284 esst

273 4339 334 4375 cum
349 4320 509 4387 indicasset,
525 4339 586 4375 mor
598 4329 773 4391 praemature
787 4331 873 4376 morte
887 4324 1019 4394 abreptus
1038 4327 1090 4375 est.
1120 4324 1184 4386 Quo
1201 4323 1294 4374 nuntio
1304 4314 1390 4371 tristit-

273 4408 341 4461 simo
353 4406 388 4459 ed
403 4423 443 4459 me
459 4407 565 4475 perlato
581 4407 669 4459 virum
683 4407 737 4459 adii
755 4408 948 4476 clarissimum,
963 4411 990 4464 J.
1009 4411 1121 4477 Gsessr,
1137 4409 1315 4477 professorem
1329 4401 1391 4454 Mer·

273 4493 450 4561 burgensem,
466 4490 626 4560 sciscitans,
643 4510 707 4546 num
722 4494 789 4564 quid
801 4496 829 4546 in
846 4494 955 4547 schedis
973 4495 1006 4548 eb
1017 4493 1176 4547 Hermanno
1189 4492 1307 4546 relictum
1320 4489 1389 4548 esstl,
