3042 5125
462 379 665 440 rusus.
687 381 747 442 111.
768 370 812 446 le.
835 389 879 445 er.

1182 382 1237 445 191

126 563 222 643 caedi
239 562 274 634 τὸ
288 564 390 656 ἄγγος
409 573 592 660 περιαιρέει
611 569 672 641 τὸν
684 575 840 663 κέραμον.
873 571 975 641 ἐπεὰν
989 571 1027 641 δὲ
1040 575 1150 661 δεηθῇ
1162 599 1240 662 χρη-

126 666 240 756 μάτων,
255 671 453 742 κατακόπτει
467 679 622 762 τοσοῦτο,
638 673 720 745 ὅσον
733 672 778 745 ἄν
795 673 949 746 ἑκάστοτε
964 677 1087 763 δέηται.

211 763 318 843 Airai
339 780 402 864 μέν
421 804 487 846 νυν
508 774 609 867 ἀρχαί
624 764 663 849 Ιτε
683 769 770 867 ἦσαν
790 780 847 847 καὶ
872 777 990 865 φόρων
1011 776 1181 861 ἐπιτάξιες.
1217 775 1287 867 ἡρῑ

124 877 232 965 Περσὶς
250 878 288 947 sl
306 878 398 969 χώρη
420 880 528 969 μούνη
547 908 603 970 μοι
626 879 690 952 οὐκ
714 893 842 972 εἴρηται
869 878 1094 969 δασμοφόρος·
1125 878 1242 952 ἀτελέα

124 977 311 1067 γᾶρΠέρααι
332 986 490 1072 νέμονται
510 982 631 1074 χώρην.
672 991 755 1056 Οἵδε
777 982 938 1072 dicoque
956 983 1018 1072 μὲν
1031 980 1155 1053 οὐδένα
1168 983 1241 1055 ἐτά-

124 1182 293 1245 postDariunr
308 1182 339 1234 in
356 1200 524 1237 communem
542 1200 651 1252 quoque

124 1264 190 1300 usum
207 1250 255 1303 bos
273 1269 372 1305 numos
391 1255 501 1307 venisse
520 1256 589 1307 setis
606 1270 651 1305 su-

123 1334 209 1386 perque
227 1327 345 1374 constat.
378 1325 436 1375 Nec
456 1325 526 1376 slios
545 1341 651 1385 numos,

122 1404 190 1454 quem
197 1392 352 1444 istiusmodi
365 1395 536 1446 memoriales
543 1396 572 1446 in
579 1396 650 1446 Neo-

123 1474 243 1524 persarum
261 1478 350 1528 regno
369 1464 421 1514 sub
437 1464 537 1530 Sophis
553 1480 651 1531 procn-

122 1544 159 1580 sos
169 1530 249 1582 tuisse
259 1538 356 1583 monet
365 1533 572 1586 Hecren.ldeen
587 1536 609 1597 I,
625 1534 648 1585 1.

123 1612 145 1661 ρ.
154 1600 208 1651 tsl.
232 1602 274 1652 Tu
283 1603 360 1653 coni.
374 1604 457 1654 etiam
471 1604 583 1657 Rennel.
596 1603 617 1655 l.
630 1603 648 1655 l.

122 1666 246 1747 pretet.
273 1699 308 1708 -
328 1672 371 1722 Ad
388 1672 502 1724 formam
518 1673 649 1725 adiectivi

122 1751 255 1803 ιεροριιεος
270 1741 347 1792 coni.
367 1742 420 1805 IV,
442 1743 476 1794 70
490 1748 518 1793 et
531 1743 648 1794 Bredor.

121 1820 172 1872 pag.
185 1806 240 1860 183.
263 1810 306 1861 Ad
329 1810 558 1877 significationem
572 1812 649 1864 verbi

121 1872 254 1943 περιαιρέει
263 1878 397 1945 (demam
407 1880 485 1947 tollit)
499 1882 571 1934 conf.
578 1887 649 1933 nott.

121 1946 260 2011 mussi.

273 2120 344 2171 Cur.
364 2121 476 2174 XCVII.

147 2206 223 2272 Αὖται
242 2216 293 2288 μέν
312 2237 369 2272 νυν
387 2213 476 2288 ἀρχαί
491 2239 519 2274 τε
532 2210 605 2290 ἦσαν
619 2240 647 2276 ιι.

119 2305 138 2340 τ.
149 2290 180 2356 t]
192 2293 298 2344 Pinitnr
316 2292 371 2344 hoc
387 2292 448 2344 loco
465 2296 649 2360 sstrapiarum

120 2364 143 2410 et
155 2361 311 2414 tributorum
326 2362 444 2428 singulis
455 2364 586 2429 satrapiis
600 2364 649 2414 im-

119 2431 251 2494 positorum
268 2432 424 2497 descriptio
441 2433 504 2485 inde
523 2448 542 2483 a
557 2434 650 2500 cupite

119 2500 147 2551 tt
157 2502 292 2553 instituta:
303 2503 363 2553 ism
374 2502 512 2554 adduntur
524 2518 574 2554 eae
586 2519 650 2569 gen·

119 2574 161 2634 tes,
168 2586 242 2637 quse,
251 2589 315 2624 cnm
324 2572 460 2624 tributum
471 2574 573 2625 nullum
584 2590 650 2640 peu-

119 2639 214 2704 dersnt,
235 2642 307 2694 dona
332 2646 425 2693 tamen
443 2646 502 2709 regi
523 2644 649 2695 serebant

120 2707 254 2776 (dequibus
263 2712 347 2763 donis
355 2711 391 2763 ci.
399 2717 467 2763 nott.
478 2714 514 2770 sd
524 2713 577 2777 111,
587 2712 648 2778 80)ι

119 2779 252 2847 Antiopes,
271 2783 374 2845 Galum,
398 2782 509 2837 Arabes.
544 2785 648 2834 Harum

104 2850 190 2914 igittu
203 2853 328 2916 gentium
348 2853 551 2904 enumeratione
572 2852 649 2904 fecta

119 2933 164 2970 nen
179 2921 270 2972 statim
286 2923 392 2974 Noster
409 2925 497 2988 pergit
521 2924 549 2973 in
572 2939 649 2975 ener-

118 2988 197 3042 rsudis
213 2991 261 3054 iis,
284 3005 359 3057 quae
378 2991 463 3043 Dario
481 2992 517 3043 ad
537 3008 649 3059 reguum

119 3058 186 3110 nodo
196 3066 289 3113 erecto
300 3062 434 3127 deinceps
444 3062 594 3114 acciderint
605 3077 651 3114 ne·

119 3142 162 3192 que
169 3133 354 3183 narrationem
367 3132 550 3198 sstrapiarnm
560 3132 653 3183 indice

119 3197 225 3251 exhibito
237 3202 422 3267 interruptam
435 3202 586 3264 continuat,
603 3201 651 3254 sed

120 3271 177 3318 nna
192 3269 252 3335 ills,
272 3286 347 3337 qnae
364 3270 398 3322 ds
416 3272 545 3322 lndonrm
560 3272 650 3337 genti-

121 3336 284 3407 bussnrique
296 3342 380 3406 copia
398 3341 516 3392 murima
533 3341 582 3402 (ei.
596 3340 649 3404 111,

121 3406 158 3472 ss)
167 3408 247 3461 itudo
258 3415 423 3475 acceperat,
437 3409 561 3462 hocloco
575 3410 649 3476 (cap.

121 3474 149 3526 ss
160 3478 242 3545 seqq.)
256 3480 359 3532 addere
371 3480 508 3543 instituit,
526 3481 588 3546 ipss
601 3479 649 3529 illa

121 3547 227 3610 seudum
245 3550 434 3616 descriptione
456 3549 493 3601 ad
517 3549 586 3601 baec
605 3549 653 3600 sd·

122 3613 206 3670 ductus
218 3619 355 3686 risumque
363 3620 433 3671 bene
441 3621 573 3682 sentiens,
582 3618 651 3670 haec

123 3683 238 3752 droecis,
250 3690 281 3740 in
297 3704 413 3756 qnorum
423 3691 540 3755 gratiam
552 3689 652 3741 scribe·

121 3752 174 3816 brt,
191 3773 300 3823 prorsus
318 3760 461 3825 incognita
473 3775 535 3812 esse
547 3775 652 3810 eorum·

123 3838 167 3888 qus
187 3828 290 3880 mimos
311 3827 394 3887 rslde
415 3829 571 3881 advertere:
598 3843 653 3896 qna

123 3893 206 3947 eadem
227 3897 261 3949 de
283 3913 371 3950 causa
395 3900 479 3951 etiam
498 3898 533 3950 sle
550 3898 653 3950 Arabia

124 3966 243 4028 quaeum
255 3967 406 4033 adscripsit
416 3967 488 4035 (cap.
502 3969 552 4021 107
563 3967 651 4034 seqq.)

124 4038 653 4173 ttt⁰.li¹.t..tz;²⁰ttttlsstit²

124 4186 174 4224 run
184 4175 356 4228 Persicorum
370 4177 554 4228 narrationem
571 4177 653 4238 redit,

125 4255 250 4307 exponens
259 4245 294 4298 de
304 4246 469 4313 Intapherne
479 4251 563 4312 etque
571 4247 655 4297 Oros·

125 4311 227 4380 ta(esp.
241 4316 293 4367 1⁸20
306 4316 406 4383 seqq),
418 4316 497 4368 cuius
505 4332 549 4368 res
559 4332 591 4368 eo
605 4316 654 4366 mi-

124 4394 169 4431 uus
180 4384 287 4436 silentio
301 4387 512 4450 praetereundss
530 4401 590 4439 esse
605 4401 655 4451 pn-

125 4449 209 4517 tsb'at,
217 4469 272 4521 quo
282 4456 370 4522 magis
377 4455 415 4506 ad
426 4456 535 4508 Senium
546 4460 655 4523 specta·

702 1186 770 1236 bent
782 1184 849 1250 (vid.
862 1183 916 1248 111,
926 1184 961 1236 00
971 1184 1064 1249 ibique
1074 1182 1155 1248 nott.)
1166 1187 1194 1234 st
1207 1182 1243 1233 ad

702 1255 867 1307 Graecorum
882 1269 942 1316 res,
969 1253 1115 1305 interiecta
1136 1267 1244 1318 quoque

702 1324 775 1390 (cap.
796 1322 846 1374 129
863 1327 952 1389 seqq)
969 1324 1127 1374 nsrratione
1143 1323 1176 1373 de
1189 1323 1243 1372 De·

701 1392 838 1454 mooedis,
874 1392 1042 1444 celeberrimi
1076 1394 1242 1445 Graecorum

701 1462 799 1515 medici
811 1462 907 1525 rebus,
924 1477 995 1528 quae
1010 1477 1072 1513 cum
1086 1462 1244 1535 domesticis

700 1533 780 1584 Darii
805 1532 885 1583 rebus
910 1537 990 1582 erent
1018 1532 1197 1583 coniunctae:
1226 1546 1244 1580 a

700 1604 798 1669 quibus
808 1602 933 1653 omnibus
945 1601 1052 1653 demum
1065 1616 1124 1667 cap.
1139 1601 1189 1653 150
1202 1616 1244 1651 re-

699 1672 822 1739 greditur
840 1673 876 1722 ad
892 1672 1038 1723 Persarum
1058 1687 1116 1734 res,
1139 1671 1172 1722 de
1190 1672 1244 1721 Ba-

699 1742 799 1809 bylone
809 1755 959 1806 erponeus,
972 1756 1042 1807 qnae
1052 1741 1160 1791 aDsrie
1171 1740 1244 1792 defe-

699 1815 738 1863 cit
760 1816 789 1862 et
803 1811 882 1877 gravi
898 1826 932 1862 so
949 1807 1033 1876 longa
1047 1809 1190 1861 obsidione
1202 1825 1245 1861 re-

699 1885 831 1947 cuperata
843 1884 895 1930 est.

734 1950 881 2001 Sufficiant
903 1947 971 1997 haec
989 1947 1024 1998 de
1039 1947 1200 1997 oeconomia
1220 1961 1243 1996 s.

699 2020 881 2084 dispositione
894 2016 976 2067 huius
990 2015 1068 2066 libri:
1086 2017 1187 2067 etenim
1198 2029 1244 2065 sa-

698 2091 734 2139 tis
746 2088 812 2139 inde
822 2086 956 2138 Herodoti
969 2087 1089 2137 cernitur
1099 2084 1245 2138 consilinm

699 2159 865 2210 Graecorum
876 2157 905 2207 in
919 2155 1060 2207 commoda
1073 2156 1244 2221 potissimum

698 2228 846 2278 scribentis
857 2232 885 2278 et
896 2227 1066 2291 eainprimis
1081 2224 1245 2288 enarrantis,

701 2312 771 2364 quae
790 2297 904 2349 Graecis
918 2296 977 2347 sive
991 2299 1071 2361 grata
1087 2297 1145 2347 sive
1162 2293 1243 2346 utilia

699 2383 759 2419 esse
775 2382 921 2433 eorumque
934 2368 1040 2416 animos
1053 2366 1194 2416 oblectare
1215 2369 1243 2414 et

700 2438 822 2489 excitare
833 2437 989 2503 potuerint:
1002 2435 1066 2486 inde
1079 2450 1186 2502 quoque
1198 2450 1243 2485 ex·

699 2507 797 2575 plicari
808 2509 920 2574 poterit,
933 2521 982 2556 cur
992 2505 1068 2556 nulla
1077 2506 1125 2555 liat
1138 2506 1241 2556 mentio

699 2578 865 2630 seditionum
892 2583 976 2641 etque
1005 2581 1142 2638 motuum,
1175 2588 1243 2641 quos

699 2649 795 2700 stetim
807 2651 871 2712 post
883 2646 996 2696 Darium
1012 2645 1048 2695 ad
1058 2659 1170 2710 regnum
1183 2660 1244 2695 ere·

699 2722 774 2769 otum
790 2719 819 2766 in
839 2715 924 2766 variis
941 2715 1017 2780 regni
1033 2714 1139 2764 Persici
1156 2714 1245 2779 regio-

700 2787 780 2838 nibus
793 2789 902 2838 exortos
918 2789 947 2834 et
958 2783 1040 2833 Darii
1050 2799 1085 2834 ac
1098 2784 1243 2833 Perssrum

699 2858 804 2910 virtute
820 2854 987 2919 compositos
1005 2852 1091 2902 tradit
1109 2853 1245 2902 Bisutuna

701 2925 859 2990 inscriptio,
886 2923 987 2989 inqua
1007 2923 1067 2987 ipse
1086 2921 1190 2971 Darius
1207 2919 1245 2971 lo-

702 2997 794 3063 quitur
813 2993 846 3044 de
863 2991 929 3043 belli
944 2992 1063 3043 tumultu
1080 2992 1110 3040 in
1127 2991 1245 3042 Susiane

701 3081 735 3116 sc
753 3063 921 3129 Babylonia,
944 3062 972 3112 in
992 3061 1118 3123 Perside,
1142 3059 1243 3122 Media,

702 3133 879 3200 Sattagydia,
892 3131 1014 3195 Parthia,
1028 3132 1184 3197 Margiane,
1193 3129 1245 3179 Ar·

702 3201 1246 3267 menia,Scytbiacommoto,sedoppres-

702 3289 746 3325 so:
760 3272 817 3326 vid.
829 3271 886 3322 Col.
898 3270 921 3321 1.
934 3275 960 3335 ἕ.
977 3271 1008 3322 10
1021 3286 1077 3335 seq.
1089 3269 1147 3321 Col.
1159 3270 1197 3320 11.
1218 3272 1243 3333 ς.

702 3345 718 3392 2
730 3358 807 3409 seqq.
827 3342 904 3392 Heec
919 3342 991 3391 enim
1005 3340 1041 3390 ad
1052 3341 1152 3390 Persas
1169 3340 1245 3404 ipsos

702 3427 763 3463 cum
786 3415 959 3478 spectarent,
982 3411 1071 3460 minus
1090 3408 1246 3460 necessaria

700 3483 802 3533 Noster
814 3481 920 3544 hebuit,
933 3495 1003 3547 quae
1016 3479 1155 3544 copiosius
1168 3492 1246 3529 enar·

701 3555 788 3602 reret:
812 3552 882 3602 estis
899 3551 1012 3612 babuit,
1031 3549 1065 3600 de
1081 3564 1137 3599 uus
1154 3548 1247 3611 Baby-

701 3621 765 3673 lone
776 3620 864 3686 loqui,
876 3635 931 3686 qus
941 3619 975 3671 de
983 3635 1013 3672 re
1024 3619 1059 3669 of.
1074 3618 1119 3669 sd.
1129 3617 1183 3682 111,
1196 3615 1247 3669 100

699 3696 775 3742 nott.

738 3752 757 3826 ἡ
782 3754 887 3824 Περσὶς
915 3751 945 3806 δὲ
969 3748 1057 3824 χώρη]
1078 3754 1246 3818 Intelligitur

704 3834 795 3883 Persis
804 3831 928 3895 propriu,
941 3843 1013 3895 quse
1022 3827 1137 3887 dicitnr,
1155 3838 1179 3873 s.
1193 3826 1247 3873 ter-

703 3916 735 3952 ra
744 3901 812 3950 Fare
824 3916 847 3950 s.
860 3900 1009 3959 Fersistcn,
1030 3895 1166 3946 Susianae
1180 3892 1247 3942 rici-

702 3987 748 4034 na,
760 3969 794 4020 de
808 3967 951 4033 qusplnre
964 3968 1080 4017 Heeren
1093 3964 1112 4014 l.
1126 3964 1145 4014 1.
1155 3978 1181 4027 p.
1197 3961 1247 4013 192

704 4055 781 4105 seqq.
802 4041 831 4088 et
847 4038 952 4087 Ritterr
964 4033 1114 4087 Erdkunde
1129 4032 1208 4084 VIII.
1218 4047 1247 4097 p.

704 4109 753 4160 771
777 4123 852 4174 seqq.
868 4105 931 4157 Vid.
951 4106 1067 4156 Kinneir
1086 4102 1202 4155 Memoir
1219 4100 1250 4152 oi

704 4178 751 4228 tbe
767 4178 844 4229 Pers.
862 4190 932 4241 emp.
956 4190 985 4241 p.
1010 4176 1043 4225 54
1062 4189 1140 4240 seqq.
1167 4173 1247 4224 Hunc
1309 4233 1315 4249 ι

704 4262 770 4300 vero
789 4247 955 4297 tributorum
981 4245 1180 4295 immunitatem
1214 4241 1249 4292 ad

704 4331 798 4368 omnes
811 4316 903 4367 decem
909 4316 1052 4367 Persarum
1064 4314 1153 4365 tribus
1165 4327 1249 4377 supra

705 4387 730 4450 1,
744 4387 794 4437 125
805 4389 1031 4437 commemoratus
1039 4389 1181 4449 spectasse
1190 4384 1249 4431 iure

705 4461 797 4508 monet
808 4454 922 4508 Rennel.
934 4454 953 4507 l.
968 4454 987 4507 l.
997 4468 1061 4520 pag.
1076 4452 1137 4504 b08.
