3042 5125
467 330 794 394 MELPOMENE.
817 334 952 399 1v.1oa.
977 345 1036 399 104.
1256 339 1315 400 501

177 522 312 587 ποιεῦσι
334 517 430 588 τάδε·
463 516 644 610 ἀποταμών
667 527 804 605 ἕκαστος
825 522 975 614 κεφαλὴν
997 523 1201 615 ἀποφέρεται
1223 532 1256 609 ἐς
1276 528 1317 599 roi

177 628 285 707 οἰκία,
308 629 422 692 ἔπειτα
441 626 495 693 ἐπὶ
509 624 611 708 ξύλου
624 627 773 715 μεγάλου
791 625 973 717 ἀναπείρας
988 634 1064 721 ίστᾷ
1082 625 1168 718 ὑπὲρ
1190 636 1247 719 τῆς
1266 640 1314 702 οἰ-

177 733 252 812 κίης
271 720 503 814 ὑπερέχουσαν
524 727 664 816 πολλὸν,
687 731 829 820 μάλιστα
853 731 889 800 di
909 728 995 819 irio
1016 739 1073 821 τῆς
1096 734 1314 823 καπνοδόκης.

177 831 262 914 φασί
283 830 318 897 di
338 829 477 911 τούτους
496 832 667 919 φυλάκους
688 840 744 923 τῆς
766 842 872 922 οἰκίης
891 834 997 924 πάσης
1017 832 1313 925 ὑπεραιωρέεσθαι.

176 936 254 1017 ζῶσι
276 932 312 1001 di
332 930 398 1002 οἷπό
418 942 513 1023 ληίης
532 939 642 1006 τεκαὶ
661 941 817 1027 πολέμου.
853 934 1055 1027 Ἀγάθυρσοι
1080 942 1117 1009 di
1135 935 1381 1031 ἁβρότατοι104

176 1133 220 1183 ius
233 1135 404 1199 cognominis
416 1136 523 1201 origine
533 1141 658 1188 etcausa
666 1139 720 1189 Eu·
771 1140 933 1191 Commentt.
952 1137 988 1190 ad
999 1139 1122 1192 Platonis
1135 1139 1270 1193 Alcibiad.
1285 1157 1302 1206 p

175 1204 279 1268 ripides
292 1204 321 1254 in
336 1203 388 1255 hac
406 1207 467 1270 ipea
482 1206 538 1257 fab.
555 1222 596 1259 vs.
615 1208 678 1257 1425
692 1213 719 1259 et
770 1210 831 1272 213,
846 1210 892 1259 ubi
908 1209 963 1261 vid.
977 1209 1148 1262 Oreuzer.-
1164 1211 1313 1262 Advocem
1369 1249 1372 1256 .

175 1272 268 1324 Schoi.
281 1274 316 1323 ad
330 1273 457 1338 Sophooi.
471 1275 548 1327 Aisa.
561 1278 611 1327 172
626 1282 720 1342 protu·
770 1269 951 1343 καπνοδόκης
964 1279 1020 1329 vid.
1034 1283 1103 1331 nott.
1116 1281 1150 1329 ad
1163 1281 1241 1342 VIII,
1254 1280 1311 1331 131.

176 1341 268 1394 lerint.
296 1343 459 1410 „Quumque
479 1346 564 1401 Tauri
587 1347 638 1409 (ita
655 1362 719 1397 con·
766 1349 801 1398 ‘In
814 1365 889 1413 seqq.
901 1348 984 1399 verba
1001 1338 1245 1413 ὑπεραιωρέεσθαι
1262 1346 1313 1414 τῆς

176 1411 283 1476 „cludit
295 1413 327 1464 G.
344 1414 516 1487 Hermannus
528 1415 546 1465 1.
561 1416 591 1477 Ι.)
603 1432 718 1481 quoque,
770 1413 862 1484 οἰκίης
877 1408 970 1482 πάσης
981 1424 1107 1470 monente
1122 1417 1273 1484 Schweigh.
1284 1419 1313 1468 in

175 1480 328 1547 „reliquiae
346 1484 549 1535 cimmeriorum
572 1501 589 1535 a
608 1485 718 1550 Scythis
768 1488 834 1538 Lex.
849 1487 950 1538 Herod.
967 1488 1038 1538 idern
1052 1488 1146 1538 valent
1162 1492 1245 1554 atque
1262 1485 1312 1552 τῆς

174 1552 335 1616 „pulsorum
345 1589 351 1615 ,
363 1552 561 1605 Chersonesum
572 1555 718 1605 Tauricam
769 1551 861 1621 οἰκίης
880 1548 973 1621 πάσης
989 1548 1150 1622 ὑπερέχειν,
1172 1560 1198 1608 in
1215 1559 1314 1609 sublimi

174 1620 368 1685 ,',habitantes,
389 1623 510 1674 advenas
529 1630 556 1673 et
570 1624 717 1690 naufragos
768 1643 915 1691 suspensum
940 1642 963 1679 a.
984 1636 1091 1678 erectum
1115 1643 1195 1691 supra
1216 1629 1312 1679 domum

174 1705 262 1755 „suae
271 1691 379 1742 cuidam
390 1692 456 1743 deae
467 1692 621 1744 sacrificare
631 1694 718 1757 perhi·
768 1704 844 1749 ιοιαιιι
856 1699 972 1748 eminere.
994 1697 1037 1746 Tu
1050 1693 1123 1746 coni.
1135 1694 1266 1746 Thesaur.
1277 1695 1309 1746 1..

172 1761 334 1825 „bereutur¹
345 1762 492 1812 verisimile
502 1768 557 1826 est,
567 1762 618 1813 hoc
629 1764 717 1827 ipsum
769 1765 815 1815 Gr.
828 1764 905 1815 VIII.
921 1780 948 1829 p.
963 1764 1011 1816 100
1024 1763 1206 1816 ed..Dindorf.
1224 1765 1311 1815 Hero·

173 1833 284 1896 „gentis
314 1831 387 1881 illius
418 1847 517 1882 nomen
545 1833 717 1883 occasionem
768 1835 848 1883 dotus
868 1834 939 1883 inira
959 1835 1011 1895 VI,
1033 1834 1082 1885 110
1105 1833 1200 1885 eodem
1221 1834 1309 1884 utitur

173 1900 354 1964 „praebuisse
364 1900 563 1951 confundendis
573 1901 717 1953 deae'l'au-
767 1903 859 1954 verbo.
888 1903 955 1953 Cum
967 1904 1120 1954 Taurorum
1135 1919 1209 1955 more
1224 1903 1308 1954 hocce

172 1970 306 2034 „repolae
325 1975 352 2021 et
369 1971 483 2021 Taurici
501 1971 576 2021 illius
596 1973 715 2022 numinis
766 1972 872 2022 Dubois
884 1972 917 2022 de
930 1970 1110 2037 Montpdreux
1121 1970 1246 2039 (Voyago
1261 1988 1309 2023 au·

172 2040 295 2104 „aacris,
327 2041 486 2105 praesertim
513 2056 573 2090 cum
603 2042 642 2091 sic
668 2040 716 2091 illa
767 2047 828 2092 tour
843 2041 880 2091 du
891 2042 1017 2093 Caucaso
1030 2044 1076 2095 IV.
1093 2058 1121 2107 p.
1140 2043 1199 2094 434.
1218 2041 1265 2093 VI.
1281 2058 1309 2107 p.

173 2109 317 2173 „horninca
334 2108 492 2159 immolandi
511 2110 668 2161 immanitas
687 2111 716 2160 in
768 2110 811 2175 11)
825 2114 968 2176 comparat
979 2128 1090 2176 morem,
1104 2113 1150 2177 qni
1161 2111 1251 2163 adhuc
1262 2112 1308 2162 oh-

172 2179 326 2243 „barbaros
335 2180 568 2243 posaetconiici.“
584 2181 716 2230 Herman-
766 2182 836 2230 tinet
849 2180 922 2246 apud
936 2181 1036 2245 Oreos,
1055 2181 1172 2232 Caucasi
1189 2186 1308 2247 gentem,

171 2264 235 2299 num
247 2249 372 2312 sequitur
381 2247 530 2300 Witzschel
543 2250 571 2298 in
584 2249 650 2299 edit.
661 2250 716 2300 Eu·
766 2265 799 2300 ex
814 2266 867 2315 quo
878 2251 972 2315 capita
984 2267 1113 2317 equorum
1125 2252 1208 2301 muris
1223 2253 1308 2316 impo-

170 2319 268 2449 qr'gprqqiqs
280 2316 369 2435 1κ1ι1).ν
371 2316 482 2437 lalelecxtt.
497 2317 556 2437 Ἥ
570 2319 609 2437 qai.
627 2318 714 2437 (Liquq.
765 2326 834 2399 qaut
847 2320 917 2439 qiaqis
929 2319 1031 2439 infixa.l
1049 2321 1094 2440 riq
1102 2321 1187 2402 'verba
1199 2313 1307 2442 {qoqgi

326 2422 333 2438 .
400 2403 553 2446 -;a.
601 2404 645 2438 ax.
706 2425 713 2439 .
764 2404 833 2438 απο
942 2403 1107 2440 τεκαποε
1144 2406 1246 2441 vcon.

170 2401 343 2521 Meyeffie
352 2456 443 2506 Diana
453 2457 573 2507 Taurica
590 2462 618 2508 et
628 2458 715 2507 Anai·
763 2459 807 2510 22.
864 2405 928 2455 W
1107 2404 1143 2456 μθ
1300 2428 1307 2453 ’

172 2526 228 2577 tida
238 2525 369 2609 (Berolin.
384 2524 473 2592 1835.)
486 2542 551 2593 pag.
563 2527 665 2609 daeqq.
680 2530 714 2579 24
776 2552 788 2572 ·
959 2560 1024 2613 cu,-
1042 2562 1113 2615 CIV·

171 2596 715 2733 05511τ355101ο5550οί5550553555ῐ51851ο
795 2655 962 2730 Ἀγάθυρσοι
981 2657 1022 2729 δὲ]
1046 2666 1204 2717 Herodotea
1217 2666 1307 2732 tangit

171 2738 323 2787 Taurorum
339 2734 426 2800 deam,
439 2752 520 2803 quam
533 2754 566 2788 ex
576 2738 714 2787 interioris
764 2735 899 2787 Stohaeus
908 2737 952 2794 44,
963 2734 996 2786 43
1008 2732 1052 2799 [Τ.
1062 2735 1100 2786 11.
1109 2751 1134 2799 p.
1143 2734 1194 2787 230
1204 2733 1305 2800 Geirei]

60 2864 63 2872 Ι
168 2806 254 2856 ‚isiae
275 2806 432 2870 regionibus
455 2807 491 2856 ad
507 2808 588 2857 Ponti
612 2807 713 2857 Euxini
764 2808 882 2870 itemque
892 2803 1018 2854 Euatsth.
1026 2804 1061 2853 ad
1071 2805 1185 2870 Dionys.
1198 2806 1305 2871 Perieg.

171 2891 234 2926 oras
259 2875 376 2925 delatam
394 2891 477 2941 snpra
497 2877 568 2937 dixi,
592 2881 620 2926 et
641 2876 714 2927 iuter
764 2874 825 2926 310.
851 2874 1143 2939 DeAputhprsiaconf.
1156 2874 1307 2925 Herodotei

169 2946 338 2996 Graecorum
353 2946 443 3006 deam,
457 2946 515 2997 sive
525 2946 643 2995 Dianam
655 2946 713 2995 eive
763 2945 818 2996 loci
833 2944 888 3005 lv,
902 2942 944 2993 40.
963 2942 1020 2994 100.
1036 2942 1094 2993 102.
1109 2945 1167 2996 125.
1189 2943 1253 2995 Mel.
1268 2943 1307 3002 11,

170 3015 340 3081 Iphigeniam
368 3014 485 3078 dixeris,
517 3030 597 3079 quam
624 3018 713 3080 ipsam
766 3015 789 3078 l,
802 3015 843 3075 15,
856 3018 884 3062 et
895 3014 943 3078 qui
957 3011 1005 3062 alii
1017 3011 1132 3063 aliorum
1143 3013 1306 3077 scriptorum

168 3101 231 3137 cum
244 3086 395 3135 Taurorum
416 3084 468 3135 dea
486 3084 629 3150 postmodo
650 3100 714 3135 con·
762 3084 817 3134 loci
828 3082 977 3133 afferuntur
989 3098 1006 3131 a
1016 3083 1178 3148 Forbigero:
1194 3082 1305 3133 Handb.

170 3155 258 3209 iuram
272 3169 332 3205 asae
350 3154 519 3205 crediderim.
560 3155 712 3217 Quaerere
765 3155 792 3203 d.
818 3152 866 3206 alt.
889 3151 1045 3218 deograph.
1066 3153 1120 3203 111.
1141 3168 1204 3218 pag.
1227 3153 1304 3203 1125.

168 3225 250 3275 huius
263 3223 434 3275 confusionis
449 3224 531 3275 fuerit
543 3227 628 3290 origo,
639 3223 711 3275 haud
763 3224 837 3286 Quos
850 3237 943 3273 omnes
955 3228 1085 3272 accurate
1094 3238 1200 3288 quoque
1210 3220 1306 3272 retulit

170 3293 253 3345 facila
268 3295 435 3345 constituant
453 3310 468 3345 e
482 3295 643 3345 commercio
659 3293 712 3344 ire·
760 3291 1305 3356 Ukert:Geograph.d.Griech.u.Roem.

169 3365 281 3429 quenti,
299 3364 370 3428 quod
384 3364 484 3415 Graeci
502 3364 567 3414 inde
587 3379 604 3413 a
624 3379 711 3413 remo·
761 3362 882 3427 111‚2.p.
894 3362 1041 3424 418-421,
1053 3362 1097 3412 cui
1109 3360 1222 3411 difficile
1231 3361 1311 3411 vide--

168 3434 284 3485 tissimis
298 3433 466 3497 temporibus
479 3448 541 3483 cum
552 3433 670 3484 Caucasi
684 3435 713 3482 et
761 3437 822 3494 tur,
839 3433 907 3482 certi
925 3431 991 3496 quid
1005 3431 1039 3481 de
1057 3431 1139 3481 huius
1157 3430 1247 3497 gentis
1262 3446 1306 3481 ee·

167 3503 469 3555 PontiEuxiniincolis
478 3501 712 3567 habuerint,hand
763 3502 843 3552 dibus
862 3502 1044 3561 constituere,
1072 3501 1105 3550 de
1128 3499 1225 3565 quibus
1248 3504 1304 3549 tam

168 3575 227 3627 scio
240 3589 274 3624 an
288 3573 377 3636 repeti
388 3574 455 3625 haec
466 3574 581 3639 possint.
762 3571 871 3621 diverso
889 3570 969 3620 modo
986 3570 1097 3619 tradant
1113 3574 1220 3620 veteres
1239 3570 1305 3618 scri-

203 3634 362 3706 deducique
380 3635 443 3711 ἱστᾷ
458 3659 484 3693 κ.
500 3658 523 3692 τ.
537 3640 573 3708 4.]
596 3643 614 3692 i.
628 3657 652 3692 e.
669 3659 712 3692 ca·
763 3646 871 3705 ptores:
895 3640 930 3689 ab
952 3654 1051 3689 occasu
1074 3644 1102 3708 et
1120 3638 1304 3702 septentrione

168 3724 213 3780 pne
231 3741 266 3750 —
284 3717 402 3776 praealto
425 3716 529 3777 infimiori
548 3717 610 3778 pato
640 3715 714 3777 eripit
762 3708 926 3774 Scytharum
942 3723 1026 3773 prope
1044 3709 1180 3773 regionem
1195 3708 1253 3758 auri
1266 3707 1305 3757 ie·

169 3788 220 3842 ita,
242 3791 269 3833 ut
283 3786 357 3832 malso
371 3800 451 3848 cupra
463 3785 572 3842 domoon,
590 3790 659 3832 certe
670 3799 712 3833 su-
762 3794 853 3830 racem
871 3776 1086 3844 Agathyrsorum
1108 3777 1187 3828 sedes
1208 3775 1305 3841 proba·

168 3870 219 3918 pra
236 3853 386 3914 furnarium,
415 3855 527 3905 emineat.
569 3853 613 3902 Ita
637 3854 712 3900 recte
761 3849 854 3899 biliter
876 3846 1046 3913 quaerendas
1064 3861 1125 3896 asse
1143 3846 1304 3896 arbitratur.

169 3920 323 3987 Schweigh.
359 3922 405 3972 Sic
423 3912 583 3985 ἅναπαριίς
597 3921 649 3982 IV,
667 3920 711 3982 04,
761 3918 830 3970 Inde
860 3917 889 3967 in
921 3918 1106 3982 Tranaploaniu
1132 3916 1305 3981 Huugariae-

169 3992 216 4043 ubi
226 3992 263 4042 ci.
275 3995 344 4042 nott.
367 3994 420 4042 Pro
432 3984 505 4058 ἱστᾷ,
518 3993 610 4056 inquo
620 4006 713 4040 omnes
763 4005 814 4055 que
829 3987 978 4054 superioris
989 3985 1112 4051 partibus
1123 3985 1213 4052 gentis
1226 3984 1305 4035 sedec

169 4061 234 4112 libri
260 4061 357 4126 scripti
384 4066 411 4113 et
439 4061 506 4112 editi
529 4059 711 4122 consentiunt,
763 4059 849 4109 fuisse
868 4057 1041 4108 consentiens
1059 4056 1170 4107 fereest
1186 4055 1305 4105 virorum

170 4131 288 4184 Bradov.
307 4148 333 4196 p.
353 4131 404 4184 397
428 4130 511 4181 scribi
533 4131 591 4180 vult
610 4127 712 4194 ἵστησι,
764 4130 907 4180 doctorum
925 4126 1027 4191 opinio.
1064 4126 1126 4177 Vid.
1145 4124 1258 4176 Reunel.
1277 4141 1304 4190 p.

169 4208 201 4252 ut
221 4201 325 4266 legitur
349 4201 392 4262 ΙΙ,
418 4200 461 4250 05.
495 4199 628 4266 Equidem
654 4214 714 4249 cum
765 4200 826 4260 414,
844 4198 981 4247 Mannert.
999 4194 1047 4247 IV.
1067 4212 1094 4259 p.
1110 4195 1168 4256 102,
1187 4196 1303 4246 Heeren.

170 4270 313 4322 Dietschio
339 4276 366 4323 et
387 4270 527 4321 Dindorfio
549 4272 577 4320 in
598 4268 714 4334 vulgata
765 4267 994 4331 Ideen1,1.pag.
1007 4267 1051 4326 94,
1066 4263 1304 4317 Niebuhrtverm.

170 4341 346 4407 acquiescere
367 4343 456 4391 satius
483 4340 556 4389 duxi.
591 4338 715 4388 Eandem
766 4337 907 4388 Schriftl.
917 4351 980 4400 pag.
990 4335 1052 4398 377,
1066 4336 1206 4399 Koeppen:
1220 4331 1306 4383 Nord-

171 4411 287 4463 formam
299 4407 424 4479 παριστᾷ
436 4408 550 4461 Proclua
563 4408 675 4460 adhibet
687 4408 716 4457 in
766 4411 836 4472 gest.
864 4405 890 4456 d.
907 4406 987 4456 Pont.
1005 4419 1070 4470 pag.
1094 4402 1135 4455 13.
1155 4402 1200 4465 08,
1225 4399 1306 4453 Eich-
