3042 5125
257 372 317 434 172
688 366 958 431 HERODO'I'I

255 565 421 653 αγινέειν,
436 577 521 631 τοῖσι
535 560 571 630 dl
585 565 724 651 χρυσίον
736 554 956 648 ἀπαγινέουσι
970 554 1148 647 Εὐβοϊκόν,
1178 552 1215 623 τὸ
1230 554 1267 623 di
1282 556 1402 640 Βαβυ·

255 666 379 738 λα’νιον
402 664 566 736 τάλαντον
587 660 728 734 δύναται
742 660 912 753 Εὐβοΐδας
933 659 1161 753 ἑβδομήκοντα
1176 661 1287 748 μνέας.
1325 648 1403 724 Ἐπὶ

256 770 319 860 γὰρ
329 767 447 858 Κύρου
460 765 619 857 ἄρχοντος
632 769 688 837 καὶ
702 756 797 847 αὖτις
809 763 999 855 Καμβύσεω
1016 757 1270 854 ἦνκατεστηκὸς
1287 755 1455 829 οὐδὲνῖ44

256 873 366 963 φόρον
387 873 482 961 πέρι,
504 866 588 940 iuti
603 874 695 957 δῶρα
715 866 861 958 ἀγίνεον.
891 867 948 940 διὰ
967 869 1004 939 dl
1023 865 1150 955 ταύτην
1165 863 1227 954 τὴν
1246 866 1402 945 ἐπίταξιν

256 981 317 1047 τοῦ
341 973 450 1066 φόρον
476 975 533 1044 καὶ
553 971 890 1062 nonantulanorum
916 970 1001 1042 ἄλλα
1021 974 1155 1060 λέγουσι
1175 971 1322 1056 Πέρσαι,
1352 960 1402 1045 ὥς

258 1092 403 1170 Δαρεῖος
424 1078 487 1168 μὲν
510 1067 553 1165 ἦν
574 1075 738 1165 κάπηλος,
759 1073 944 1166 Καμβύσης
966 1075 1002 1145 bi
1024 1071 1204 1161 δεσπότης,
1228 1072 1343 1155 Κῦρος
1361 1068 1402 1137 dl

258 1263 334 1307 nem,
348 1244 505 1309 Appianum
516 1242 661 1308 reperitur.
679 1241 802 1309 Sioquo·
852 1242 887 1295 uu
905 1242 975 1294 Loth
993 1239 1087 1304 uetur
1102 1240 1196 1304 Quint.
1209 1236 1335 1302 Goion),
1359 1240 1404 1286 ta·

258 1314 426 1382 queunte
442 1311 558 1378 aliisque
571 1310 656 1374 loeis,
677 1315 802 1378 quosat·
852 1314 954 1365 lentum
979 1309 1111 1374 nauium
1139 1308 1201 1360 libr.
1226 1308 1314 1359 Paria.
1339 1305 1403 1357 sive

259 1385 323 1436 tulit
337 1382 529 1448 Brodenpag.
548 1381 606 1434 162.
643 1381 675 1432 In
693 1382 754 1447 ipse
772 1397 803 1432 re
853 1382 985 1445 5536694
1007 1379 1070 1432 libr.
1085 1377 1179 1431 Coton.
1216 1376 1306 1427 Aliam
1323 1373 1403 1427 Galli

258 1469 320 1505 oum
326 1451 467 1503 Herodoto
477 1465 588 1516 prorsus
597 1451 735 1503 consentit
741 1450 804 1503 Pol·
854 1452 939 1516 doeti,
949 1449 1099 1510 Letronuii,
1110 1448 1343 1513 eomputationem
1355 1460 1404 1495 ex·

258 1523 306 1574 lux
317 1521 367 1585 lx,
380 1520 430 1585 86,
448 1521 622 1587 septuaginta
635 1522 744 1573 Attioas
755 1536 803 1586 po·
852 1521 929 1573 bibet
946 1520 1031 1584 Miot,
1049 1517 1145 1570 Gallus
1162 1515 1299 1568 Herodoti
1315 1515 1403 1566 inter-

259 1606 327 1645 ueus
344 1590 447 1650 minas;
471 1590 647 1655 septuaginta
668 1591 737 1642 duaa
753 1590 804 1640 mi·
854 1607 929 1658 pres3
948 1603 982 1641 ex
993 1586 1220 1656 quaaiaoAttiee
1231 1584 1308 1636 valet
1319 1584 1404 1645 4366

261 1678 312 1713 uas
326 1659 426 1713 Atticos
435 1658 565 1711 Aelianus
578 1660 611 1712 V.
623 1659 660 1712 Η.
671 1661 696 1724 1,
705 1662 740 1711 22
751 1661 804 1710 Ba·
852 1674 988 1727 grammes
1000 1657 1159 1711 recentioris
1171 1668 1328 1715 mensurae;
1347 1655 1404 1705 Ea·

260 1729 370 1796 bylonio
379 1729 482 1780 talento
492 1729 634 1793 attribuit,
650 1732 696 1781 eui
703 1731 804 1781 Neuter
854 1732 926 1783 boire
937 1732 1003 1781 raiae
1015 1726 1125 1791 etaim
1137 1739 1272 1792 mammes
1281 1723 1403 1789 indeque

261 1799 437 1866 septuaginta
453 1804 560 1851 tantum
574 1799 662 1851 minas
675 1799 805 1852 Euboicae
853 1803 968 1852 ideam
990 1799 1128 1850 Bubeium
1151 1794 1238 1849 2093ss
1260 1808 1404 1860 grammes

261 1868 407 1921 udeoribit:
433 1868 505 1920 unde
527 1870 666 1934 sequitur,
695 1872 805 1933 septua·
854 1867 1186 1934 aivetdKilogremmea,
1199 1863 1410 1929 tldssgrammes.

261 1940 342 2005 ginta
355 1938 423 1989 duaa
441 1939 530 1990 minsa
542 1938 650 1990 Attioas
669 1952 804 2003 aequasse
855 1956 876 1991 s.
892 1939 926 1989 55
940 1936 988 1990 lib.
1004 1938 1075 2003 lgr.
1089 1934 1197 2002 antiqui
1212 1933 1353 1999 ponderis.
1368 1959 1403 1968 -

262 2008 439 2075 septuaginta
448 2007 602 2071 Euboicae,
618 2007 805 2073 talentumque
854 2006 897 2059 Ad
907 2006 1021 2058 termam
1030 1999 1117 2072 μνέας
1125 2003 1199 2055 oeni.
1209 2004 1233 2067 1,
1243 2004 1286 2055 51.
1297 2003 1338 2066 ΙΙ,
1351 2002 1405 2054 186

262 2078 413 2130 Euboicum
427 2079 519 2129 Attiou
536 2077 650 2143 gravius
670 2077 757 2128 iuiase
772 2090 805 2126 ea
854 2082 882 2128 et
894 2076 963 2139 alia,
975 2090 1045 2143 quae
1056 2073 1322 2126 excitavitBredov.
1336 2086 1404 2137 pag.

262 2150 320 2201 iere
332 2147 452 2209 ratione,
472 2162 542 2213 quae
554 2147 660 2199 obtinet
672 2149 743 2198 iuter
755 2160 805 2196 nu·
854 2148 920 2209 ‘2193
932 2145 966 2197 de
975 2145 1128 2198 accusativi
1137 2159 1190 2196 usu
1199 2141 1405 2194 monuitKueh·

262 2232 365 2269 merum
385 2216 553 2268 tricesimum
572 2216 697 2283 quintum
714 2220 742 2266 et
757 2214 806 2264 tri·
855 2232 913 2267 ner.
924 2216 1029 2269 θοῦν.
1042 2218 1068 2280 3.
1081 2215 1142 2267 556.
1165 2213 1198 2265 Iu
1207 2229 1285 2279 seqq.
1297 2211 1406 2263 retinui

263 2286 393 2339 cesimum
407 2290 522 2338 sextum.
553 2286 654 2351 ltaque
666 2288 713 2337 vix
726 2298 805 2350 opus,
855 2278 1036 2351 κατεστηκὸς,
1054 2282 1126 2352 quod
1142 2284 1170 2339 in
1184 2273 1331 2339 ναεεστεός
1345 2297 1405 2332 mn·

264 2363 295 2407 ut
306 2370 366 2406 oum
380 2352 459 2405 Gallo
472 2354 553 2407 doeio
571 2355 624 2419 (De
638 2353 666 2405 la
677 2355 762 2405 Barre
778 2355 806 2404 iu
855 2355 908 2407 tari
918 2354 1023 2407 mauult
1032 2352 1149 2407 Bredov.
1159 2370 1186 2420 p.
1195 2352 1261 2414 auu
1272 2351 1405 2404 uetiam

263 2422 346 2478 uem.
356 2422 389 2473 de
402 2422 505 2474 l‘Aead.
519 2423 546 2475 (l.
556 2424 685 2489 inscript.
699 2423 764 2474 ΧΠ.
778 2437 804 2487 p.
856 2429 925 2477 nott.
937 2424 973 2476 ad
984 2425 1021 2488 11,
1036 2424 1094 2476 leo.

264 2494 316 2546 226
328 2490 419 2615 seqq.)
437 2493 465 2543 in
483 2491 619 2545 Herodoti
634 2496 713 2544 textu
726 2491 807 2544 resin·
891 2484 962 2547 trud
979 2492 1057 2558 σῶμα
1072 2484 1200 2559 ἀγίνεον]
1222 2491 1302 2543 Haeo
1315 2491 1406 2542 veris-

263 2569 358 2631 gatur:
392 2553 570 2629 βδομήκοντα
583 2556 632 2612 καὶ
646 2553 698 2612 δύο
710 2555 806 2628 μνέας,
857 2566 925 2617 sime
940 2565 995 2617 diei
1012 2562 1239 2628 orientaliumque
1254 2577 1407 2628 regnorum

264 2633 424 2701 praesertim
435 2648 510 2697 oum,
522 2632 661 2685 iudicante
669 2632 808 2685 Boeokhio
856 2634 1010 2687 conditioni
1018 2635 1133 2685 maxime
1141 2633 1336 2685 convenienter
1343 2632 1406 2698 qui·

263 2702 407 2769 Metrolog.
425 2702 665 2770 Untersuobungg.
681 2717 746 2769 pag.
763 2702 807 2766 46,
857 2706 900 2755 vis
913 2704 1060 2771 intelliget.
1084 2704 1191 2769 Quippe
1201 2703 1231 2754 in
1244 2702 1341 2769 quibua
1356 2701 1406 2751 bo·

264 2789 300 2826 ne
321 2771 373 2826 luae
393 2772 501 2840 quidem
519 2773 627 2825 ratione
651 2773 743 2824 omnia
763 2787 807 2836 ea,
857 2774 957 2840 dieque
966 2773 1069 2826 subditi
1078 2772 1249 2835 muneribus,
1262 2771 1407 2837 quaeregi

265 2859 336 2909 quae
357 2843 385 2894 in
399 2842 519 2894 numeris
531 2842 696 2894 Herodoteis
715 2847 743 2895 et
755 2842 808 2894 hoe
857 2861 880 2898 s.
891 2843 1008 2910 prineipi
1019 2843 1115 2895 offerre
1126 2842 1216 2895 eoacti
1225 2847 1299 2901 sunt,
1312 2842 1407 2906 magis

263 2913 323 2965 loeo
334 2919 362 2965 et
373 2913 545 2979 potissimum
557 2912 630 2963 infra
639 2912 742 2979 oepit
750 2908 809 2976 (ubi
857 2913 926 2966 adeo
938 2917 1105 2981 premuntur,
1116 2928 1197 2980 quam
1207 2911 1320 2963 tributis
1330 2911 1407 2962 ordi-

263 2983 319 3034 vid.
336 2981 419 3048 nott.)
440 2983 592 3047 spectanda
613 2987 692 3046 sunt,
714 2996 808 3034 seeum
858 2983 944 3035 uariis
962 2984 1206 3050 vectigalibuaque.
1242 2983 1301 3033 Nee
1320 2980 1408 3033 aliter

264 3053 333 3104 bene
346 3051 471 3117 componi
484 3055 587 3116 queant
598 3051 710 3116 ipseque
721 3052 810 3102 Hero·
859 3054 924 3119 Gyri
935 3054 1047 3105 maioris
1059 3058 1127 3105 natu
1140 3053 1295 3104 institutum
1305 3050 1407 3110 inisse,

264 3122 360 3184 dotus,
380 3120 434 3171 nisi
453 3122 480 3170 in
498 3121 653 3172 eiusverba
666 3119 809 3185 irrepsisse
857 3122 1070 3190 rasipsadooet.
1089 3118 1407 3174 conferueerenuueen

264 3190 364 3241 menda
385 3193 510 3254 statuas,
533 3189 582 3241 uix
603 3187 688 3241 ullius
711 3188 809 3254 eulpae
859 3194 927 3257 I,l.
940 3209 1003 3259 pag.
1016 3193 1077 3245 464.
1111 3192 1169 3244 Nee
1181 3192 1337 3258 refragetur
1347 3190 1407 3242 He·

264 3259 399 3311 errorisue
423 3258 549 3309 immunis
575 3263 614 3309 sit
636 3257 807 3311 iudicandus.
859 3262 990 3315 rodoteae
1003 3262 1156 3313 narrationi
1171 3262 1205 3315 de
1217 3262 1270 3312 bae
1284 3260 1406 3311 tributu

264 3328 382 3380 Uberior
393 3326 465 3378 adh.
476 3326 769 3394 l.exatatBellangerii
780 3333 809 3380 et
857 3347 917 3384 rum
937 3347 1089 3384 annuorum
1106 3332 1291 3399 desoriptione
1311 3346 1328 3381 a
1345 3330 1407 3381 Da·

264 3396 394 3448 lareberi
407 3397 568 3462 annotatio,
588 3396 663 3450 illius
681 3398 808 3450 emendo·
858 3403 898 3454 rio
911 3402 1039 3454 instituta
1049 3401 1134 3462 (eoni.
1145 3401 1275 3467 Polyaen.
1285 3401 1349 3463 Vll,
1362 3399 1407 3462 10,

263 3466 366 3517 tionem
377 3466 481 3518 baneoe
491 3467 643 3533 probantis,
654 3467 734 3520 buius
746 3469 808 3520 reii-
857 3471 885 3538 3)
900 3471 981 3535 illud,
1002 3472 1074 3539 quod
1090 3486 1173 3537 supra
1188 3471 1246 3534 111,
1260 3469 1294 3522 67
1309 3469 1407 3521 Parsis

264 3536 360 3588 cientis
378 3536 582 3603 Euboicumque
605 3536 740 3589 talentum
766 3554 808 3590 se·
858 3557 953 3608 magns
969 3542 1139 3594 ooneessisae
1155 3540 1257 3592 dieitur
1269 3529 1408 3605 desintne

263 3607 410 3671 ptuagiuta
421 3605 501 3657 minis
514 3607 675 3660 eonstitiase
689 3607 807 3673 indeque
857 3601 1180 3677 mpurqiqc'aoelqro'ooe.
1212 3611 1282 3661 iiam
1294 3609 1335 3661 ibi
1347 3624 1407 3661 non

264 3674 416 3742 Babylonio
428 3690 479 3741 par
489 3676 574 3728 ferme
585 3676 673 3730 inisse
684 3677 809 3729 iudiean·
859 3681 893 3734 de
905 3681 1043 3733 ordinario
1056 3696 1088 3732 ae
1100 3684 1175 3732 atsto
1184 3681 1289 3731 tributo
1300 3679 1407 3745 agitur,

264 3745 310 3797 tis.
350 3746 410 3797 Neo
428 3760 494 3797 sane
513 3745 627 3797 multum
644 3747 752 3800 differre
767 3747 808 3798 vi·
858 3752 906 3803 sed
920 3749 1302 3816 deeoipeo,quodsingulis
1316 3750 1407 3815 genti·

264 3815 343 3874 detur
362 3815 513 3867 Euboicum
534 3815 562 3868 ei
578 3816 699 3868 Atticum
721 3816 808 3869 talen·
859 3821 910 3874 bus
928 3836 977 3885 pro
999 3826 1149 3886 temporum
1166 3819 1342 3885 locorumque
1362 3834 1408 3870 ra·

263 3889 337 3948 tum,
358 3885 429 3952 quod
448 3885 537 3951 ipsum
560 3887 702 3952 sexaginta
720 3887 809 3937 minas
859 3891 933 3942 tione
949 3889 1033 3941 fuerit
1043 3890 1211 3957 impositum,
1223 3890 1282 3942 sive
1292 3888 1358 3940 doni
1369 3889 1409 3940 ad

262 3956 431 4007 continuisse
443 3956 577 4007 neminem
592 3956 674 4021 fugit.
707 3956 749 4008 Ad
762 3972 809 4007 no·
859 3961 946 4011 instar
957 3959 1105 4026 quotannis
1117 3966 1149 4012 ut
1160 3959 1309 4026 penderent
1320 3960 1408 4024 impe-

263 4028 337 4077 stras
359 4038 500 4077 mensuras
526 4025 551 4075 si
578 4025 733 4088 revoearis,
761 4041 810 4077 au·
859 4035 957 4082 ratum.
976 4030 1076 4081 Strabo
1084 4030 1144 4081 XV.
1156 4044 1185 4095 p.
1194 4029 1248 4082 tet
1260 4046 1283 4080 s.
1297 4028 1407 4081 106813.

263 4098 340 4144 olore
359 4093 483 4145 Wurrnio
505 4095 547 4146 De
567 4093 668 4161 poudd.
690 4095 809 4146 rationu.
860 4098 1020 4151 adDarium
1029 4099 1228 4165 Lougimauum
1239 4100 1408 4150 tributorum

263 4166 317 4214 ete.
332 4178 395 4228 pag.
409 4164 444 4213 47
466 4164 574 4228 pondus
593 4165 684 4217 minae
700 4165 810 4217 Atticae
859 4170 994 4221 rationem
1007 4169 1164 4221 institutam
1175 4169 1274 4221 reiicit.

263 4237 311 4313 est·
329 4231 495 4292 saltuum
519 4249 613 4300 gran,
642 4233 739 4286 talenti
761 4235 810 4286 At·
894 4228 1066 4303 ὧςΔαρεῖος
1083 4232 1135 4304 μὲν
1153 4225 1190 4304 ἦν
1204 4230 1342 4304 κάπηλος]
1361 4238 1407 4290 Ad

263 4301 313 4351 tior
332 4300 461 4365 4928571
487 4316 566 4367 gran.
587 4304 691 4366 Paria,
714 4305 809 4370 itaque
859 4309 1085 4374 significationem
1107 4309 1201 4363 verbb.
1225 4298 1354 4372 κάπηλον
1376 4315 1407 4359 et

263 4370 338 4426 muna
357 4374 461 4437 aequat
477 4371 638 4435 operuere
659 4372 809 4426 rurant.
859 4370 1029 4443 κακηιεοω
1048 4379 1169 4442 rerunt,
1189 4393 1260 4445 quae
1275 4377 1311 4428 ιο
1327 4365 1406 4440 rsus

263 4439 314 4492 sin.
335 4439 755 4506 nv00,932782111br.0010n‚
775 4443 809 4510 (a.
859 4447 921 4501 ooli.
940 4448 991 4502 155
1004 4452 1101 4501 notata
1115 4453 1190 4503 sunt.
1203 4475 1239 4486 -
1261 4447 1408 4501 Sententia
