3042 5125
467 381 792 446 MELPOMENE.
815 384 870 446 IV.
893 395 952 450 192.
1219 389 1281 453 649

140 575 305 661 (μέγαθος
328 574 365 643 dd
386 570 422 641 τὸ
436 581 560 664 θηρίον
578 578 676 644 τοῦτο
697 573 781 645 κατὰ
800 581 886 664 βοῦν
900 580 1003 665 ἐστί),
1026 581 1082 649 καὶ
1103 580 1280 672 βασσάρια,

140 776 211 824 ar’cea
235 783 334 825 uocant.
362 776 470 826 Etenim
492 775 591 843 rocula
615 769 686 826 κατὰ
737 774 913 843 λυροφοῖαιξ.
946 779 1024 831 Conf.
1052 780 1233 837 Volekmann.
1251 786 1280 835 in

139 842 398 907 abestallediceo,
420 844 596 909 Florentino,
614 846 684 908 aliis,
737 848 813 899 Diss.
842 849 875 898 de
902 850 1012 915 organis
1043 865 1065 901 s.
1091 853 1278 905 instrumentis

139 904 269 977 quiae'pu
287 913 417 964 mendose
434 915 561 966 exhibent
579 931 628 982 pro
641 910 685 965 κε’-
735 922 802 968 vett.
826 918 936 969 musico.
960 919 1140 984 (Epimetrnm
1161 922 1196 972 ad
1215 922 1279 974 Plu·

140 994 202 1045 peu,
215 996 286 1047 quae
294 997 349 1032 nna
364 988 406 1034 est
417 986 536 1049 genuina
547 985 620 1050 apud
629 986 684 1036 No·
735 985 822 1038 tarch.
834 987 876 1037 De
889 989 998 1051 music.)
1007 1005 1033 1054 p.
1044 989 1102 1041 160.
1126 991 1166 1042 hc
1179 986 1278 1057 πήχεις

139 1054 228 1101 strum
246 1050 348 1115 forma,
372 1057 402 1103 nt
416 1055 470 1103 iam
486 1055 638 1105 monuimus
649 1055 685 1105 ad
735 1056 910 1107 idemvalent
926 1058 955 1106 in
973 1058 1079 1109 eithara
1094 1065 1175 1126 atque
1188 1053 1277 1125 dyaoi

138 1136 202 1185 cap.
212 1118 271 1182 183,
284 1137 408 1188 quaeque
416 1124 499 1174 etiam
509 1124 648 1175 iuvenitur
657 1126 686 1174 in
736 1139 792 1188 vec,
815 1129 885 1177 teste
904 1127 1022 1192 Hesych.
1043 1129 1079 1178 ΙΙ.
1093 1146 1120 1195 p.
1136 1130 1200 1184 958:
1228 1130 1278 1179 Kt-

138 1190 283 1240 Sancrefti
303 1190 375 1241 libro
394 1192 524 1258 ahisque,
548 1197 595 1258 qui
613 1190 684 1243 κατὰ
737 1187 833 1260 θύρας
864 1187 894 1243 δὲ
923 1195 1028 1260 πῆχυς·
1057 1189 1159 1261 ἀγκών.
1199 1199 1278 1251 Ocni.

140 1258 245 1310 habent
256 1259 378 1311 additam
394 1263 638 1327 praepositionem,
651 1280 685 1314 ex
736 1262 915 1316 Volckmann.
935 1264 953 1317 l.
966 1265 983 1316 l.
1002 1281 1065 1332 pag.
1083 1268 1141 1320 loo.
1166 1267 1278 1335 ‚purim

140 1328 388 1394 interpretamento
399 1333 495 1397 opinor
508 1336 596 1383 ortam
608 1339 686 1384 unte
735 1338 826 1384 antem
853 1330 929 1397 (snut
957 1336 1041 1387 rerba
1065 1336 1214 1404 Schweigh.
1243 1338 1279 1389 ad

139 1399 264 1464 margine
283 1400 433 1451 invectam:
458 1416 622 1467 quamquam
643 1403 686 1454 rel
735 1402 836 1455 Athen.
848 1403 867 1453 l.
878 1401 896 1456 l.
907 1403 1112 1457 Animadversa
1125 1408 1158 1458 Τ.
1170 1408 1234 1459 Vll.
1250 1424 1277 1474 p.

138 1468 250 1518 abiecta
260 1466 311 1519 hac
327 1471 530 1535 praepositione
542 1472 588 1522 rix
602 1487 685 1523 sarius
734 1473 809 1537 415),
825 1487 904 1538 quem
918 1465 1001 1536 ζυγὸν
1012 1475 1146 1527 Homerus
1163 1476 1209 1527 lli.
1229 1477 1277 1542 IX,

138 1535 335 1588 videtnrlocus
353 1544 402 1589 ant
417 1541 571 1605 perfectus,
589 1542 618 1590 in
632 1558 685 1607 qno
739 1542 787 1592 187
801 1541 886 1605 dixit,
903 1548 1020 1593 vocatur
1037 1559 1070 1593 ea
1090 1561 1155 1610 pars
1177 1547 1277 1598 instru-

138 1610 232 1669 certe,
253 1608 278 1657 si
298 1607 413 1659 Gesneri
432 1610 685 1675 interpretationem
734 1615 886 1661 mentorum
898 1609 995 1662 fidibus
1006 1617 1144 1665 tensorum
1163 1614 1189 1679 (τ
1197 1612 1224 1672 ’ς
1236 1631 1277 1664 as-

140 1676 268 1741 sequaris
307 1679 427 1742 positum
453 1680 634 1745 exspectabas
653 1671 682 1729 la
735 1671 991 1743 &cipocetomuino
1006 1631 1277 1747 tdvurdopqrdcacis
1327 1690 1331 1695 '

140 1742 197 1794 sois
214 1713 318 1807 aeolus
335 1745 377 1810 (nt
396 1748 513 1811 11,132)
535 1750 579 1800 rel
597 1749 684 1800 simile
734 1738 890 1813 ὀργάνων),
913 1750 942 1798 in
971 1766 1007 1801 ua
1020 1743 1157 1815 ἔγκεινται
1168 1744 1277 1803 velint-

140 1813 221 1881 quid,
254 1815 325 1881 qnod
347 1814 444 1868 melius
467 1824 600 1884 congruat
623 1835 683 1870 cum
735 1833 812 1868 ενται
825 1811 855 1867 oi
862 1765 993 1885 ac'iiodoc
1003 1819 1046 1870 rel
1056 1813 1087 1868 ol
1094 1811 1236 1885 κόλλοπες,
1248 1822 1277 1872 id

140 1883 225 1933 verbo
237 1882 390 1937 ποιεῦνται.
413 1885 560 1953 vulgatam
579 1889 603 1939 si
621 1891 686 1940 reti·
734 1879 818 1938 estol
831 1877 983 1954 rationator,
1004 1876 1226 1950 detestatorem
1245 1882 1278 1940 αἱ

141 1944 334 2015 neas,'malim
348 1955 389 2006 sic
406 1956 597 2021 interpretari:
622 1975 684 2025 qno·
734 1952 849 2021 χορδαὶ,
867 1974 898 2008 eu
906 1974 989 2022 pmn,
1010 1960 1056 2010 cui
1070 1962 1276 2031 inaemmtuqcla·

140 2041 195 2074 rems
214 2025 250 2073 nd
264 2039 362 2077 cornua
379 2026 448 2091 quod
459 2029 558 2086 attinet,
579 2029 683 2078 oetam
732 2030 830 2077 vinciae
842 2026 899 2076 sive
914 2030 1042 2091 verticilli,
1059 2044 1073 2077 e
1088 2029 1185 2094 quibus
1197 2024 1276 2094 affla-

139 2089 228 2155 (inde)
239 2096 403 2157 conficiuntur
416 2096 501 2148 cubiti.
524 2095 682 2158 Lhardyin-
733 2100 780 2145 tae
797 2098 861 2145 suut
879 2094 1007 2147 chordae.
1034 2096 1080 2147 Sic
1096 2090 1145 2145 τὸν
1162 2088 1276 2163 α’γκῶνα

138 2167 319 2226 terpretatnrr
337 2165 436 2224 „deren
451 2166 556 2216 Hdrner
568 2183 598 2216 zu
612 2166 683 2229 Gris-
733 2163 778 2215 vel
799 2155 848 2212 cdo
869 2160 963 2227 πῆχυν
984 2170 1012 2215 et
1037 2158 1102 2223 τοὺς
1123 2158 1276 2233 κολλάβους

135 2232 183 2295 fen
193 2229 249 2296 [fiir
259 2231 452 2299 dieltitharen]
461 2235 612 2286 οενονλαίια
620 2252 683 2285 νοον-
734 2249 795 2285 οιιιιι
807 2233 935 2284 brevibus
947 2233 983 2283 ad
992 2234 1107 2286 Iliadem
1117 2236 1218 2287 scholis
1232 2252 1277 2288 ex·

138 2303 225 2361 den“,
244 2300 317 2351 haud
333 2302 450 2352 offensus
462 2301 561 2367 plurali
572 2319 682 2354 numero
733 2307 839 2369 ponunt
851 2302 1030 2369 Etymologns
1051 2320 1077 2369 p.
1093 2306 1146 2355 412
1162 2305 1181 2356 l.
1199 2307 1229 2356 12
1248 2310 1276 2357 et

138 2367 327 2436 (ποιεῦνται),
347 2372 394 2437 qni
414 2373 517 2437 excipit
536 2367 569 2420 τὰ
590 2366 681 2438 κέρεα,
733 2370 889 2438 Hesychius
914 2387 982 2423 voce
1011 2364 1087 2438 Ζογαὶ
1118 2372 1170 2439 [Τ.
1195 2376 1218 2425 l.
1247 2391 1275 2441 p.

139 2439 212 2504 quod
226 2455 275 2505 pro
290 2440 413 2492 subiecto
426 2441 523 2492 haberi
534 2441 606 2505 vult,
621 2457 683 2493 cum
735 2440 843 2508 1587].“
902 2457 954 2492 uae
972 2443 1155 2494 subiiciuntur
1177 2444 1274 2495 verba:

137 2508 252 2560 verbum
264 2509 422 2561 adstruatur
441 2511 543 2561 nomini
555 2510 682 2577 adposito
733 2506 859 2576 μέγαθος
875 2442 907 2560 (cd
926 2502 957 2560 τὸ
975 2510 1081 2579 θηρίον
1100 2510 1181 2564 τοῦτο
1204 2505 1276 2564 κατὰ

139 2569 249 2643 πήχεες.
276 2580 353 2642 Quae
371 2582 443 2631 ratio
462 2596 525 2631 num
544 2579 608 2632 ferri
619 2598 682 2647 pos·
734 2578 803 2647 βοῦν
816 2573 874 2631 ἐστὶ
886 2582 1036 2632 rectissime
1046 2584 1101 2633 dici
1111 2583 1275 2647 desnimnli,

138 2650 193 2711 sit,
215 2648 389 2701 vehementer
412 2650 506 2701 dubito
523 2652 682 2716 respiciens,
733 2650 806 2716 quod
818 2651 925 2702 statutt
942 2652 1119 2719 corporisque
1137 2653 1207 2704 mole
1220 2668 1277 2704 cer·

139 2716 195 2767 alia
209 2723 371 2782 misceam,
392 2719 427 2769 ad
438 2736 484 2782 ea,
500 2736 569 2786 quae
581 2720 613 2772 de
625 2719 683 2786 plu·
732 2735 797 2770 rum
811 2735 831 2769 s.
846 2720 942 2770 horem
954 2726 1067 2785 aequet,
1084 2724 1155 2772 satis
1167 2722 1276 2784 docent,

138 2785 191 2837 rali
204 2802 315 2839 nnmero
327 2803 424 2839 nomen
440 2790 561 2840 neutrius
575 2791 682 2856 generis
733 2803 803 2854 quae
814 2788 942 2839 Bochart.
955 2788 973 2839 l.
989 2789 1008 2840 l.
1019 2805 1081 2856 pag.
1093 2791 1145 2842 948
1157 2796 1184 2841 et
1195 2789 1276 2841 Lich-

139 2857 294 2922 excipiente
304 2855 435 2909 disseruit
446 2859 563 2910 Bredor.
576 2875 603 2924 p.
616 2858 680 2918 3353
733 2859 853 2909 teustein
868 2856 887 2909 l.
907 2857 924 2909 l.
938 2858 1098 2909 attulemnt.
1119 2886 1153 2896 -
1170 2860 1212 2911 De
1223 2875 1276 2910 usu

138 2940 226 2990 neque
239 2928 310 2977 enim
327 2927 380 3002 huc
396 2929 491 2979 referri
504 2932 633 2994 poterunt
643 2926 683 3006 lq·
731 2928 946 2993 praepositionis
975 2920 1047 2977 acroi
1077 2928 1113 2978 cf.
1141 2933 1212 2983 nott.
1240 2929 1276 2980 ad

138 2992 681 3132 61661Ξέἐιξθιιιῗαζεέιῖἓῗολξιιι-ιι-οεὲζὶιιὲζζ,
732 2997 916 3132 cadddddpsu]
941 3066 1024 3116 Teste
1044 3066 1182 3130 Hesychio
1200 3068 1224 3118 I.
1246 3082 1275 3132 p.

138 3137 170 3183 nt
187 3134 259 3185 idem
279 3136 395 3186 edocuit.
421 3136 501 3199 Quod
522 3136 606 3201 vulgo
626 3152 681 3186 ma·
732 3135 799 3198 702,
823 3133 907 3186 auius
922 3134 1144 3214 I.p.⁴llt)atqnp
1156 3136 1275 3200 Etymol.

139 3201 246 3254 iuscnla
263 3203 344 3255 litera
362 3204 463 3256 initiali
481 3206 612 3270 scriptum
623 3210 682 3256 erat
704 3245 707 3254 .
731 3203 814 3270 otoo
825 3208 892 3255 extr.
909 3199 1043 3270 βασσαρλς
1061 3212 1104 3256 est
1118 3196 1233 3271 αλώιιηξ
1248 3211 1277 3257 et

139 3269 267 3337 Φοίνιξι,
283 3276 389 3326 mutavi
409 3291 469 3326 cnm
487 3280 600 3326 recenti.
619 3274 680 3325 edd.
733 3266 873 3342 βασσάρια
890 3278 955 3323 sunt
973 3263 1129 3339 ἅλωπὲκια,
1149 3275 1167 3325 1.
1180 3291 1204 3326 e.
1223 3280 1277 3327 oal-

139 3342 166 3391 in
180 3339 300 3408 φοίνιξι,
317 3359 377 3395 oum
391 3343 425 3395 de
440 3344 605 3396 Phoenicum
617 3360 682 3409 gen·
729 3362 787 3409 pes,
803 3345 965 3408 vulpeculae,·
984 3341 1057 3407 qnod
1074 3343 1146 3393 idem
1157 3344 1277 3395 vocabu·

138 3417 166 3461 te
178 3410 224 3462 hic
236 3413 347 3463 minime
358 3418 468 3478 agatur,
481 3413 529 3464 sed
541 3414 574 3464 de
585 3416 683 3464 instru·
733 3414 788 3463 lum
801 3411 890 3463 adhuc
901 3411 930 3461 in
938 3411 1053 3477 Coptica
1064 3411 1158 3476 lingna
1168 3416 1276 3463 exstare

139 3484 230 3531 mento
244 3482 347 3532 musico
359 3482 434 3533 haud
447 3483 504 3533 scio
517 3499 552 3533 au
568 3499 585 3534 a
597 3482 683 3534 Phoe·
733 3482 839 3532 monuit
855 3482 945 3545 Ignat.
967 3480 1047 3531 Rosa.
1071 3480 1191 3543 Etymol.
1209 3482 1276 3547 Aeg.

139 3550 243 3601 uicibus
258 3554 370 3603 invento
387 3558 415 3602 et
431 3552 495 3604 inde
513 3552 548 3601 ad
562 3553 682 3603 Graecos
733 3567 759 3615 p.
774 3549 818 3604 35.
831 3550 873 3600 Ad
883 3549 1015 3600 Punicam
1030 3551 1141 3611 stirpem
1154 3549 1275 3614 G.Muys

137 3618 275 3673 traducto.
311 3621 383 3671 Hinc
407 3623 518 3673 culmos
543 3620 682 3672 intellexa·
733 3616 945 3684 (Griechenlnnd
960 3630 986 3666 n.
1001 3617 1028 3668 d.
1046 3616 1163 3680 Orient.)
1176 3633 1217 3668 nr.
1232 3619 1275 3672 46.

138 3693 203 3739 runt
215 3689 330 3741 Salmas.
345 3689 381 3740 ad
395 3690 481 3742 Solio.
500 3707 526 3756 p.
547 3691 611 3753 157,
631 3690 682 3739 Bo·
733 3705 760 3753 p.
781 3688 815 3739 26
831 3701 889 3751 aeq.
904 3700 999 3737 vocem
1016 3685 1110 3737 refert.
1138 3685 1222 3748 Inde,
1244 3691 1275 3738 ut

137 3759 224 3810 chart.
245 3758 264 3810 l.
277 3757 296 3809 l.
314 3775 341 3824 p.
357 3758 409 3811 916
422 3761 540 3824 itemque
552 3757 680 3810 Larcher.
731 3756 783 3808 hcc
795 3755 938 3817 adiiciam,
954 3754 1013 3818 ipse
1029 3753 1153 3805 Bacchus
1167 3754 1274 3807 Βασσα-

136 3830 173 3878 Et
190 3844 258 3879 sane
282 3827 353 3881 iuter
371 3831 552 3880 instrumenta
577 3828 681 3879 musica
733 3818 812 3891 peric,
828 3826 848 3877 i.
867 3841 892 3877 e.
909 3822 1022 3888 vulpina
1039 3822 1109 3889 pelle
1126 3824 1184 3875 sive
1202 3826 1275 3878 stola

136 3897 295 3949 Athenaeus
310 3897 424 3963 (slve
440 3897 497 3966 [40]
511 3914 575 3965 pag.
589 3898 679 3949 637Β.
731 3895 869 3961 vulpinam
884 3892 979 3960 pellem
996 3893 1132 3946 referente
1153 3894 1274 3962 indutus,

136 3966 199 4018 cell.
216 3965 317 4031 Ephori
332 3968 454 4033 fragmm.
468 3984 530 4034 pag.
546 3967 594 4019 261
612 3965 681 4032 seq.)
731 3964 837 4031 qualem
852 3964 897 4014 hic
909 3978 1015 4028 quoqne
1028 3962 1133 4013 Bacchi
1150 3967 1275 4016 sacerdo·

135 4035 224 4087 refert
239 4037 375 4100 phoenicea
395 4038 435 4087 sie
452 4037 551 4101 dictas,
573 4037 645 4103 qnod
664 4052 681 4087 a
734 4041 775 4087 tes
790 4050 838 4100 per
854 4036 947 4084 Asiam
964 4032 1093 4083 minorem
1104 4033 1276 4113 pptissimnm

137 4103 318 4156 Phoenicibus
355 4107 483 4156 inventae
516 4107 682 4168 dicerentur,
733 4109 843 4170 gestare
870 4101 1011 4165 solebant,
1042 4098 1187 4168 βασσαραα
1216 4106 1275 4156 sire

137 4173 181 4224 rel
193 4174 467 4238 secundnmScmnm,
478 4176 542 4241 qnia
552 4191 654 4226 cornua
667 4192 682 4226 e
733 4170 891 4241 βασααρίδα
907 4169 987 4237 vulgo
1001 4171 1117 4236 dictam,
1136 4173 1209 4223 unde
1221 4173 1275 4226 He·

137 4242 271 4308 phoenice
295 4243 408 4296 Deliaca
431 4244 569 4295 fabricata
593 4249 681 4295 eraut.
732 4242 843 4309 tychius
869 4247 897 4292 et
922 4240 1072 4293 Grammat.
1101 4242 1130 4291 iu
1156 4241 1274 4296 Beltker.

137 4314 227 4376 Atque
239 4313 312 4377 apud
327 4313 440 4364 eundem
451 4314 620 4365 Athenaeum
633 4314 681 4364 lV.
733 4312 853 4364 hnecdd.
872 4327 899 4376 p.
911 4310 962 4360 222
982 4303 1126 4376 panonicos
1141 4312 1275 4390 interpre-

135 4399 162 4448 p.
171 4381 263 4433 1751).
276 4383 420 4435 sambucae
432 4384 537 4450 species
547 4382 681 4449 quaedam
731 4386 808 4432 tatur
829 4377 946 4459 χιτῶνας
964 4381 1170 4458 Διονυσιακοος
1181 4381 1273 4459 ποιαί-

135 4456 379 4518 commemorstnr,
398 4469 468 4519 qnae
484 4457 586 4505 vocata
597 4453 680 4504 fuerit
732 4451 812 4516 λοος,
829 4463 879 4508 οος
887 4439 1010 4515 ἐφόρουν
1021 4442 1054 4498 αἱ
1065 4446 1187 4517 Oppiani
1200 4449 1271 4499 Βακ-
