3042 5125
242 426 304 490 680
649 422 914 488 EXOURSUS
936 425 971 487 11

325 614 465 686 Septimus
481 614 555 667 inter
574 613 734 667 conluratos
753 616 868 667 vocatur
885 614 988 669 Derim
1008 633 1032 668 s.
1054 614 1233 685 Doryoousle,
1260 614 1387 685 eiusque

241 708 321 774 pater
334 702 475 772 Hystaspes
488 716 512 752 s.
533 699 696 770 Vosbtdspo:
712 698 746 751 (le
764 715 819 770 quo
829 699 904 752 inter
920 716 1013 753 omnes
1025 699 1165 753 convenit.
1195 700 1292 769 Ipsum
1303 699 1391 752 Darii

242 805 355 855 nomen,
376 785 450 855 quod
468 783 497 835 in
520 783 706 853 compluribus
722 783 865 836 invenitur
882 784 1113 856 inscriptionibus
1132 784 1257 837 cuneatis
1275 785 1389 855 Doryc·

240 876 312 928 oum
327 890 350 925 s.
365 870 540 939 Doroyooue,
556 869 664 939 abipso
676 868 818 921 Herodoto
827 866 930 938 V1,uu
943 861 1221 939 explicatur‘Epsselnc
1232 861 1385 939 sffpglpc,

241 958 261 1010 i.
275 977 300 1012 e.
312 956 452 1011 coe‘rea‘lor:
465 955 499 1007 ad
511 970 590 1024 quem
602 953 689 1006 locum
702 953 782 1022 plura
792 953 940 1007 afferemus
956 952 990 1007 de
1008 953 1091 1006 huius
1103 954 1220 1006 nominis
1231 954 1342 1007 ratione
1355 962 1387 1007 et

242 1041 454 1112 significatione.
495 1040 602 1092 Nomen
629 1038 717 1108 patris
743 1035 950 1091 Rawlinsonum
977 1036 1066 1091 secuti
1097 1037 1175 1091 modo
1205 1037 1384 1091 exhibuimus

244 1128 409 1197 Vesuluspm
422 1125 574 1195 Oppertus.
582 1117 612 1190 ⁴¹)
623 1120 678 1191 legi
691 1120 750 1174 vult
765 1121 946 1193 Virtoopolqa,
958 1122 1123 1175 Grotesend.
1137 1126 1239 1194 lstuzpr
1249 1122 1323 1176 unde
1334 1141 1384 1175 re-

242 1213 393 1265 centiorum
405 1210 552 1262 Persarum
566 1207 594 1259 in
612 1207 707 1276 lingua
719 1208 844 1277 amomo
870 1206 985 1260 Praeter
1002 1207 1075 1259 huno
1085 1207 1161 1259 Darii
1179 1213 1285 1277 patrem
1303 1208 1383 1260 filius

242 1314 352 1367 qnoque
362 1293 440 1347 Darii
452 1300 481 1346 et
491 1293 610 1345 Atossae
625 1285 739 1345 dicitur‘
747 1284 910 1362 Torcioorno,
925 1292 1055 1345 Sacarum
1066 1293 1224 1361 praefectus
1236 1292 1309 1361 apud
1320 1292 1382 1345 He-

241 1380 331 1434 rodot.
349 1377 410 1446 Vll,
426 1380 476 1446 643
488 1377 580 1429 eadem
591 1377 680 1446 stirpe
691 1380 846 1446 prognatus
858 1376 969 1430 ridetur
977 1369 1136 1446 Ὑστάσπης
1149 1369 1165 1430 ὁ
1180 1372 1318 1445 Βάκτριος
1331 1394 1382 1428 co-

240 1466 347 1536 piarum
358 1463 414 1516 dux
425 1462 452 1514 in
465 1460 575 1514 Arrian.
590 1460 697 1531 Exped.
711 1460 907 1530 A1e1.vr1,o.
923 1466 950 1528 ς.
961 1465 988 1514 b.
1021 1462 1115 1531 Ipsum
1134 1479 1231 1515 nomen
1249 1461 1316 1531 quid
1327 1477 1382 1513 va-

241 1548 304 1615 leat,
316 1548 362 1601 vix
378 1545 510 1599 constitui
522 1563 606 1615 posse
620 1544 725 1598 indicat
735 1546 893 1615 Opportus3
908 1546 956 1617 qui
966 1546 1068 1599 dudum
1081 1546 1109 1598 in
1123 1546 1183 1600 eius
1196 1546 1382 1615 significatio·

241 1651 302 1687 nem
313 1631 477 1703 inquisierat
486 1629 568 1698 Hyde
582 1629 616 1682 de
627 1629 706 1698 relig.
718 1629 845 1683 Persarr.
856 1649 884 1700 p.
896 1634 957 1698 30⁴,
968 1649 1033 1701 equo
1042 1638 1161 1701 suctum,
1175 1632 1195 1683 ἰ.
1207 1651 1232 1685 e.
1247 1633 1308 1700 equi
1319 1632 1383 1685 rto-

241 1721 299 1773 m'tu
312 1736 405 1789 regern
420 1724 538 1770 ereatura
553 1713 669 1767 indicari
687 1713 889 1784 suspicabatur.
924 1715 1030 1769 Contra
1039 1735 1116 1784 euos,
1134 1718 1209 1771 euius
1221 1735 1305 1785 equas
1317 1718 1382 1770 tor-

241 1806 324 1858 nitum
339 1802 463 1869 ediderit,
483 1818 551 1853 voce
564 1801 709 1870 Gusthtoop
721 1798 854 1853 declarari
873 1800 972 1852 statuit
986 1800 1097 1854 Vullers
1120 1800 1226 1869 (Ueber
1246 1801 1292 1854 die
1303 1800 1381 1853 Reli-

242 1890 307 1957 gion
320 1887 347 1939 d.
359 1887 484 1939 Zoroast.
497 1904 525 1955 p.
535 1884 609 1949 104).
623 1884 747 1951 Rectius,
761 1884 787 1937 si
798 1884 863 1956 quid
877 1884 965 1955 video,
976 1885 1108 1939 Burnoul
1115 1892 1143 1938 et
1153 1886 1260 1939 Lassen
1273 1885 1382 1938 malunt

241 1972 358 2041 intelligi
370 1991 445 2043 eum,
460 1972 506 2039 qai
517 1988 596 2039 equos
609 1971 688 2023 babet
699 1987 723 2023 s.
735 1978 850 2039 tractae,
867 1970 1017 2039 cottonem
1030 1989 1053 2023 s.
1066 1990 1191 2040 equorum
1202 1973 1382 2044 nagistrum

242 2058 298 2111 vid.
315 2058 439 2109 Lassen:
455 2054 636 2124 Altpersisclr.
653 2053 824 2108 Keilscbriit.
842 2073 869 2124 p.
886 2057 917 2108 41
931 2060 960 2108 et
977 2056 1051 2108 conf.
1070 2073 1141 2126 quae
1159 2056 1193 2108 de
1208 2056 1259 2109 hac
1276 2074 1309 2109 re
1323 2073 1382 2108 mo·

243 2148 365 2195 nnerunt
381 2156 492 2211 quoque
507 2138 622 2191 Boblen.
640 2138 682 2191 De
700 2139 801 2207 origin.
818 2139 886 2208 ling.
904 2157 932 2209 p.
944 2144 978 2195 59
991 2158 1051 2210 seq.
1065 2145 1093 2193 et
1108 2140 1280 2193 Grotefenclr
1298 2141 1382 2194 Neue

241 2226 372 2294 Beitroige
390 2241 441 2277 zur
451 2223 612 2291 Erkliruug
626 2223 653 2276 d.
673 2223 802 2291 babylon.
817 2224 989 2277 Keilschrilt.
1009 2225 1151 2295 (Hannon.
1166 2225 1248 2292 1840)
1267 2243 1333 2295 pag.
1346 2227 1383 2279 63

241 2328 320 2382 seqq.
349 2309 389 2362 Ac
400 2308 519 2378 deniqne
535 2307 656 2361 conferri
671 2325 782 2378 quoque
793 2309 896 2379 poterit
906 2309 1065 2362 Donaldson
1084 2309 1113 2361 in
1125 2309 1242 2363 Journal
1259 2312 1292 2362 of
1299 2310 1383 2363 Asia·

240 2396 280 2447 tic
290 2394 396 2461 society
407 2392 486 2460 XVI,
502 2396 526 2447 1.
538 2410 602 2463 pag.
614 2396 646 2459 3,
659 2393 707 2445 ubi
725 2392 776 2447 hoo
794 2411 890 2447 nomen
906 2394 940 2447 ad
954 2397 1113 2451 Ormurdum
1129 2394 1162 2467 (i.
1175 2412 1200 2448 e.
1212 2394 1319 2462 Solem)
1335 2413 1382 2448 re·

241 2480 308 2534 ferri
324 2478 383 2531 vult
396 2478 513 2548 eiusque
529 2478 669 2548 epitheton
686 2477 777 2530 babet.

784 2675 829 2739 Π.

325 2818 386 2871 Hos
398 2817 485 2887 igitur
496 2822 600 2887 septem
615 2816 775 2869 coniuratos
785 2816 946 2870 Herodotus
956 2816 1024 2870 dicit
1036 2817 1176 2888 principes
1179 2818 1266 2897 ,viros
1278 2817 1382 2872 Persa-

241 2922 315 2973 rum,
337 2897 463 2974 πρῶτους
479 2899 591 2969 loetum
607 2901 747 2967 illustres,
765 2894 932 2972 ἐπισήμους,
952 2906 1032 2956 vocat
1043 2902 1168 2956 Ctesias=
1185 2903 1261 2957 unde
1277 2903 1384 2974 princi-

241 3008 291 3060 pes
301 2988 438 3056 tribuum,
451 2988 553 3059 quibus
566 2987 715 3039 Persarum
727 2986 802 3038 natio
817 2987 988 3055 constiterit,
1009 2986 1052 3040 vel
1065 2993 1140 3040 certe
1151 2988 1287 3057 primores
1299 3008 1315 3041 e
1327 2989 1382 3041 Pa-

241 3075 419 3142 sargadarum
436 3073 510 3126 tribu
526 3103 560 3113 -
571 3073 694 3137 Stemm,
711 3070 979 3142 Familienhaeupter
997 3073 1047 3126 der
1058 3070 1160 3126 Perser
1170 3104 1205 3113 -
1217 3073 1382 3144 suspicatus

240 3164 300 3212 erat
316 3158 437 3211 Heeren.
450 3156 534 3209 ldeen
547 3161 598 3209 etc.
612 3155 640 3218 Ι,
655 3159 678 3209 l.
695 3173 760 3226 pag.
774 3159 840 3210 414:
854 3156 1010 3211 huiusmodi
1027 3175 1094 3210 vero
1106 3156 1246 3227 principes
1261 3177 1314 3228 per
1324 3159 1382 3212 ori-

240 3249 344 3309 entem,
364 3241 409 3293 ubi
426 3241 460 3293 de
478 3239 558 3310 regni
576 3256 738 3294 successore
752 3241 946 3295 constituendo
964 3242 1072 3310 agitur,
1090 3241 1251 3313 plerumque
1268 3247 1297 3296 et
1313 3261 1380 3296 oon-

240 3326 337 3379 venire
350 3332 378 3379 et
395 3323 549 3379 deliberare
570 3324 614 3378 rel
638 3323 752 3377 aliarum
773 3326 894 3395 gentium
911 3325 1097 3394 orientalium,
1122 3332 1153 3380 ut
1168 3326 1378 3397 Mongolorun,

240 3410 361 3483 exemplo
375 3410 556 3464 demonstrari
568 3409 638 3462 idem
652 3410 698 3463 vir
712 3408 811 3464 doctus
829 3410 932 3465 adiicit.
964 3411 1004 3465 Ac
1016 3429 1084 3464 sane
1097 3411 1132 3465 da
1145 3411 1275 3466 Tartaris
1293 3419 1379 3482 atque

238 3497 350 3551 Hunnis
360 3495 456 3550 similia
468 3496 631 3563 traduntur,
647 3511 717 3566 quae
727 3496 811 3549 affert
822 3495 949 3550 Gibbon=
964 3496 1066 3550 Gesoh.
1079 3496 1106 3549 d.
1123 3496 1200 3550 Veri.
1217 3497 1268 3551 Vl.
1283 3516 1312 3568 p.
1326 3500 1380 3552 294

240 3601 313 3637 vers.
329 3600 430 3651 germ,
443 3582 545 3651 quibus
560 3581 661 3634 addere
675 3579 757 3649 licet,
778 3597 850 3651 quae
866 3581 900 3634 de
911 3581 1053 3650 Hungaris
1066 3581 1215 3635 traduntur
1224 3575 1290 3651 **);
1311 3583 1380 3635 lrseo

239 3668 310 3721 enim
325 3686 395 3737 gens
410 3683 470 3720 oum
487 3667 516 3718 in
532 3667 671 3736 Europam
687 3665 805 3732 migrare
827 3666 1036 3736 constituisset,
1053 3676 1152 3737 septeno
1172 3667 1226 3720 riri
1244 3669 1380 3739 principes

238 3753 381 3807 exstitisse
398 3753 542 3818 dicuntur,
559 3752 608 3822 qui
624 3750 711 3803 libera
729 3767 762 3803 ex
777 3749 921 3804 voluntate
935 3751 1027 3820 gentis
1050 3751 1221 3805 etcommuni
1235 3769 1377 3806 consensu

238 3838 332 3900 ducem
346 3838 401 3892 sibi
416 3836 524 3905 eligunt
535 3835 649 3904 Almum,
666 3835 753 3888 virum
762 3853 865 3904 genere
882 3835 1020 3904 insignem
1034 3842 1062 3890 et
1075 3836 1146 3890 bello
1162 3835 1275 3891 claram.
1295 3838 1378 3901 Quae

237 3939 297 3976 cum
313 3924 353 3976 ita
366 3924 440 3990 sint,
464 3921 536 3975 hand
548 3938 664 3991 prorsus
676 3921 740 3973 licta
752 3920 922 3973 videbuntur
940 3938 987 3987 es,
1006 3938 1077 3992 quae
1091 3922 1149 3989 ΙΙΙ,
1168 3923 1204 3975 80
1214 3940 1295 3994 seqq.
1314 3922 1378 3994 (ubi

236 4008 293 4060 rid.
306 4014 376 4060 nott.
390 4025 453 4079 pag.
468 4006 532 4073 152)
543 4007 648 4060 Noster
663 4005 749 4059 tradit
764 4004 798 4059 de
812 4005 969 4059 huiusmodi
980 4006 1187 4074 deliberatione,
1205 4007 1282 4061 inter
1296 4008 1374 4078 priu-

237 4091 313 4160 cipes
327 4092 475 4146 Persarum
491 4091 526 4143 de
541 4109 627 4160 regno
646 4089 841 4144 constituendo
853 4090 955 4144 habita.
984 4091 1022 4144 Hi
1040 4110 1107 4146 vero
1119 4092 1174 4162 ipsi
1188 4097 1294 4164 septem
1307 4092 1377 4146 Per·

237 4193 329 4228 sarum
350 4177 491 4247 principes
506 4175 569 4228 mibi
586 4177 621 4228 ad
636 4177 892 4232 Aetoemeuidorum
907 4176 1021 4246 stirpem
1042 4195 1066 4230 s.
1081 4178 1184 4231 tribum
1200 4177 1376 4246 pertinuisse

236 4259 382 4330 videntur,
400 4278 480 4331 quarn
497 4260 600 4328 regiam
620 4263 678 4314 lere
696 4266 724 4314 et
744 4262 899 4332 primariam
920 4261 994 4315 inter
1005 4261 1153 4316 Persarum
1173 4261 1265 4316 tribus
1284 4263 1376 4316 fuisse

305 4457 333 4518 *l
350 4457 465 4509 Journal
480 4456 597 4525 Asiatiq.
611 4459 651 4510 IV
663 4458 720 4510 Sor.
732 4461 811 4515 Tom.
820 4461 909 4513 XVII.
923 4475 951 4527 p.
966 4461 1027 4514 262.

305 4526 349 4597 ¹'’l)
365 4528 426 4581 Vid.
437 4529 541 4582 Hister.
553 4529 640 4583 eritlo.
649 4529 773 4606 Hungsr.
785 4531 863 4586 doec.
874 4547 892 4583 s
900 4529 1241 4604 Katons(Pestb1778)p.
1252 4530 1373 4600 ttsoqq.
