3042 5125
266 336 328 399 368
702 337 971 400 HERODO'I'I

258 524 379 607 Ὤπιός
391 554 426 595 τε
440 528 496 595 καὶ
508 524 631 616 Ἀργης
650 523 913 617 ἀναισιμοῦσθαι
931 531 1203 617 ἐπιβαλλομένην.
1230 524 1295 615 ήόὲ
1307 525 1382 615 θήκη

267 628 397 701 αὐτέων
411 631 481 699 ἐστὶ
493 626 615 699 όιιισθε
632 635 693 699 τοῦ
709 629 915 721 Ἀρτεμισίου
938 630 1020 720 πρὸς
1041 628 1091 721 riui
1104 632 1317 720 τετραμμένη,
1334 627 1382 718 ιῖγ-

220 734 396 823 36χοτότον
419 737 480 802 τοῦ
496 740 613 822 Κηΐων
630 740 841 824 ἱστιητορίου.
882 738 951 806 Καὶ
973 739 1077 805 ταῦτα
1101 736 1163 825 μὲν
1179 732 1385 822 Ὑπερβορέων
1454 791 1457 828 ;

269 941 361 986 utrmu
379 933 438 985 scil.
458 949 522 985 ossa
545 921 653 985 tuntum
671 933 816 988 femoralia
865 933 922 986 vid.
934 934 1004 985 VIlI
1010 972 1017 997 ‚
1031 935 1042 985 l
1054 933 1146 1000 ibique
1155 924 1386 997 musicorumque

270 1021 306 1056 au
326 1020 434 1055 caruem
456 1020 563 1070 quoque
586 1005 695 1057 ossibus
713 1006 816 1068 adbae-
865 1008 1026 1057 coenaculum
1040 1004 1170 1069 intelligit
1182 1001 1387 1067 &insignirer-

268 1079 373 1126 rentem
380 1075 514 1124 Homerus
524 1074 699 1126 indicaverit.
719 1078 751 1127 lu
761 1092 816 1141 qna
865 1074 938 1126 cher.
956 1074 991 1124 ds
1007 1072 1086 1124 iestis
1105 1074 1269 1124 solemnibus
1285 1072 1388 1137 cogiten-

269 1145 471 1210 disceptatione
491 1144 557 1193 mihi
573 1143 665 1209 placet
679 1146 817 1197 Nitaschii

269 1215 409 1266 sententia
432 1214 558 1279 (Adnott.
577 1213 616 1263 ad
638 1213 737 1280 Odyss.
763 1217 815 1275 ΙΙΙ,

269 1285 321 1335 ooo
343 1299 406 1349 pag.
425 1282 486 1333 223.
508 1283 588 1346 224),
621 1284 738 1351 indeque
764 1301 815 1351 μη-

271 1352 318 1417 ριά
335 1354 386 1403 boc
402 1367 510 1417 quoque
522 1352 583 1404 loco
594 1353 748 1419 intelligere
761 1370 818 1405 ma·

271 1423 317 1472 lim
332 1427 427 1488 partes
444 1437 460 1471 e
477 1422 581 1473 femore
602 1431 742 1487 exsectae,
759 1440 816 1475 una

271 1507 331 1542 cum
345 1492 453 1542 ossibus
464 1492 538 1554 scil„
553 1492 634 1559 adipe
654 1508 779 1560 quoque,
792 1496 817 1545 si

270 1561 356 1624 velis,
372 1560 584 1612 circumvolutae
597 1562 705 1629 diisque
720 1577 817 1615 couse-

271 1638 374 1683 cram.
382 1632 464 1681 Plura
473 1631 668 1684 detonsum.
677 1635 817 1685 Hermann

271 1701 480 1753 Gottesdieustl.
489 1700 604 1753 Alterth.
616 1705 689 1765 ΜΒ.
703 1709 761 1755 not.
772 1705 816 1754 st.

271 1772 341 1823 (lod.
358 1771 507 1822 Hermann.
525 1772 553 1821 in
572 1777 644 1823 nott.
662 1772 699 1824 ad
716 1774 817 1825 Aesch.

271 1839 409 1892 Prometb.
421 1857 448 1891 v.
456 1843 507 1894 498
519 1839 580 1892 coll.
588 1843 678 1893 Amcia
690 1844 724 1894 ad
732 1843 820 1910 Odys-

272 1926 336 1962 seae
348 1909 391 1960 l.l.
404 1911 480 1976 pdtl.
498 1912 540 1962 De
553 1911 637 1963 verbo
649 1912 817 1978 ιιαταγιῖειν,

274 1981 345 2047 quod
356 1979 389 2031 dc
399 1981 518 2032 victimis
525 1996 590 2031 arae
597 1982 820 2049 impositis,quae

273 2054 337 2117 igue
360 2057 569 2115 consumuntur,
592 2052 646 2103 dici
672 2053 757 2115 solet,
780 2053 817 2104 ei.

274 2120 438 2186 Wesseliug.
455 2120 490 2169 ad
501 2121 614 2172 Diodor.
625 2122 677 2185 Ν,
691 2124 733 2174 23.
751 2125 819 2173 Kar-

274 2197 344 2241 sten.
364 2189 398 2239 ad
411 2190 539 2256 Aeschyli
548 2191 705 2254 Agamemn.
716 2193 777 2244 581.
792 2209 817 2259 p.

274 2259 325 2309 200
347 2265 375 2310 et
392 2259 448 2309 vid.
468 2258 601 2311 Herodot.
620 2261 647 2322 Ι,
671 2261 705 2312 bb
726 2263 820 2328 ibique

274 2334 344 2379 nott.
357 2329 419 2388 Vll,
434 2327 492 2380 lov.
516 2321 610 2393 θήκη,
626 2331 697 2394 quod
707 2333 821 2382 arctiori

275 2414 357 2450 sensu
371 2397 404 2447 de
422 2400 503 2450 loculo
523 2414 544 2448 s.
561 2415 625 2448 arca
640 2400 755 2464 dicitur,
772 2402 819 2452 hic

274 2467 366 2518 latiori
385 2481 468 2516 seusu
487 2467 521 2517 de
537 2470 593 2533 ipso
610 2474 728 2533 sepulcro
746 2473 820 2522 acci-

274 2538 416 2605 piendum,
435 2541 466 2588 ut
485 2537 527 2601 11,
544 2539 589 2600 42,
612 2538 660 2590 ubi
674 2540 730 2592 vid.
747 2545 817 2593 nott.

275 2611 335 2672 Quo
358 2623 424 2660 vero
443 2608 502 2659 iure
521 2623 555 2660 ex
571 2608 624 2659 hoc
647 2608 707 2662 loco
730 2611 761 2662 0.
784 2614 817 2663 0.

273 2677 397 2730 Mueller.
410 2676 471 2729 loco
485 2693 548 2729 mor
558 2675 696 2730 laudando
708 2680 820 2732 effinxe-

274 2750 312 2799 rit
323 2752 398 2800 attum
406 2752 546 2813 repuleras
558 2752 665 2805 eciam
674 2767 750 2802 sucro
759 2768 819 2803 con·

274 2826 394 2870 τινατιιοα
407 2817 463 2882 (ein
476 2817 560 2869 bobes
573 2818 647 2870 Grab
660 2835 710 2871 aus
723 2820 819 2886 Opler·

275 2888 387 2953 asche),
397 2888 458 2952 ipse
468 2888 571 2939 videat.
590 2889 670 2950 Quod
679 2890 820 2942 Belrlrerus

276 2958 365 3008 dedit:
385 2949 431 3006 tat
449 2949 502 3021 τήν
514 2948 612 3022 θήκην
625 2948 820 3024 τήνὬιτιος

276 3026 376 3089 ιι.τ.λ.,
390 3026 524 3092 probante
537 3027 653 3079 Bredov.
665 3045 693 3094 p.
703 3030 748 3093 80,
761 3030 789 3080 id
803 3045 820 3080 a

275 3096 418 3146 Dietschie
437 3101 576 3161 receptum
594 3098 715 3163 recipere
736 3100 820 3164 nolui,

249 3183 256 3194 ·
274 3165 352 3215 libris
365 3165 489 3215 omnibus
507 3165 716 3220 adversantibus
732 3186 821 3235 neque

866 1143 928 1194 dum
938 1148 1029 1209 putat,
1041 1159 1110 1210 quae
1123 1143 1234 1193 deorum
1244 1142 1387 1192 inhonorem

866 1215 894 1263 in
912 1214 975 1263 Deli
995 1213 1086 1264 insula
1110 1213 1248 1264 celebrere
1263 1226 1389 1263 consueve-

866 1284 922 1333 rint
936 1282 1045 1334 incolae
1056 1282 1207 1333 insularum
1219 1285 1389 1348 proximarum,

866 1367 982 1417 quarum
997 1367 1060 1403 suas
1074 1352 1174 1419 quique
1187 1351 1297 1418 Delphis
1307 1351 1389 1400 brbue

866 1425 923 1472 rint
947 1421 1030 1473 aedes
1062 1422 1163 1488 legatis
1189 1420 1347 1488 excipiendis
1367 1425 1389 1470 et

867 1491 956 1558 epulis
986 1491 1152 1544 solemnibus
1180 1491 1389 1543 accommodatas

865 1563 905 1612 Ac
917 1561 988 1613 tales
1003 1561 1117 1613 Ceorum
1131 1563 1214 1613 aedes
1232 1561 1276 1612 hic
1293 1559 1390 1624 intelllp'

866 1630 1019 1683 contendit.
1053 1631 1235 1683 Broeudsted.
1260 1632 1349 1683 Reisen
1368 1631 1391 1677 iu

867 1701 1020 1753 (iriecheul.
1033 1701 1056 1753 1.
1071 1717 1098 1767 p.
1113 1702 1148 1753 49
1163 1701 1217 1753 hoe
1235 1699 1391 1753 coenaculum

867 1776 963 1823 vocat:
980 1770 1243 1837 Bewirthuugshaus
1253 1772 1294 1821 srir
1302 1769 1353 1820 ihre
1365 1783 1392 1817 ru

865 1840 918 1892 den
926 1841 1392 1914 Panegyrieuangelrornmencnlidr·

867 1927 914 1978 ger
925 1910 980 1961 und
996 1911 1091 1962 ueste
1117 1912 1228 1961 Etenim
1247 1903 1279 1959 τὰ
1291 1904 1391 1973 ἴστιητν

868 1997 916 2046 ρια
928 1982 997 2045 sive,
1009 1985 1040 2031 ut
1054 1981 1135 2046 vulgo
1148 1981 1309 2048 loquuntur,
1321 1968 1392 2028 ioru-

867 2043 948 2116 τόρια
970 2051 1056 2116 (conl.
1069 2050 1187 2103 Bredov.
1204 2067 1230 2116 p.
1244 2051 1301 2115 146)
1318 2046 1393 2099 ecditi-

868 2123 912 2171 cia
925 2120 1035 2172 luerunt
1050 2120 1206 2171 constituta
1223 2122 1259 2171 ad
1276 2118 1393 2183 excipien-
1458 2125 1461 2140 ¹

868 2190 918 2240 dos
927 2190 1048 2255 bospitio
1059 2190 1243 2256 convivioque
1254 2205 1308 2253 eos,
1316 2189 1356 2254 qui
1367 2184 1394 2236 sd

868 2261 979 2311 deorum
1004 2260 1077 2311 festa
1100 2260 1323 2322 concelebranda
1341 2257 1394 2307 loris

869 2329 1037 2380 advenerant
1047 2331 1190 2396 sacrisque
1200 2329 1356 2382 solemnibus
1364 2326 1395 2374 iu-

869 2404 972 2451 teresse
985 2397 1143 2451 voluerant:
1164 2401 1259 2467 itaque
1272 2401 1396 2451 consents

867 2484 965 2533 neum,
987 2469 1015 2519 in
1031 2468 1094 2520 Deli
1106 2469 1214 2533 insula,
1233 2472 1261 2520 in
1274 2483 1347 2535 quem
1357 2481 1395 2515 uu-

867 2538 950 2605 dique
964 2545 1024 2591 tots
1034 2554 1050 2591 s
1061 2539 1178 2592 Graecia
1190 2545 1233 2592 tot
1241 2539 1357 2592 homines
1367 2532 1396 2586 ad

869 2625 950 2660 sacra
960 2609 1124 2661 celebranda
1137 2612 1338 2671 confluxerunt,
1353 2608 1397 2657 siu·

868 2678 947 2745 gulas
958 2680 1091 2731 Graeciae
1101 2680 1234 2732 civitates
1246 2696 1297 2732 suu
1305 2677 1396 2729 habuis

869 2765 897 2801 se
908 2749 1058 2801 coenacula
1070 2741 1263 2816 (ἱστιητόρια),
1276 2751 1303 2799 iu
1315 2747 1397 2814 qubus

867 2819 911 2869 sui
920 2819 996 2870 cives
1006 2819 1206 2884 reciperentur:
1219 2820 1340 2885 idemque
1348 2815 1398 2866 eliis

868 2888 937 2939 locis
954 2890 1014 2953 pari
1038 2888 1117 2939 modo
1140 2891 1300 2941 institutum
1320 2888 1398 2945 fuisse,

869 2962 989 3010 testetur
999 2958 1143 3009 Strabonis
1157 2958 1236 3012 locus
1247 2961 1282 3023 X,
1294 2960 1318 3010 ο.
1332 2961 1354 3021 5.
1366 2956 1397 3006 ll.

869 3045 896 3094 p.
912 3029 964 3079 487
977 3028 1010 3079 de
1024 3028 1101 3079 Touo
1116 3029 1156 3079 ita
1177 3029 1334 3081 scribentis:
1353 3025 1374 3073 T
1374 3040 1398 3098 η

869 3112 918 3155 νος
929 3091 959 3147 δὲ
971 3090 1053 3147 πόλιν
1062 3093 1114 3162 μέν
1126 3088 1160 3147 cri
1170 3090 1296 3164 μεγάλην
1304 3092 1362 3160 ἔχει,
1372 3105 1397 3142 το

871 3160 902 3216 d’
927 3158 1005 3232 ἱερὸν
1032 3165 1082 3216 τοῦ
1099 3166 1279 3224 Ποσειδῶνος
1337 3153 1399 3214 clv

275 3233 456 3300 ullacogcnte
472 3235 648 3286 necessitate.
666 3265 696 3273 —
710 3229 821 3289 α’νοιισι-
871 3224 948 3286 ἄλσει
966 3234 1016 3301 τῆς
1034 3228 1140 3295 πόλεως
1154 3232 1209 3298 ἔξω
1231 3233 1303 3294 θέας
1323 3231 1399 3296 uitet.

276 3301 403 3369 μοῦσθαι
416 3302 599 3354 eodemmodo
610 3305 821 3370 τιμήμασι.
871 3292 938 3374 ένῷ
960 3304 1009 3356 καὶ
1028 3297 1243 3371 ἑστιατόρια
1265 3303 1400 3368 πεποίηται

277 3378 349 3425 uoti.
870 3366 991 3441 μεγάλα,
1017 3378 1133 3441 σημεῖον
1157 3375 1209 3426 τοῦ
1230 3370 1399 3449 σννέρχεσθηα
1464 3430 1465 3441 2

311 3435 383 3507 πρός
400 3434 441 3509 riui
459 3435 643 3508 τετραμμένη]
671 3446 820 3511 Εο,,ιμιοᾱ
870 3437 1398 3521 τιλήθοςῖτανόντοῧνσυνθνόντωηαν
1464 3476 1465 3499 ι

276 3514 409 3564 orientem
436 3529 531 3564 versus
559 3515 704 3578 spectabat
733 3516 823 3581 sepul·
870 3517 929 3572 τοῖς
945 3505 1149 3578 ἀστυγειτόνων
1169 3509 1204 3566 τό
1223 3512 1400 3565 Ποσειδανιαι

276 3598 362 3645 crum,
375 3582 491 3634 iudicari
501 3583 640 3635 existimat
653 3585 684 3635 C.
697 3586 821 3636 O.Muel-
870 3585 942 3636 unde
965 3584 1143 3651 intelligimus
1170 3586 1242 3638 haec
1266 3578 1399 3636 coenacul⁸

276 3652 325 3704 ler.
340 3655 405 3704 Dor.
423 3653 447 3705 1.
460 3668 522 3719 ρας.
537 3654 603 3717 271,
617 3656 753 3719 pertinere
769 3655 819 3707 hoc
870 3654 915 3706 vel
929 3670 990 3705 cum
1003 3655 1071 3720 ipsis
1089 3655 1198 3721 templis
1213 3656 1354 3706 coniuncta
1364 3644 1398 3697 vel

277 3723 312 3774 ad
325 3722 496 3775 Cretensium
507 3730 640 3789 tempora,
658 3740 719 3775 cum
731 3726 820 3777 Dores
870 3725 991 3790 proxime
1002 3729 1143 3776 exstructa
1156 3725 1253 3777 luisse.
1276 3724 1340 3774 Iuda
1349 3718 1400 3769 Plu·

277 3796 409 3846 orientem
425 3809 533 3858 versus,
551 3794 632 3845 Iones
650 3795 820 3848 occidentem
872 3793 983 3846 tarchus
1003 3793 1044 3860 (p.
1067 3794 1116 3847 146
1135 3794 1181 3859 C.)
1200 3794 1399 3867 conviviumst·

275 3879 370 3917 versus
382 3870 504 3917 mortuos
518 3864 666 3917 humariut.
871 3870 945 3931 ptem
964 3865 1118 3929 sapientum
1142 3869 1320 3930 apparantem
1343 3859 1400 3908 leui

311 3927 454 3999 ἀγχοτάτω
465 3932 515 3984 τοῦ
527 3931 624 4000 Κηΐων
637 3928 818 4001 ἱστιητορίου]
870 3934 1049 3985 Periandrum
1070 3949 1125 3985 uon
1149 3935 1179 3985 in
1200 3936 1209 3983 i
1230 3949 1263 3984 sa
1284 3927 1399 3983 Corintho

276 4004 387 4055 Retiuui
397 3995 554 4069 ἀγχοτάτω,
569 4005 617 4055 ubi
629 4005 683 4059 duo
691 4004 756 4055 libri
771 3995 819 4068 όγ-
870 4004 952 4067 urbe,
977 4002 1026 4056 ssd
1044 3994 1075 4053 έν
1095 4002 1133 4070 τῷ
1156 3951 1228 4070 τιερή1
1241 3995 1272 4053 τό
1294 3997 1399 4062 ‚atzam

278 4063 390 4137 χοτότη.
419 4075 472 4124 Sed
490 4074 545 4127 vid.
560 4073 635 4125 locos
649 4089 666 4124 a
682 4074 820 4126 Bredovio
871 4064 1091 4154 ἕττιατορέηη
1102 4066 1178 4153 uperi
1202 4065 1234 4123 τό
1251 4069 1301 4137 της
1315 4063 1398 4129 Ἀφνν

279 4140 465 4207 allatosp.·27.
480 4143 547 4193 Cum
556 4143 713 4208 quoeodem
722 4145 820 4196 viroiu
871 4141 952 4208 δι’της
964 4133 1057 4208 ἱερὸν,
1071 4159 1106 4209 ης
1119 4159 1155 4207 ην
1166 4141 1213 4192 καὶ
1225 4139 1323 4193 θυσία.
1347 4135 1399 4187 Ele·

279 4212 400 4275 proxime
409 4211 636 4287 antecedentibus
646 4214 748 4264 retinui
758 4201 820 4263 ὅττι-
870 4229 946 4264 orum
968 4203 1156 4278 ἑστιατόριον,
1181 4213 1210 4263 in
1232 4227 1286 4278 quo
1304 4205 1398 4273 epulum

278 4279 347 4342 σθε,
360 4295 420 4331 cum
434 4278 483 4330 alii
493 4280 615 4331 οιιισθεν
627 4281 735 4347 legant,
747 4285 820 4347 quod
869 4284 904 4333 iis
916 4282 1115 4349 praebebatur,
1134 4284 1180 4347 qui
1196 4280 1321 4345 Olympia
1338 4277 1399 4325 vice·

278 4349 313 4400 ab
326 4349 461 4401 Herodoti
479 4364 530 4400 usu
546 4349 664 4402 alienum
679 4367 740 4403 esse
753 4355 819 4404 Bre·
868 4358 945 4417 rant,
960 4357 1154 4404 commeruerat
1164 4351 1315 4402 Pausanias
1326 4347 1360 4408 V,
1372 4342 1399 4393 15

278 4419 340 4475 dov.
352 4435 380 4486 p.
399 4419 449 4472 loo
463 4421 636 4474 monstravit.
656 4448 688 4458 -
706 4424 748 4475 De
761 4425 820 4475 Geir
869 4422 897 4473 in
917 4422 963 4475 fin.
988 4422 1068 4474 Coui.
1089 4423 1209 4474 Kranae:
1233 4417 1355 4483 Olympia
1375 4427 1397 4478 p·
