3042 5125
286 382 348 450 686
586 424 591 437 ·
682 384 949 449 HXOURSUS
965 384 1017 449 IV

285 577 422 643 immittat,
445 594 505 630 cum
524 577 584 646 ipso
599 577 669 629 Indo
689 576 850 630 confudisse
872 575 1070 630 existimandus
1085 577 1132 629 sit.
1165 578 1226 629 Nec
1242 576 1317 630 aliter
1331 578 1398 631 dian·

285 670 355 716 nert.
373 663 477 730 Geogr.
491 662 517 714 d.
535 663 587 714 Gr.
605 678 633 714 u.
644 662 738 714 Roem.
754 661 788 730 V,
803 665 825 714 l.
841 665 897 730 p.4
912 670 1013 715 terram
1027 661 1182 729 Pactyicam
1197 662 1225 713 in
1241 662 1345 730 regione
1358 683 1398 733 pu-

284 748 326 800 nit
342 747 415 798 intra
429 747 581 816 Choaspem
596 753 624 799 et
639 747 736 798 Indum
754 754 782 797 et
798 746 981 815 Caspatyrum
995 747 1024 798 in
1042 745 1131 799 Gubul
1152 748 1215 816 ipsa
1237 756 1285 799 aut
1298 749 1398 800 certein

284 833 345 885 eius
365 830 473 884 vicinia.
510 831 578 883 Post
588 831 695 892 exstitit
711 829 802 882 Wahl.
817 830 985 885 Erdbaschr.
1001 849 1027 884 v.
1045 831 1156 884 Ostind.
1172 850 1201 901 p.
1218 835 1270 885 ooo
1282 850 1346 902 seq,
1360 834 1399 903 qui

285 925 313 971 et
324 915 455 969 Heerenii
473 923 605 968 eteorum
626 915 765 968 sententiui
776 915 893 983 reiecti,
910 915 959 985 qui
969 916 1126 987 Pactyicam
1142 916 1171 967 in
1186 918 1399 984 regionellssclr-

284 1002 335 1054 mir
346 999 488 1068 collocant,
506 1001 586 1061 unice
602 1002 644 1053 hic
660 999 776 1068 cogitari
790 1017 874 1068 posse
889 1006 969 1070 putat
984 1000 1018 1053 de
1033 1008 1108 1054 terre
1119 1003 1337 1068 Rusucmona»,
1351 1002 1399 1053 sire

283 1086 420 1141 Boloninn
433 1090 479 1155 (ut
496 1085 591 1138 Itlarco
605 1085 671 1137 Polo
684 1102 740 1137 eum
756 1083 898 1155 appellat),
915 1084 996 1137 cuius
1013 1087 1080 1138 urbs
1095 1085 1268 1154 cognominis
1282 1086 1314 1137 od
1325 1085 1399 1137 Oxum

284 1172 322 1224 sit
336 1170 399 1223 sita.
428 1169 469 1221 Ad
486 1172 556 1222 fines
573 1171 654 1223 huius
668 1179 773 1235 terrae,
796 1168 831 1220 ad
845 1170 938 1222 fontes
961 1170 1104 1240 primarios
1117 1170 1180 1221 Indi
1201 1171 1229 1223 in
1252 1177 1324 1222 terra
1337 1171 1399 1220 Gau·

283 1256 436 1322 duriorum,
451 1271 522 1323 quoe
540 1272 614 1307 nunc
625 1256 733 1310 Kutmer
747 1260 938 1323 nuncupatur,
957 1255 1037 1307 sitam
1053 1254 1143 1307 fuisse
1160 1253 1222 1307 vult
1236 1254 1400 1325 Caspatyrun

283 1341 387 1394 urbem.
419 1339 458 1390 Ac
469 1338 627 1409 Stephanus
642 1339 722 1407 Byr„
738 1338 835 1409 quiex
849 1338 989 1391 Hecataeo
1005 1340 1087 1392 affert
1104 1334 1298 1407 Κασπάπυρος
1314 1346 1339 1391 et
1351 1356 1400 1392 nor

283 1443 316 1479 ex
327 1423 463 1476 Herodoti
474 1422 571 1475 Thalia
586 1419 752 1492 Κάσπειρος,
764 1421 871 1474 Wahlio
886 1423 998 1477 ridetur
1007 1423 1155 1477 Ptolemaei
1170 1427 1264 1478 urbem
1281 1425 1399 1496 Cuspirnn

282 1528 306 1561 s.
323 1510 460 1579 Caspirum
475 1515 502 1559 et
521 1508 614 1561 urbem
629 1511 803 1579 Caepntyrum
820 1525 870 1577 pro
887 1525 943 1560 una
957 1509 1104 1579 eademque
1121 1509 1270 1577 babuisse,
1292 1527 1399 1579 praeser—

282 1594 408 1646 timeum
429 1599 545 1663 utraque
566 1592 711 1664 appellatio
730 1592 824 1645 eodem
850 1595 935 1645 ferme
959 1593 1061 1646 redeat.
1100 1595 1171 1647 Num
1193 1613 1286 1648 rocem
1303 1597 1364 1665 σαψ
1380 1611 1399 1645 s.

283 1682 385 1749 Cosclp
406 1686 496 1731 monet
511 1678 597 1730 Wuhl.
619 1678 648 1747 (l.
666 1677 684 1730 l.
702 1678 739 1729 II.
758 1694 823 1747 pug-
840 1680 892 1733 323
908 1696 968 1748 seq.
984 1682 1037 1732 479
1051 1678 1113 1731 coll.
1136 1681 1157 1735 l.
1176 1699 1205 1749 p.
1222 1683 1283 1734 otu.
1298 1680 1358 1745 793)
1372 1677 1400 1730 sd

282 1764 410 1817 montium
428 1763 493 1831 iuga
509 1780 630 1832 saxaque
650 1767 801 1832 praeruptu
818 1761 932 1833 locaque
950 1762 1023 1815 edita
1044 1772 1171 1833 spectare
1194 1764 1339 1833 multisque
1352 1779 1399 1815 cun

282 1850 343 1903 aliis
360 1848 474 1901 vocibus
492 1848 608 1916 reperiri
621 1847 808 1915 coniunctam
824 1848 946 1901 voculam
961 1850 1014 1917 Tyr
1029 1854 1068 1920 (s.
1087 1850 1159 1916 Tur,
1181 1849 1270 1915 Tiar)
1286 1850 1399 1901 denotare

282 1953 384 1999 arcem,
408 1932 528 1985 voculam
542 1952 589 2002 pyr
603 1936 691 1986 urbem
708 1933 769 1984 sire
784 1935 887 1996 eedem,
907 1952 1011 2004 urcem,
1032 1934 1071 1985 ita
1087 1942 1118 1986 ut
1133 1935 1254 1987 nominis
1270 1931 1399 2001 Caspstyri

281 2018 401 2085 vestigio
413 2017 503 2071 adhuc
519 2017 635 2069 forsitan
652 2016 795 2086 supersint
804 2017 831 2068 in
845 2019 913 2071 urbe
925 2020 1042 2086 Kutroer,
1057 2019 1165 2075 Kutmer
1183 2038 1208 2072 s.
1221 2020 1332 2084 unaue,
1341 2034 1399 2086 quse

281 2103 351 2156 Indo
373 2102 458 2155 fluvio
479 2102 595 2155 adiacet.
626 2101 694 2154 Post
716 2100 852 2153 Wululium
873 2103 1016 2171 copiosius
1035 2102 1191 2172 disputarit
1218 2104 1252 2156 de
1276 2102 1361 2155 eadem
1375 2117 1399 2151 re

282 2187 449 2240 Muliebrun.
464 2186 588 2258 (Annali.
602 2185 722 2238 nouvell.
743 2185 770 2237 d.
784 2203 883 2254 voyag.
899 2187 937 2239 ΙΙ.
950 2206 978 2256 p.
994 2189 1056 2242 334.
1072 2190 1124 2243 344
1135 2189 1251 2257 seqq),
1267 2187 1313 2257 qui
1323 2185 1397 2255 dupli·

280 2290 337 2325 cem
352 2271 505 2339 Pactyicam
526 2271 616 2324 tuisse
633 2288 738 2339 negans
764 2272 868 2340 Pactyen
882 2271 1019 2324 Herodoti
1042 2271 1101 2325 rult
1116 2272 1230 2326 eosdem
1249 2290 1310 2324 esse
1330 2278 1399 2339 atque

279 2374 345 2423 eos,
369 2374 440 2426 quos
456 2373 530 2408 nunc
545 2361 643 2409 vocant
656 2358 818 2427 Aglaum,
839 2355 884 2409 vol
899 2362 974 2409 certe
989 2373 1069 2410 unam
1093 2375 1189 2411 eorum
1206 2357 1322 2423 tribum,
1340 2371 1399 2425 quse

279 2458 338 2494 cnm
352 2441 463 2511 proprie
481 2446 594 2493 vocetur
609 2443 752 2510 Pouctuny,
768 2457 785 2493 a
799 2440 894 2493 Persis
913 2440 1037 2493 dietituta
1052 2442 1138 2495 fuerit
1150 2444 1277 2511 Pnctung,
1291 2442 1324 2494 ab
1335 2438 1398 2491 Indis

281 2528 382 2582 Potane
401 2532 430 2579 et
444 2527 565 2580 Pithone:
583 2525 611 2578 in
630 2542 684 2596 quo
696 2525 759 2597 ipso
776 2525 912 2579 contineri
930 2526 1068 2580 existimat
1081 2525 1254 2581 Maltebrun.
1269 2532 1364 2597 partem
1377 2540 1396 2576 s.

280 2613 396 2666 radicem
411 2611 563 2681 primariam
575 2611 651 2663 uocis
666 2613 797 2680 Pactyen.
836 2613 923 2666 Pauo
935 2629 1031 2665 nomen
1046 2630 1109 2665 esse
1120 2613 1215 2680 gentis
1228 2606 1398 2680 Afghauorum

278 2697 380 2751 asserit
396 2713 507 2766 quoque
518 2696 640 2749 Lassen:
660 2695 821 2749 Zeitschriit
838 2697 858 2748 f.
874 2695 975 2749 Konde
993 2697 1042 2749 des
1054 2697 1250 2764 Morgenland.
1267 2697 1397 2765 11.p.53;

278 2798 367 2851 aquo
385 2780 493 2834 nomine
514 2782 649 2834 Graecum
666 2776 795 2842 Πάκτυες
814 2787 898 2850 atque
915 2775 1061 2852 Husrutuq'
1079 2800 1133 2834 non
1152 2782 1297 2835 admodum
1313 2782 1398 2832 abesse

278 2866 371 2937 quiris
388 2865 527 2934 intelligit.
563 2865 604 2919 De
620 2865 807 2934 Aighunorum
824 2865 980 2934 originibus
997 2869 1071 2919 coni.
1090 2865 1218 2919 Malcolm
1241 2867 1314 2919 Hist.
1328 2864 1396 2917 Pers.

277 2951 316 3003 II.
340 2969 404 3021 pag.
421 2955 454 3004 77
475 2950 518 3003 ed.
537 2967 648 3003 vernae.
670 2962 698 3002 et
716 2950 826 3003 Wilken
847 2950 892 3002 in:
913 2950 1019 3003 Berlin.
1038 2951 1126 3004 Aaou.
1146 2952 1173 3004 d.
1196 2949 1395 3004 wissenschait

279 3037 460 3089 lala-1819.
476 3054 503 3104 p.
523 3038 572 3089 237
589 3053 668 3105 seqq.
685 3038 751 3103 261,
773 3035 822 3105 qui
838 3035 870 3087 ud
889 3034 1149 3089 Medico-Persicam
1167 3036 1281 3106 stirpem
1297 3036 1343 3086 hos
1356 3031 1395 3085 Il-

277 3119 383 3187 ghnnos
399 3119 497 3172 reterri
515 3118 591 3185 rult;
612 3119 860 3172 Indico-Persicam
878 3129 986 3188 gentem
1000 3138 1077 3188 esse,
1093 3121 1201 3174 mixtum
1219 3121 1287 3192 illam
1301 3118 1396 3189 quidem

277 3202 424 3256 ediversis
435 3203 565 3270 gentibus
580 3203 699 3273 indeque
715 3204 801 3273 ipsam
819 3204 931 3257 multum
945 3205 1081 3258 diversam
1104 3206 1202 3258 statuit
1213 3206 1318 3259 Ritter:
1335 3201 1395 3255 Erd-

276 3286 362 3340 kund.
375 3287 452 3339 VIII.
470 3304 498 3356 p.
518 3289 564 3340 191
579 3304 658 3357 seqq.
675 3288 737 3341 coll.
752 3292 802 3344 132
816 3307 894 3358 seqq.
924 3290 1069 3343 Caeterum
1085 3290 1241 3358 Puctyicaru
1259 3298 1287 3344 et
1297 3286 1394 3341 Ganda-

276 3373 358 3425 ricam
375 3371 446 3424 idem
463 3371 619 3424 lllultebruu
638 3390 689 3442 pro
710 3390 766 3425 una
787 3374 936 3444 eademque
956 3375 1068 3443 regione
1087 3375 1184 3444 habet,
1204 3393 1286 3446 qnam
1303 3373 1394 3426 alluunt

275 3473 364 3528 equae
379 3456 532 3527 superioris
546 3456 609 3509 Indi
623 3464 651 3509 et
667 3458 814 3513 fluviorum
825 3459 914 3525 Suad,
933 3459 1113 3513 Catrschkaur
1128 3465 1156 3512 et
1170 3460 1275 3526 Gubul,
1288 3457 1394 3525 indeque

275 3542 456 3596 Gendericam
467 3542 607 3611 pertinere
626 3542 684 3595 vult
701 3543 735 3597 ad
746 3544 894 3613 proviciam
911 3546 1073 3611 Concinitur,
1091 3561 1167 3614 quae
1176 3543 1322 3615 appellatio
1332 3558 1392 3593 cou-

273 3645 380 3681 munem
394 3628 513 3697 prodere
527 3626 654 3680 rideatur
671 3628 819 3696 originem,
836 3629 1020 3698 Caspatyrum
1034 3630 1128 3682 urbem
1146 3628 1265 3699 denique
1279 3628 1311 3680 ad
1327 3626 1392 3693 ripas

274 3711 410 3783 Choaspin
423 3712 482 3783 (qui
492 3711 673 3766 recentiorum
686 3712 931 3780 estCauschkaur)
942 3715 1020 3767 situm
1032 3714 1121 3766 inisse
1132 3713 1299 3783 aruspicum,
1310 3726 1390 3781 quum

273 3797 317 3850 ris
329 3798 357 3850 iu
377 3803 454 3849 tauto
469 3804 619 3866 temporum
635 3796 782 3850 intervallo
797 3814 942 3867 rerumque
959 3799 1116 3852 discrimine
1129 3798 1173 3851 rix
1188 3799 1256 3851 certi
1271 3796 1333 3867 quid
1342 3801 1390 3846 sto·

272 3882 313 3934 tui
325 3881 423 3951 possit.
453 3881 623 3935 Hodiernum
638 3883 777 3936 Kosclmir
790 3883 947 3935 Herodoteo
960 3887 1104 3954 Coepalyro
1116 3882 1233 3935 indicari
1248 3898 1333 3950 nuper
1341 3885 1388 3930 sta·

271 3964 326 4018 tuit
340 3967 363 4021 I.
383 3966 417 4018 de
429 3966 564 4019 Hammer.
584 3967 612 4019 in
631 3966 740 4020 Annali.
763 3967 931 4020 Viennenss.
955 3968 1015 4021 Vol.
1034 3969 1082 4022 LI.
1103 3985 1130 4037 p.
1149 3970 1183 4022 36
1199 3967 1261 4021 coll.
1280 3964 1388 4028 Halling.

270 4049 337 4101 ibid.
351 4050 525 4103 v01.1.xl11.
541 4069 568 4119 p.
583 4054 632 4107 183
646 4070 725 4122 seqq.
742 4059 771 4105 et
784 4052 923 4104 Deutsche
938 4053 1040 4106 Gesch.
1053 4052 1076 4107 I.
1088 4071 1116 4121 p.
1129 4054 1189 4107 232.
1218 4052 1306 4120 Atque
1316 4047 1345 4100 l.
1356 4046 1386 4096 G·

269 4132 404 4201 Scldegel.
421 4151 530 4204 quoque
549 4136 666 4205 (Berlin.
680 4137 836 4190 Tuschenb.
856 4139 932 4190 18211.
945 4155 972 4206 p.
987 4139 1034 4203 17)
1050 4139 1143 4190 urbem
1159 4135 1297 4207 capitalem
1307 4130 1385 4198 regio·

269 4217 313 4268 nis
336 4217 480 4270 Kuschmir
501 4219 653 4287 significari
674 4221 751 4289 vult,
775 4238 918 4292 perperam
942 4220 1076 4274 adiiciens
1097 4223 1167 4274 harre
1186 4218 1312 4274 Haerenii
1332 4229 1385 4268 esse

267 4301 447 4371 sententiam,
464 4320 543 4373 quam
562 4303 639 4356 aliam
658 4323 775 4375 prorsus
794 4324 856 4359 esse
872 4323 959 4377 stupra
974 4307 1102 4360 vidimus.
1140 4306 1260 4374 Copiosa
1275 4303 1383 4370 disputa·

267 4386 343 4440 tione
361 4388 426 4442 haec
442 4393 539 4456 postea
554 4389 683 4441 tractarit
701 4388 808 4458 nister,
826 4396 1105 4460 commonstreturus‚
1127 4393 1295 4461 Gneputyrunr
1307 4385 1383 4438 Hert>-

266 4471 323 4525 doti
338 4473 477 4543 pertinere
492 4473 527 4527 ad
541 4473 700 4528 hodiernum
712 4476 866 4537 Kosclumirr
883 4476 940 4530 vid.
957 4476 1045 4530 Erdk.
1062 4476 1116 4529 III.
1133 4493 1161 4547 p.
1178 4479 1243 4530 1087
1259 4490 1330 4543 seqq·
1344 4465 1380 4518 ed·
