3042 5125
272 379 331 442 128
705 374 971 438 HERODO'I'I

221 586 261 646 65
377 569 457 640 Τότε
477 570 539 658 μὲν
555 573 714 637 τοσαῦτα·
748 563 888 656 ἡμέρῃσι
908 566 945 634 δὲ
966 562 1108 654 ὕστερον
1126 559 1172 644 ὥς
1194 573 1299 632 ελαοσι
1312 587 1400 649 μεια-

267 673 480 763 τεμνόμενος
489 675 650 760 Περσέων
662 676 730 739 τοῖν
744 667 940 759 παρεόντων
957 666 1033 747 τοὺς
1054 664 1304 756 λογιμωτάτους
1320 666 1404 751 ἔλεγέ

266 796 327 863 σφι
346 776 441 847 τόδε·
476 768 516 844 Ὠ
538 778 684 864 Πέρσαι,
704 771 952 860 καταλελάβηκέ
969 798 1027 859 με,
1051 769 1087 839 τὸ
1110 770 1253 839 πάντων
1274 766 1403 855 μάλιστα
1421 795 1427 806 ·
1480 773 1481 842 i

267 887 434 969 ἔκρυπτον
448 878 673 969 πρηγμάτων,
694 882 792 946 τούτο
814 879 846 955 ἐς
861 871 963 964 ὑμέας
978 876 1130 963 ἐκφῆναι.
1162 870 1229 961 ἐγώ
1245 867 1325 960 γὰρ,
1345 867 1403 939 ἐόν
1480 863 1481 944 i

268 985 305 1052 ἐν
316 983 494 1076 Αἰγύπτῳ,
509 983 601 1052 εἶδον
614 979 695 1062 ὄψιν
708 984 745 1050 ἐν
760 983 807 1072 τῷ
821 977 935 1070 ὕπνῳ,
950 976 1011 1066 τὴν
1023 975 1161 1067 μηδαμὰ
1176 974 1303 1065 ὄφελον
1316 978 1402 1042 λθειν.
1480 975 1481 1058 ζ

268 1085 405 1158 ἐδόκεον
420 1092 461 1158 δέ
471 1113 527 1176 μοι
548 1083 692 1173 ἄγγελον
710 1083 855 1153 ἐλθόντα
869 1085 902 1164 ἐξ
915 1090 1011 1150 οἶκον
1027 1079 1222 1169 ἀγγέλλειν,
1245 1072 1289 1156 τός
1302 1078 1402 1165 Σμέρ-
1480 1085 1481 1114 ³

270 1197 321 1269 δις
343 1192 490 1281 ἱζόμενος
512 1193 545 1269 ἐς
559 1186 619 1257 τὸν
639 1186 815 1276 βασιλήιον
833 1185 961 1275 θρόνον
984 1185 1123 1266 ψαύσειε
1145 1189 1189 1273 τῇ
1209 1185 1338 1270 κεφαλῇ
1352 1183 1405 1247 τοῦ

269 1289 425 1381 ούρανοῦ.
455 1300 568 1371 δείσας
583 1291 637 1376 δὲ,
660 1289 704 1379 μὴ
725 1287 918 1379 ἀπαιρεθέω
933 1285 995 1377 τὴν
1014 1284 1120 1378 ἀρχὴν
1142 1285 1229 1378 πρός
1242 1288 1302 1354 τού
1315 1279 1402 1352 oidel-

269 1403 373 1485 φεοῦ,
396 1403 534 1485 ἑποίησα
556 1393 720 1483 ταχύτερα
740 1389 762 1483 ἢ
779 1392 969 1483 σοφώτερα·
1000 1396 1037 1462 ἐν
1058 1396 1100 1482 τῇ
1122 1390 1190 1482 γὰρ
1214 1386 1404 1477 ύνθραπηῖγ

270 1595 334 1647 dere
357 1596 449 1659 iuvat,
474 1596 547 1661 quod
565 1595 696 1660 Ezelino,
714 1594 816 1645 Italiae
865 1595 972 1646 vitiam.
1006 1594 1113 1647 Idcirco
1134 1609 1192 1645 non
1211 1591 1291 1659 parsi
1308 1595 1347 1643 est
1363 1588 1403 1638 ha

270 1665 387 1732 principi
398 1667 558 1727 notissimo,
576 1665 710 1716 eccidisse
720 1670 816 1715 narrat
866 1665 999 1728 bendum,
1016 1664 1089 1730 quod
1105 1663 1190 1716 letale
1205 1662 1304 1713 vulnus
1320 1660 1404 1711 eadem

270 1735 388 1786 Raumer
402 1737 444 1786 in:
463 1735 627 1787 Gesohichte
641 1735 688 1786 der
705 1734 816 1785 Heben·
867 1733 989 1800 corporis
998 1739 1078 1799 parte
1087 1734 1231 1799 accepisse
1241 1731 1347 1792 dieitur,
1358 1743 1403 1793 qua
1480 1743 1481 1764 ³

271 1804 382 1856 stauien
392 1806 471 1868 VIII,
484 1807 512 1857 t.
524 1806 556 1856 T.
571 1806 620 1856 IV.
635 1820 662 1870 p.
676 1803 737 1855 439.
764 1803 817 1865 Qui
867 1806 928 1870 ipse
940 1803 1003 1853 olim
1015 1805 1101 1870 Apin,
1115 1803 1313 1870 Aegyptiorum
1324 1799 1403 1858 deum,

271 1890 353 1940 quum
366 1876 402 1926 ad
415 1875 512 1937 locum,
527 1877 816 1933 cuinomenGassano,
867 1873 1060 1926 vulneraverit.
1110 1875 1222 1925 Etenim
1245 1871 1286 1921 ita
1313 1870 1404 1934 optime

271 1946 392 2010 graviter
407 1944 566 1996 vulneratus
585 1945 614 1994 in
629 1943 749 1995 hostium
760 1958 818 1993 ma·
867 1942 1052 2010 significatur,
1079 1944 1195 1994 exitium
1220 1941 1279 1993 eius
1297 1935 1405 1989 insolen-

271 2030 323 2065 nus
337 2014 480 2066 incidisset
493 2020 644 2081 captusque
661 2015 688 2065 in
708 2027 818 2064 carcere
868 2015 938 2075 tiae,
954 2028 1009 2078 qua
1020 2014 1222 2080 Aegyptiorum
1237 2025 1316 2061 saors
1329 2005 1405 2057 riola-

272 2086 443 2145 retineretur,
457 2100 473 2135 a
485 2083 598 2134 custode
610 2097 753 2158 quaerens,
764 2097 817 2147 quo
867 2084 952 2145 verit,
973 2084 1074 2134 instem
1091 2082 1271 2135 indicandam
1282 2094 1339 2131 esse
1350 2089 1405 2143 poe·

272 2153 332 2204 loco
342 2159 441 2219 captus
452 2159 534 2215 esset,
541 2152 587 2204 ubi
597 2167 695 2204 nornen
705 2154 817 2204 Cossano
869 2153 962 2205 nem.“

273 2223 388 2286 audivit,
398 2223 565 2275 exclamasse
576 2221 675 2272 fertur:
688 2237 743 2272 non
752 2221 819 2271 mni·
1062 2217 1119 2307 eff
1142 2257 1220 2309 LXV

274 2298 331 2342 tum
342 2292 507 2342 discriminis
518 2307 578 2342 esse
588 2293 658 2342 inter
666 2293 779 2343 Cossano
791 2296 818 2342 et
1122 2295 1128 2305 '
1221 2293 1229 2306 '

274 2362 407 2423 Bassaao,
422 2360 819 2426 quolocomortemsibiprae·
909 2349 1125 2426 καταλελάβηκε]
1148 2359 1194 2413 cf.
1215 2361 1286 2409 nott.
1305 2352 1339 2404 ad
1357 2347 1403 2407 111»
1480 2393 1481 2412 2

274 2429 377 2480 dictam
399 2445 459 2482 esse
487 2428 602 2480 addidit.
624 2457 658 2466 -
683 2430 763 2492 Quod
783 2430 818 2481 sd
868 2429 915 2489 4²3
940 2427 1049 2479 adrem
1067 2429 1174 2481 consul.
1192 2429 1254 2494 111,
1271 2422 1313 2478 30.
1330 2418 1402 2498 -lq

274 2500 364 2565 ipsum
376 2499 537 2565 Cambysem
550 2499 663 2562 attinet,
681 2514 759 2565 quern
773 2500 819 2549 hio
869 2513 946 2564 seqq.
960 2498 1059 2565 reliqui
1072 2487 1192 2561 ὄφελον,
1207 2503 1240 2549 ut
1253 2498 1277 2562 1,
1292 2493 1351 2554 lll,
1362 2487 1402 2539 ubi

274 2569 443 2621 moriendum
455 2570 515 2620 iata
530 2570 707 2621 constituisse
718 2570 819 2620 Noster
870 2568 905 2618 oi.
920 2573 990 2619 nott.
1010 2571 1136 2621 Recentt.
1148 2571 1212 2622 edd.
1227 2556 1346 2631 ὤφελον.
1357 2554 1402 2636 'ld

274 2639 386 2702 scribit,
404 2644 478 2691 recte
495 2639 560 2689 mibi
579 2639 726 2692 observare
744 2639 820 2690 vide·
868 2638 954 2715 verba
980 2631 1105 2703 [ζόμενος
1135 2629 1163 2696 ἐς
1195 2631 1246 2688 τὸν
1271 2632 1402 2702 duranto*

274 2714 319 2759 tur
331 2711 442 2775 Ditges:
462 2711 504 2760 De
522 2710 577 2760 tati
593 2709 665 2776 apud
685 2709 819 2761 Herodot.
870 2706 982 2771 θρόνον
995 2708 1030 2759 cf.
1047 2713 1118 2760 nott.
1130 2709 1166 2758 ad
1177 2709 1233 2772 ΠΙ,
1244 2706 1287 2759 64-
1349 2758 1356 2779 ‚

274 2780 382 2847 ratione
402 2796 429 2845 p.
447 2779 473 2830 8.
493 2778 524 2842 9,
549 2779 621 2830 banc
645 2779 679 2830 de
703 2778 821 2845 Camby-
904 2768 943 2843 μὴ
954 2767 1132 2843 ἀπαιρεθέω]
1144 2778 1194 2830 Sic
1202 2772 1327 2839 111‚12tt:
1340 2780 1402 2817 απα-
1480 2776 1481 2839 3

273 2850 311 2901 sis
331 2854 416 2901 morte
436 2850 619 2901 narrationem
639 2865 672 2900 ex
684 2848 820 2900 Herodoti
870 2838 1231 2914 ραιρημένονςτὴνοέργήν.
1248 2843 1401 2895 Adiormam
1480 2854 1481 2857 ¹

274 2925 364 2972 mente
380 2936 434 2971 non
447 2920 527 2971 aliter
541 2935 600 2970 esse
615 2918 820 2971 diiudicandarn
867 2916 1041 2967 coniunctivi
1063 2916 1180 2968 solutam
1206 2900 1401 2983 (ἀπαιρεθέω)
1480 2926 1481 2929 ’

274 2994 357 3054 atque
370 3006 416 3054 ea,
429 3005 500 3056 quae
514 2989 547 3039 de
560 2989 661 3040 Croeso
675 2987 723 3051 (el.
737 2988 818 3051 1,3t.
870 2985 961 3036 omnia
977 2986 1054 3036 dabit
1068 2988 1186 3038 Bredov.
1209 3000 1275 3053 pag.
1292 2979 1351 3057 ³233
1370 2972 1400 3023 *d
1480 2992 1481 2997 ’

274 3058 321 3123 34)
347 3074 382 3109 ae
401 3060 434 3109 de
453 3059 525 3124 Cyro
544 3056 593 3120 (ci.
612 3058 640 3119 Ι,
658 3058 710 3109 204
728 3056 818 3121 ibique
870 3053 1032 3107 locutionem
1056 3049 1194 3123 ταχύτερα
1218 3045 1238 3121 ἢ
1258 3057 1401 3115 soporare,

274 3127 464 3192 nott.)Noster
472 3126 600 3177 tradidit:
610 3127 657 3191 qui
667 3140 748 3191 quum
757 3141 819 3191 pro·
869 3139 940 3190 quae
951 3125 1022 3176 redit
1031 3127 1095 3189 VII,
1110 3126 1174 3190 194,
1188 3125 1263 3178 oeni.
1276 3117 1399 3193 Kuehntrg

273 3202 334 3262 pter
347 3197 518 3263 superbiam,
539 3211 594 3260 qua
607 3210 693 3261 supra
710 3208 753 3244 res
772 3194 819 3246 hu·
870 3194 915 3245 Gr.
923 3194 969 3245 Gr.
979 3198 1003 3258 §-
1012 3194 1072 3258 750,
1081 3197 1111 3259 i,
1124 3195 1263 3248 Schaeier.
1277 3192 1311 3243 ad
1320 3189 1399 3248 12⁰⁰t¹

274 3280 369 3316 manae
382 3282 411 3317 se
423 3266 564 3326 efferrent,
578 3266 666 3316 iustos
677 3264 818 3329 terminos,
869 3263 1006 3314 Pastoral.
1020 3281 1084 3331 pag.
1096 3265 1157 3317 374.
1192 3268 1240 3317 Gr.
1257 3262 1332 3314 affert
1342 3254 1400 3305 fler-

274 3334 371 3400 quibus
394 3351 438 3385 res
459 3334 593 3385 humanas
617 3333 753 3385 contineri
776 3333 819 3383 ias
869 3348 961 3385 mann.
984 3334 1020 3384 ad
1043 3335 1182 3387 Aristotel.
1202 3336 1281 3387 Pota.
1303 3347 1329 3395 p.
1349 3322 1398 3401 ΙΨ·

274 3410 330 3465 est,
352 3405 457 3469 egressi
472 3419 505 3454 ac
524 3403 608 3454 nimia
625 3418 679 3469 qna
700 3403 820 3453 frueren-
869 3403 934 3461 Mox
945 3404 998 3453 sori
1019 3407 1044 3454 si
1057 3420 1119 3456 oum
1133 3409 1251 3456 recentt.
1266 3400 1325 3481 qdd.
1338 3403 1399 3457 W‘

273 3479 317 3524 tur
327 3472 461 3524 felicitate
472 3473 546 3522 band
557 3474 679 3524 contenti
688 3470 820 3524 ulteriora
869 3477 897 3523 et
912 3472 983 3523 infra
992 3420 1046 3536 όρι
1062 3473 1123 3540 (pro
1159 3466 1220 3525 ύσει
1234 3478 1261 3525 et
1274 3466 1359 3534 etti),
1372 3462 1400 3510 Π*

274 3559 378 3609 semper
397 3547 537 3609 peterent,
563 3542 655 3593 divina
673 3543 732 3593 sive
750 3542 819 3592 invi·
868 3543 911 3606 ΙΙ,
927 3542 991 3605 141,
1014 3542 1114 3610 reliqui
1150 3540 1347 3615 scorpiorum
1363 3545 1398 3581 re·

274 3612 320 3663 dia
333 3614 392 3664 sive
407 3611 532 3663 vindicta
549 3612 623 3678 capti
639 3629 672 3663 ac
685 3614 818 3678 prostrati
868 3617 952 3663 centt.
964 3612 1026 3664 edd.
1036 3618 1169 3666 mutatum
1184 3617 1214 3665 in
1226 3604 1397 3679 oinorpearqu

273 3682 398 3734 meritam
423 3680 585 3733 insolentiae
618 3697 732 3748 poenam
761 3682 819 3732 lue-
868 3682 905 3731 ci.
921 3685 990 3733 nott.
1005 3683 1041 3734 ad
1052 3684 1104 3746 ΙΙΙ,
1115 3686 1140 3734 2.
1163 3685 1283 3750 Inseqq·
1296 3682 1398 3748 prm}

273 3758 345 3803 runt.
376 3752 455 3814 Quod
469 3751 539 3802 idern
558 3752 586 3801 in
597 3752 731 3816 Cambyse
747 3752 818 3817 pari·
868 3737 1397 3820 tvq'aSteger.Praeiat.psg.XlVscribi

273 3828 315 3873 ter
329 3828 425 3874 contra
440 3821 562 3872 divinam
580 3820 666 3887 legem
686 3825 818 3886 peccante
868 3821 974 3872 mavult
994 3812 1056 3871 ούκ
1075 3813 1173 3888 ἐνείη
1190 3812 1240 3875 ἄν.
1267 3823 1330 3885 Ipsa
1344 3822 1397 3862 ⁸²¹¹·

273 3893 378 3943 tectum
392 3907 453 3944 esse
466 3890 600 3941 Herodoti
612 3896 655 3942 est
669 3892 817 3942 sententia.
868 3892 970 3955 tentia,
984 3906 1055 3957 quae
1067 3892 1123 3944 iarn
1132 3908 1193 3958 cap.
1202 3894 1238 3945 64
1246 3894 1273 3943 in
1284 3889 1333 3939 fine
1343 3891 1397 3947 9¹⁰·

275 3962 367 4025 „Nihil
384 3962 455 4013 enim
473 3960 525 4025 (ita
538 3960 633 4012 scribit
645 3961 742 4025 Ditges
754 3961 773 4010 l.
785 3960 816 4025 l.)
869 3961 969 4025 fertur,
982 3960 1043 4012 ooll.
1057 3963 1111 4025 111,
1122 3961 1170 4025 43,
1182 3964 1224 4013 ita
1236 3962 1336 4015 eaeo
1350 3950 1395 4029 “i’

213 4046 215 4049 ·
272 4033 301 4081 in
313 4031 365 4082 boe
377 4030 487 4081 homine
502 4035 563 4081 eret
575 4030 734 4095 temperati,
749 4029 817 4080 nihil
869 4036 900 4081 ut
919 4032 966 4082 rix
982 4032 1095 4082 Persem
1113 4031 1248 4085 hominem
1266 4026 1330 4080 talia
1348 4018 1396 4071 edr-

272 4100 399 4162 modesti,
412 4099 481 4150 nihil
492 4100 589 4151 sancti.
614 4102 704 4162 Quare
718 4100 816 4166 siquis
867 4101 942 4152 disse
959 4100 1089 4152 credibile
1107 4102 1154 4153 sit.
1183 4104 1225 4153 Tu
1241 4097 1311 4153 coni.
1327 4083 1392 4153 1⁹9¹

273 4185 406 4235 unquam,
425 4169 469 4219 hic
489 4173 563 4220 uerte
581 4169 669 4219 iustos
686 4169 817 4220 humana·
868 4171 960 4236 ibique
972 4169 1069 4233 allata,
1084 4175 1112 4222 et
1121 4172 1177 4223 vid.
1186 4177 1256 4223 nott.
1267 4168 1300 4220 ad
1309 4165 1330 4225 Ι,
1341 4156 1393 4210 1²⁴·

272 4254 332 4288 rum
350 4253 440 4288 rerum
463 4239 592 4288 terminos
615 4243 657 4289 est
679 4254 816 4304 egressus.
866 4239 919 4300 ΙΙΙ,
932 4240 974 4291 et.
1005 4239 1059 4291 Sed
1071 4240 1177 4292 faciunt
1188 4242 1256 4293 talia
1272 4236 1307 4287 ad
1318 4232 1394 4284 nero·

272 4307 364 4358 Nimis
380 4308 504 4373 potentii
520 4307 669 4359 insolenter
686 4323 716 4358 se
729 4309 817 4359 iacta-
867 4309 925 4361 doti
943 4313 1058 4360 mentem
1080 4311 1293 4376 cognoscendam
1313 4293 1394 4354 ,imul-

273 4378 328 4441 vit,
352 4376 502 4429 exsultavit
520 4377 599 4443 quasi
618 4378 727 4428 insania
749 4394 816 4444 qua·
866 4393 919 4444 que
936 4380 1071 4430 rabonem
1087 4380 1218 4432 historiae
1238 4369 1394 4433 conteribtfl·

273 4447 349 4511 dam,
364 4447 496 4497 nefariam
509 4446 537 4497 in
552 4462 643 4499 omnes
656 4447 743 4499 edidit
756 4463 815 4499 sue·
866 4447 917 4499 dae
932 4448 1159 4516 perspiciendam.
