3042 5125
409 341 733 407 unuuomuun.
755 341 813 408 εν.
833 353 877 408 τι.
901 323 978 408 τε·

1181 343 1243 408 349

126 559 171 612 τες
192 533 243 602 καὶ
271 532 517 626 ἐκκαθήραντες
543 539 806 626 καταχρυσοῦσι,
834 537 891 605 καὶ
917 506 1030 605 ἔπειτα
1055 530 1114 604 ἅτε
1140 531 1241 624 ἄγαλλε
1311 533 1316 544 ’

124 664 191 723 ματι
207 640 381 726 χρέωνται,
404 646 528 720 θυσίας
547 638 693 731 μεγάλας
712 642 881 720 ἐπετείους
902 641 1134 718 ἐπιτελέοντες,
1164 655 1242 721 ταῖς

126 738 156 805 δέ
184 743 278 828 πατρὶ
312 746 409 811 τοῦτο
444 745 573 832 rorici,
612 742 759 832 κατάπερ
786 748 822 812 οἱ
847 739 1006 831 Ἕλληνες
1030 739 1071 811 τὰ
1098 744 1241 831 γενέσια.

122 938 241 1003 epdsndo
264 947 435 994 consumunt.
474 942 575 1009 Capita
600 940 648 994 ubi
696 943 823 995 hocloco
838 943 893 996 sibi
907 941 975 994 velit
989 939 1102 1003 vocula,
1123 940 1170 992 vix
1185 939 1242 989 cui-

122 1008 182 1059 iabri
198 1010 361 1077 expolivere,
384 1028 451 1063 auro
475 1013 570 1064 vincta
597 1027 647 1079 pro
697 1030 780 1080 quam
792 1013 937 1065 obscurum
950 1026 1010 1064 esse
1021 1011 1140 1075 poterit,
1155 1013 1242 1060 recte-

121 1078 212 1161 poculir
222 1086 338 1164 jerunt.
371 1083 456 1165 ·Heec
481 1081 646 1179 suutuapud
695 1100 748 1150 que
761 1084 891 1135 observat
902 1082 940 1133 Ιε.
955 1080 1105 1163 Voculcui
1115 1079 1242 1144 adstipu-

328 1151 646 1289 retritum
693 1149 1241 1285 ιὲτλνῑετιιοιιεκιιιε

120 1286 218 1338 rodotus
227 1289 275 1352 IV,
285 1289 321 1341 05
333 1296 453 1355 enarrat,
467 1292 587 1357 Scythas
598 1290 646 1342 ho·
693 1294 794 1359 pianda
814 1307 889 1356 ease,
917 1296 948 1342 ut
966 1289 1122 1342 Essedones
1145 1290 1239 1355 capita

120 1357 189 1407 stium
198 1359 401 1413 interfectorum
413 1366 462 1413 aut
474 1362 644 1412 inimicorum
693 1368 840 1429 parentum
862 1376 970 1412 suorum
995 1361 1129 1411 deaurata
1148 1359 1178 1408 in
1196 1375 1240 1410 aa·

120 1428 257 1480 mmfisuti
270 1436 404 1498 tauquam
416 1430 531 1497 poculis.
558 1432 643 1495 Quem
693 1432 763 1484 collo
781 1436 829 1483 rut
844 1430 946 1482 larario
971 1429 1133 1481 collocarint
1149 1429 1239 1496 iisque

120 1496 265 1562 Scytharum
285 1516 389 1552 morem
407 1502 503 1567 attigit
515 1500 597 1551 Plato
616 1501 644 1550 in
692 1508 825 1569 tanquam
838 1500 992 1551 simulacris
1004 1499 1122 1560 honores
1132 1514 1239 1552 annuos

120 1566 224 1631 Euthyd.
232 1570 379 1634 μ.2008“..ε
396 1570 482 1637 μ.305
492 1572 535 1622 ed.
543 1570 643 1622 Heind.
693 1572 880 1624 exhibuerint:
898 1571 970 1637 quod
985 1570 1056 1620 idem
1070 1571 1099 1619 in
1110 1569 1239 1634 Panebis‚

120 1635 312 1690 lliosaliarum
323 1641 446 1705 gentium
465 1641 536 1691 ritus
555 1639 644 1691 consi·
693 1643 799 1706 Libyae
822 1640 938 1707 populo,
964 1644 1074 1690 enarrat
1092 1640 1240 1690 Damasce-

121 1705 185 1758 niles
199 1708 331 1760 indicavit
348 1709 509 1762 Tuschuolre
525 1709 561 1761 ad
577 1707 642 1761 nel.
692 1728 752 1776 nus,
763 1710 937 1762 testecodem
943 1709 1051 1761 Vossio.
1073 1709 1238 1773 AtqueRen-

694 1780 747 1833 nel.
763 1780 782 1831 l.
795 1781 814 1832 l.
827 1795 893 1847 pag.
907 1777 960 1830 440
977 1794 1007 1830 ae
1025 1777 1128 1830 vidisse
1142 1778 1238 1829 scribit

692 1853 788 1903 crania
796 1850 832 1901 ad
842 1848 1001 1916 poculorum
1012 1847 1128 1899 formam
1138 1847 1238 1912 efficta,

694 1936 709 1971 e
728 1920 839 1985 templis
859 1919 1002 1982 sacrisque
1021 1917 1090 1969 locis
1106 1918 1135 1967 iu
1147 1918 1237 1968 Butau

692 1990 838 2042 subducta.
854 2018 887 2026 -
904 1989 937 2040 Iu
951 1979 1238 2053 requirendorum

693 2059 834 2111 Saueroiti
850 2059 919 2110 libro
934 2061 1017 2122 atque
1028 2056 1127 2107 Aldina
1138 2058 1239 2107 retinui

692 2146 742 2196 pro
754 2120 921 2186 έκετέους.
940 2127 983 2178 cf.
998 2126 1057 2190 111,
1072 2127 1115 2179 80.

121 1779 178 1825 nott.
189 1791 280 1845 megg.
296 1795 361 1844 pag.
374 1780 408 1831 ol
421 1779 483 1832 Vol.
494 1780 546 1830 111.
559 1779 591 1830 P.
599 1779 642 1830 ll.

120 1844 203 1897 Strabo
220 1848 282 1899 vn.
298 1864 326 1914 p.
346 1847 397 1900 288
411 1866 435 1903 s.
456 1850 510 1902 458
526 1850 559 1901 Α.
578 1863 642 1914 pag.

120 1913 205 1969 10011.
226 1934 248 1969 s.
269 1919 323 1970 400
340 1919 373 1970 Β.
402 1918 487 1970 Addit
511 1918 643 1970 Valcken.

119 1983 180 2034 Livii
191 1984 276 2038 locum
287 1988 395 2051 XXIII,
409 1990 443 2039 24
453 1988 579 2040 deGallis
592 1989 644 2039 Bo·

118 2054 147 2104 iis
162 2070 189 2105 ea
204 2059 357 2121 narrantis,
380 2073 450 2123 quae
465 2073 526 2109 cum
537 2058 644 2109 Issedo-

119 2138 171 2174 uum
181 2140 264 2190 more,
281 2142 363 2193 quem
375 2128 531 2179 Herodotus
547 2143 645 2179 memo·

119 2193 167 2244 riae
176 2195 299 2262 prodidit,
313 2198 491 2249 conveniunt.
515 2199 558 2249 Το
569 2197 643 2249 conl.

119 2262 157 2313 Sil.
171 2264 227 2315 ltal.
243 2267 332 2331 xm,
350 2268 402 2320 482
412 2283 488 2333 seqq.
516 2268 587 2329 Quin
605 2271 644 2318 te-

119 2337 153 2382 ste
163 2334 243 2386 Paulo
258 2337 385 2388 Diacono
396 2338 440 2401 11,
455 2338 487 2387 14
499 2336 643 2400 ildoinus,

118 2402 344 2468 longobardorum
357 2422 417 2470 rex,
427 2423 443 2459 e
455 2407 545 2472 capite
559 2407 646 2458 Kuni·

118 2474 208 2537 nundi,
234 2478 307 2542 regis
332 2476 499 2540 (lapidatum
523 2477 557 2528 ab
582 2476 644 2542 ipso

119 2542 195 2607 caesi,
211 2545 336 2611 poculum
351 2546 444 2613 parari
455 2547 549 2611 iussit,
560 2562 576 2599 e
589 2562 643 2612 quo

118 2611 289 2679 liccamnuda,
313 2632 385 2668 uxor
417 2633 468 2669 sua
495 2617 644 2683 eademque

117 2681 265 2737 liunimundi
275 2687 348 2751 lilia,
361 2687 477 2738 biberet.
506 2688 569 2739 Vid.
580 2687 645 2739 Gib-

117 2749 176 2803 bou:
194 2755 356 2807 (lerchichte
372 2757 399 2807 d.
413 2757 489 2809 Veri.
504 2773 533 2808 u.
545 2758 645 2809 Unter·

118 2835 191 2889 gangr
201 2826 225 2875 d.
242 2841 328 2877 roem.
345 2826 444 2878 Reichs
456 2826 518 2878 Vol.
531 2828 566 2878 X.
583 2843 644 2893 cap.

118 2890 153 2943 45·
168 2909 226 2960 pag.
243 2896 295 2948 357
313 2912 387 2948 vers.
404 2896 552 2963 germanio.
580 2897 646 2948 Cru-

118 2958 233 3014 delisrimi
250 2969 336 3018 moria
351 2965 407 3016 alia
428 2965 539 3017 aliunde
556 2982 647 3019 exem·

118 3029 285 3151 ρμαμτολοτεο
305 3036 408 3087 dicitur
420 3037 540 3089 Masoow
562 3037 601 3090 11.
619 3052 645 3102 p.

145 3162 188 3221 ἅτε
195 3163 331 3240 ἀγάλματι
342 3169 487 3241 χρέωνται]
496 3163 546 3226 ἅτε
554 3190 571 3226 a
580 3176 646 3228 duo-

117 3237 158 3290 bus
170 3241 241 3295 libris
250 3245 341 3309 abest,
355 3246 415 3296 sine
424 3244 479 3297 ullo
491 3260 588 3298 sensus
599 3247 646 3297 de-

118 3310 237 3366 trimento.
263 3314 369 3365 Eadem
388 3316 510 3367 varietas
528 3315 582 3375 IV,
598 3315 643 3368 28.

119 3376 235 3444 χρέονται
253 3400 344 3504 aeguo
361 3388 443 3450 utque
456 3377 553 3435 ἔπειτα
571 3385 644 3436 haud

119 3453 207 3503 mutari
221 3448 285 3504 ob'li
307 3469 584 3516 rorumcouseusnnr3
603 3471 645 3506 re·

119 3524 190 3594 ocull.
205 3523 264 3575 edd.
283 3520 414 3589 χρέονται
430 3528 459 3576 et
471 3517 588 3575 έαειτεν.
609 3552 643 3562 -

119 3590 212 3655 ηαλμα
224 3592 378 3659 Schweigh.
399 3595 427 3645 iu
444 3594 546 3646 Latina
561 3595 645 3646 inter·

119 3662 253 3738 metatione
271 3663 441 3715 reddiderat:
462 3682 509 3716 oca
528 3681 645 3724 εαονυοιε

120 3742 142 3777 ιο
151 3730 210 3784 Lar.
222 3731 323 3785 Herod.
335 3749 358 3785 s.
368 3750 396 3785 v·
408 3734 504 3800 reponi
514 3734 587 3785 vult:
600 3751 644 3786 ον-

119 3803 646 3952 tumultualiter

120 3949 170 4002 Μ.
184 3941 216 3993 48
234 3959 294 4009 seq.
309 3944 344 3994 57
360 3944 470 4008 αγαλμιι
489 3945 600 3995 omnino
615 3944 644 3994 id

120 4018 169 4058 erte
180 4016 268 4076 putat,
284 4028 339 4078 quo
349 4014 411 4079 quir
422 4012 588 4078 delectatur,
603 4015 644 4065 in·

120 4071 193 4142 deque
204 4080 255 4133 hoe
274 4081 335 4134 loco
350 4082 385 4134 do
396 4088 490 4149 poento
506 4085 644 4150 accipien-

120 4142 179 4197 dum.
200 4151 235 4200 st
256 4153 358 4217 optime
377 4154 481 4205 monuit
497 4154 641 4206 Ruhnken.

119 4212 149 4264 td
165 4218 264 4271 'limaci
284 4223 352 4275 Lex.
368 4223 439 4273 Plat.
457 4239 520 4290 pag.
537 4224 554 4274 6
574 4239 642 4289 seq.‚

120 4285 201 4337 erebro
223 4289 276 4342 dici
297 4292 350 4344 hoc
365 4292 527 4344 vocabulum
546 4292 580 4345 de
596 4296 643 4345 do-

119 4358 189 4409 wrir'r
203 4365 292 4412 αυοιίαλ
303 4366 381 4415 alicui
397 4367 552 4415 consecratis
567 4362 642 4413 inde-

62 4430 63 4433 ’
120 4436 163 4487 que
174 4427 353 4484 decimulcorir
365 4434 475 4486 ἀεονιοο.
490 4432 569 4485 Unde
577 4432 642 4497 quid

728 2192 763 2248 roi
773 2192 893 2265 γενέσια]
912 2196 1000 2252 scilic.
1011 2189 1190 2248 ἐπιτελέουσι.
1204 2197 1238 2247 Iu

693 2268 812 2321 Belrker.
827 2267 948 2321 Anecdd.
962 2266 986 2319 Ι.
1004 2282 1070 2334 pag.
1082 2266 1132 2330 80,
1153 2267 1190 2345 18
1197 2268 1238 2317 in-

692 2340 790 2390 venio:
814 2332 962 2404 γενέθλιον
980 2326 1089 2403 ἡμέραν
1106 2330 1238 2397 ἅξιοοσιν

694 2399 739 2459 ciel
755 2405 860 2473 λέγειν,
879 2398 914 2458 οὖ
933 2404 1079 2473 γενέθλια,
1097 2401 1164 2458 οῦδὲ
1182 2422 1237 2471 γε-

694 2472 804 2530 νέσια.
842 2471 1006 2543 Εὐριπίδης
1016 2464 1109 2542 Ἴωνι,
1120 2467 1238 2543 Ἡρόδο-

693 2562 741 2607 τος
760 2538 889 2617 τετάρτῳ.
916 2546 1094 2599 Celebrautur
1111 2539 1146 2597 τὰ
1163 2540 1237 2613 γενέ-

694 2631 741 2669 σια
757 2623 829 2670 uate
842 2620 966 2669 Ammon.
975 2631 1046 2701 pag.
1065 2617 1100 2668 32¹)
1120 2608 1171 2667 lut
1182 2615 1238 2667 τῶν

693 2680 889 2753 τεθνηκότων,
913 2679 944 2736 έν
967 2704 985 2755 η
1009 2684 1126 2744 ἕκαστος
1147 2677 1237 2754 ἡμέρᾳ

693 2749 875 2822 τετελεύτηκε,
887 2756 936 2808 ubi
946 2754 1158 2808 couf.Valclren.
1166 2759 1238 2809 nott.

693 2829 789 2893 Neque
800 2828 882 2878 aliter
899 2827 1071 2892 praecipiunt
1084 2826 1238 2891 Hesychius

695 2913 719 2948 s.
727 2898 785 2950 v.I.
795 2913 822 2964 p.
831 2898 893 2949 815.
906 2895 1003 2947 Pollux
1010 2898 1107 2947 Ouom.
1116 2895 1169 2959 111,
1177 2896 1235 2947 102.

694 2967 813 3018 Bekker.
824 2966 944 3019 Anecdd.
961 2982 1024 3033 pag.
1035 2966 1095 3018 231.
1123 2968 1198 3029 Quos
1213 2966 1237 3015 si

692 3035 1239 3159 {titillellllillltitldti‘

694 3193 746 3244 que
763 3178 910 3242 quotannis
927 3177 1055 3228 instituta
1070 3178 1129 3243 ipso
1142 3178 1238 3227 mortis

692 3247 737 3297 die
750 3247 881 3298 redeunte
890 3265 897 3297 τ
907 3262 995 3314 noque
1006 3253 1065 3299 tum
1079 3240 1114 3297 τὰ
1126 3241 1237 3312 γενέσια

693 3316 837 3367 admodum
864 3317 994 3368 differunt
1018 3318 1054 3368 ab
1079 3317 1115 3368 iia
1141 3316 1236 3381 sacris,

694 3402 764 3453 quae
789 3386 917 3438 dicuntur
939 3379 1073 3468 νεαύσια.ε
1089 3387 1176 3467 Aliter
1195 3391 1237 3436 ta-

694 3448 1237 3592 ιειὶιειιιέιἐελέλλς

692 3595 1237 3718 tli‘ii‘rmmilluulllldd

694 3684 826 3785 &eruditori
838 3682 1017 3800 ladmocroiod
1027 3733 1077 3784 rori
1088 3683 1237 3800 τεχθέντος

693 3795 792 3871 ἑορτὴ,
821 3799 967 3867 γενέσια
991 3795 1009 3870 ἡ
1040 3795 1080 3853 δι’
1105 3795 1237 3853 ἐνιαυτοῦ

693 3864 870 3939 lurconum
886 3871 936 3923 τοῦ
957 3866 1108 3938 τεχθέντος
1128 3863 1237 3938 μνήμη,1

692 3945 740 3996 ubi
756 3943 828 4010 quod
842 3944 884 3994 vir
899 3944 998 3995 doctus
1014 3944 1043 3993 iu
1054 3942 1140 4008 Pauly
1158 3942 1238 3994 Real-

693 4014 834 4079 enoyclop.
854 4014 906 4066 111.
925 4029 951 4079 ρ.
969 4014 1021 4065 542
1044 4012 1099 4079 legi
1119 4012 1180 4064 vult
1195 4026 1238 4062 τε·

692 4076 794 4141 πόντος
805 4099 854 4149 pro
870 4077 1034 4149 τεχθέντος,
1054 4083 1088 4134 de
1106 4098 1138 4135 eo
1155 4083 1238 4135 valde

693 4154 798 4205 dubito.
817 4155 887 4205 Utut
899 4154 984 4220 igitur
996 4154 1107 4215 statuis,
1119 4147 1153 4203 roi
1163 4149 1237 4219 γενέ-

694 4235 755 4290 σια,
778 4240 849 4290 quae
866 4223 918 4274 hoc
935 4223 1069 4275 Herodoti
1086 4223 1148 4275 loco
1165 4240 1238 4274 com-

693 4300 887 4357 memorantur,
900 4294 1026 4345 indicant
1033 4295 1104 4358 seam
1113 4296 1237 4357 οολοὶἰιέο,

692 4378 763 4428 quae
783 4369 950 4415 mortuorum
973 4364 1119 4415 memoriae
1144 4363 1238 4413 dicata

691 4433 721 4483 in
735 4434 802 4499 ipsis
814 4450 906 4486 eorum
917 4434 1012 4486 diebus
1025 4438 1144 4499 aguntur
1156 4436 1236 4482 nata·
