3042 5125
532 379 737 445 THALIA.
758 382 819 443 111.
835 393 880 449 80.
1218 385 1277 448 153

135 568 291 656 Πέρσησι
309 580 508 640 καταθεῖναι
528 569 568 642 τὰ
588 570 781 664 πρήγματα,
803 579 911 664 λέγων
927 575 1021 645 τάδε·
1046 574 1135 668 Ἐμοὶ
1157 581 1277 666 δοκέει,

79 674 207 745 238ἕνα
219 670 284 760 μὲν
298 669 411 762 ἡμέων
422 673 612 765 μούναρχον
625 680 741 767 μηκέτι
754 683 930 768 γενέσθαι·
955 677 1032 749 οὕτε
1046 679 1110 770 γὰρ
1121 678 1187 771 ἡδὺ
1200 680 1277 753 οὔτε

137 770 282 863 ἀγαθόν.
317 781 423 847 εἰδετε
442 778 505 868 μὲν
525 779 589 870 γὰρ
609 777 670 869 τὴν
683 782 873 872 Καμβύσεω
893 780 996 872 ὕβριν
1011 780 1068 854 ἐτ’
1081 782 1163 855 ὅσον
1183 789 1276 871 έττεξ-

137 882 243 966 ῆλθε,
256 879 477 970 μετεσχήκατε
492 882 529 953 di
541 887 597 954 uui
613 888 671 973 τῆς
683 890 744 955 τοῦ
756 885 866 976 μάγου
877 883 1004 976 ὕβριος.
1032 893 1110 969 Kois
1124 885 1157 958 θ’
1169 884 1213 958 ἄν
1225 902 1277 980 εἴη

136 987 249 1072 χρῆμα
269 988 517 1074 κατηρτημένον
535 997 738 1079 μουναρχίη,
759 995 801 1080 τῇ
821 998 926 1075 ἔξεστι
944 987 1126 1086 ἀνευθύνῳ
1150 996 1277 1064 ποιέειν
1355 1016 1364 1030 ·

136 1083 179 1155 τὰ
193 1084 367 1175 dediscam
391 1087 526 1180 καὶγὰρ
543 1087 587 1161 ἂν
600 1089 660 1162 τὸν
673 1091 811 1182 ἄριστον
823 1090 959 1183 ἀνδρῶν
978 1092 1130 1185 πάντων,
1152 1096 1276 1168 στάντα

136 1270 288 1308 esseuemo
300 1254 358 1307 iero
369 1257 469 1308 nescit:
482 1259 631 1326 coniquue
641 1276 685 1310 ex·
735 1279 762 1328 p.
779 1262 831 1315 346
846 1279 868 1314 s.
884 1263 917 1314 T.
930 1262 968 1315 11.
985 1278 1012 1329 p.
1025 1263 1078 1316 348
1089 1264 1178 1316 (iaisi.
1189 1264 1277 1316 Hero·

136 1326 260 1377 citantur
272 1324 307 1375 sb
315 1325 345 1375 0.
353 1326 399 1376 lu.
406 1327 563 1380 Hermanno
573 1330 683 1381 Griecb.
734 1332 816 1384 dotea
826 1333 986 1398 exscripsit,
999 1333 1138 1400 inquibus
1150 1349 1199 1400 pro
1211 1346 1276 1383 κοιτ-

136 1394 346 1446 Staatsalterth.
356 1397 382 1459 8.
390 1397 434 1448 64.
444 1404 502 1449 uot.
513 1399 530 1447 i.
542 1399 585 1453 ed.
594 1405 683 1465 quart.
734 1398 891 1469 ηρτημένον
911 1402 1043 1455 Valcheu.
1068 1398 1276 1469 κατηρτυμένον

136 1465 206 1516 Inde
218 1480 328 1531 quoque
342 1468 489 1530 repetenda
504 1474 599 1533 erunt,
613 1486 683 1536 quae
734 1472 779 1524 vel
789 1466 1010 1538 κατηρτισμένον
1027 1473 1110 1524 scribi
1128 1489 1209 1540 posse
1220 1489 1276 1526 mo·

137 1534 316 1586 acerbissime
334 1532 380 1586 hic
404 1536 433 1586 in
456 1541 587 1602 tyrannos
607 1539 683 1590 diota
733 1543 808 1605 nuit,
827 1542 908 1607 plene
918 1547 949 1593 ut
960 1542 1024 1598 olim
1039 1557 1148 1610 quoque
1160 1543 1276 1609 Stepha-

135 1605 325 1671 reperiuntur,
351 1604 492 1673 multaque
514 1608 585 1671 alia,
612 1624 682 1674 quae
732 1626 785 1663 nus
800 1618 859 1678 erat
871 1613 1038 1678 suspicatus.
1062 1616 1102 1663 Ac
1112 1613 1212 1664 Noster
1223 1613 1276 1665 hoc

135 1675 252 1727 eandem
269 1673 326 1726 fere
343 1676 474 1741 originem
494 1678 629 1743 produnt,
648 1679 682 1730 ad
733 1681 816 1733 verbo
835 1697 901 1733 usus
919 1685 1012 1745 estV,
1026 1682 1138 1734 28166.
1158 1682 1213 1743 111,
1230 1683 1275 1748 66,

136 1747 305 1796 Graecorum
319 1745 426 1797 animos
441 1747 605 1813 capiendos,
623 1751 683 1815 opi·
732 1753 780 1803 ubi
791 1752 864 1803 cons.
879 1756 950 1803 nott.
977 1750 1032 1803 Sed
1044 1753 1080 1802 ab
1093 1751 1145 1804 hoc
1155 1752 1276 1816 loco,li-

136 1831 197 1879 nor,
212 1814 305 1866 efficta
315 1814 457 1881 ipsiusque
469 1818 612 1883 scriptoris
626 1821 697 1870 ani·¹
732 1822 790 1872 bris
799 1836 908 1887 quoque
922 1821 1033 1887 scriptis
1046 1821 1074 1871 in
1083 1821 1197 1888 vulgate
1210 1838 1275 1873 oon-

135 1900 210 1936 rnum
221 1884 359 1935 libertatis
369 1884 598 1939 studiosissimum
608 1893 635 1940 et
647 1890 682 1939 ab
733 1891 931 1953 sentientibus,
948 1890 977 1941 id
988 1889 1123 1954 alienum,
1138 1906 1199 1942 cum
1210 1907 1276 1941 κατ-

136 1956 218 2007 unius
235 1955 378 2005 dominatu
397 1954 593 2008 alienissimum
612 1958 682 2024 opti·
733 1954 936 2027 ηρτημένονειᾱ
947 1960 1060 2012 uerbum
1074 1957 1218 2025 καταρτοῖν
1234 1976 1276 2012 re-

136 2042 179 2076 me
197 2024 379 2076 declarantia.
395 2051 431 2061 -
444 2026 600 2080 Herodotea
616 2044 683 2093 quo·
733 2030 876 2082 terendum
892 2031 943 2092 sit,
966 2028 1038 2080 unde
1057 2029 1174 2081 Bredor.
1193 2046 1221 2095 p.
1242 2031 1277 2082 75

135 2110 190 2161 que
203 2095 300 2160 attigit
312 2094 475 2148 Plutarchus
486 2095 524 2147 11.
537 2113 564 2163 p.
577 2099 629 2150 826
639 2099 682 2161 E,
734 2097 829 2165 χρῆμα
837 2094 1048 2164 κατηρτημένον
1060 2098 1138 2149 reddi
1148 2099 1221 2150 vult:
1232 2117 1276 2151 res

136 2165 218 2215 modo
239 2165 383 2215 Plutarchi
406 2164 444 2215 sit
468 2165 536 2217 haec
559 2168 683 2233 disputa·
733 2179 795 2236 apta
807 2169 851 2221 rel
861 2171 1057 2222 acommodata.
1082 2168 1214 2220 Adusum
1229 2185 1278 2220 ro·

136 2233 272 2286 tiuneula.
309 2234 468 2286 Herodotea
490 2237 574 2288 etiam
598 2237 683 2288 Dioni
732 2240 775 2291 cis
790 2236 883 2305 χρῆμα
894 2239 966 2291 conf.
979 2242 1050 2291 nott.
1064 2238 1099 2289 ad
1109 2240 1162 2298 111,
1177 2238 1220 2291 53.
1234 2239 1275 2290 Ad

136 2306 237 2357 Cassio
252 2304 399 2356 obversata
420 2320 481 2356 esse
502 2308 530 2356 in
548 2308 682 2369 oratione,
732 2311 821 2374 ipsam
844 2309 1008 2360 senteutiam
1031 2308 1127 2360 confer
1148 2309 1274 2375 Euripid.

135 2391 191 2441 qus
204 2375 328 2440 Agrippa
346 2376 499 2427 Octaviano
516 2378 682 2442 persuadere
732 2378 838 2445 Suppll.
858 2379 909 2430 428
935 2377 1024 2444 (415),
1044 2379 1193 2430 Stobaeum
1218 2379 1274 2431 Tit.

135 2444 245 2506 studet,
274 2449 307 2494 ut
330 2460 386 2495 reru
409 2444 544 2510 publicam
569 2446 681 2497 liberam
732 2448 777 2500 48.
788 2452 811 2512 ς.
819 2448 862 2501 29.
872 2465 898 2515 p.
906 2447 956 2500 343
968 2464 1024 2515 seq.
1033 2449 1065 2501 T.
1075 2448 1111 2499 11.
1123 2449 1207 2514 ρ.341
1215 2464 1274 2514 seq.

136 2515 236 2566 reddat
249 2513 331 2578 (1.11,
343 2513 452 2579 2-13),
466 2516 566 2568 statuit
577 2516 683 2569 Frsnd·
733 2519 822 2572 (iaisf.
835 2522 863 2570 et
875 2533 945 2586 quae
957 2517 1012 2570 alia
1027 2518 1069 2569 his
1083 2519 1199 2571 maxime
1212 2535 1276 2571 con·

137 2601 198 2637 sen:
212 2585 681 2653 hl.Vipssu.Agrippspsg.13-2i.
733 2604 802 2655 grue
816 2590 885 2640 citat
901 2590 932 2641 C.
947 2590 990 2639 Fr.
1008 2590 1157 2640 Hermann.
1175 2590 1274 2641 Lebrb.

136 2657 233 2722 Neque
257 2654 339 2705 aliter
364 2671 413 2720 eu,
441 2672 511 2722 quae
534 2657 683 2709 Philostra·
733 2657 1274 2722 6.(1τίοο11.8οτεοια116111ι.8.631101.

137 2732 183 2776 tus
201 2725 258 2776 Vit.
279 2723 404 2790 Apollou.
420 2725 459 2789 V,
478 2726 512 2779 32
530 2727 563 2779 de
580 2728 683 2793 optima
733 2730 750 2780 8
765 2728 807 2779 ed.
820 2731 909 2794 quart.
924 2727 1057 2779 Videntur
1071 2727 1143 2778 enim
1154 2728 1276 2779 Herodo-

136 2797 177 2847 rei
198 2793 327 2861 publicae
343 2795 431 2846 forma
447 2796 624 2848 disserentem
640 2796 682 2848 t'a·
733 2802 781 2849 tea
803 2796 836 2847 de
861 2799 1008 2849 monarchia
1030 2813 1052 2847 s.
1075 2800 1148 2847 unius
1171 2798 1276 2862 imperto

135 2867 175 2916 eit
181 2865 392 2930 Vespasianum,
407 2866 442 2917 sd
451 2866 585 2918 Herodoti
594 2882 682 2918 exem·
733 2866 809 2918 hisce
824 2883 879 2918 uon
892 2865 1036 2917 admodum
1048 2880 1108 2916 esse
1120 2865 1276 2929 dissimilia,

136 2935 212 3001 plum
235 2932 328 2987 efficta
346 2934 405 2985 vult
418 2936 526 3001 Kayser
542 2937 577 2988 ad
591 2936 682 2988 Philo·
733 2952 804 3003 quae
819 2951 837 2987 a
851 2935 980 3002 sophistis
999 2950 1048 3001 per
1060 2935 1193 2987 Graeciae
1208 2933 1277 2985 libc-

137 3005 221 3056 strati
234 3004 293 3055 Vit.
305 3003 428 3069 Sophist.
442 3021 468 3070 p.
485 3005 542 3057 173.
732 3021 780 3058 ras
793 3007 920 3057 civitates
935 3004 1064 3056 dictitats
1079 3005 1197 3055 omnium
1212 3004 1276 3056 inde

172 3065 202 3132 ές
218 3067 306 3139 μέσον
319 3101 354 3112 -
366 3073 538 3125 καταθεῖναι
555 3068 589 3124 τὰ
610 3065 681 3141 upri-
733 3091 780 3128 ore
798 3076 957 3128 serebantur
977 3076 1010 3127 de
1029 3077 1177 3142 tyrannide,
1202 3074 1276 3141 quod

137 3139 240 3209 γματα]
265 3143 309 3195 Ad
329 3141 495 3196 locutionem
523 3136 563 3208 (te
582 3139 680 3211 μέσον)
732 3147 852 3198 omniurn
876 3161 964 3197 rerum
993 3144 1161 3211 publicarum
1189 3160 1276 3211 genus

137 3217 277 3281 spectant,
290 3228 360 3280 quae
370 3214 406 3265 ad
415 3214 468 3278 111,
482 3216 516 3268 62
529 3214 682 3276 attulimus,
731 3217 905 3269 deterrimum
914 3215 1180 3266 iudicabatur.Cont.
1192 3216 1276 3266 etium

62 3300 65 3304 ’
137 3284 238 3351 quibus
255 3283 318 3334 add.
336 3282 445 3335 Platon.
462 3283 567 3349 Crstyl.
584 3301 609 3350 p.
629 3285 681 3336 284
733 3288 830 3338 Grote:
845 3287 960 3349 History
972 3284 1003 3337 oi
1013 3285 1114 3337 Greece
1130 3285 1181 3336 111.
1194 3301 1221 3351 p.
1235 3285 1275 3336 16.

137 3350 223 3412 (λεία
236 3344 269 3403 τὸ
285 3343 383 3402 κοινὸν
395 3346 426 3402 δὲ
438 3348 614 3412 καταθέντας
629 3345 682 3419 χρὴ
767 3353 804 3420 τῇ
827 3349 915 3417 ἔξεστι
933 3345 1085 3421 ἀνευθύνῳ
1113 3348 1221 3404 ποιέειν
1240 3345 1275 3403 τὰ

139 3425 258 3474 σκοπεῖν
270 3438 296 3472 κ,
304 3422 357 3473 τι.
376 3423 408 3473 ln
418 3424 540 3489 proxime
552 3439 628 3490 seqq.
636 3440 683 3475 ro·
733 3416 873 3494 βούλεται]
897 3425 977 3487 „Vid
985 3425 1067 3492 Hugo
1077 3425 1152 3475 Grot.
1162 3425 1204 3475 De
1216 3424 1276 3475 iure

138 3510 196 3546 cern
208 3490 333 3559 μοῦνον,
350 3494 460 3559 quaein
471 3492 532 3545 edd.
544 3497 611 3544 vett.
620 3499 684 3559 post
733 3496 760 3548 b.
773 3500 801 3546 et
813 3510 873 3561 pac.
885 3494 932 3546 lib.
945 3496 968 3546 1.
988 3509 1046 3561 cap.
1061 3493 1113 3546 111.
1121 3498 1146 3557 ἕ.
1158 3494 1184 3543 8.
1194 3492 1220 3545 6.
1233 3492 1275 3557 10,

136 3554 300 3629 μούναρχον
310 3561 462 3628 legebatur,
474 3563 625 3615 delevimus
636 3579 683 3614 au·
733 3564 843 3616 Hallerr
871 3566 1027 3617 Restsurat.
1062 3564 1087 3614 d.
1119 3564 1277 3614 Stsatswis·

138 3635 269 3685 ctoritate
285 3634 405 3683 omnium
422 3633 479 3684 iare
492 3632 586 3696 codd,
603 3649 683 3699 quam
733 3634 840 3687 senech.
863 3635 886 3685 Ι.
906 3651 969 3701 psg.
987 3632 1069 3686 462.“
1095 3634 1143 3686 Cr.
1163 3632 1274 3684 Sallust.

138 3705 243 3755 frustm
262 3702 327 3754 olim
347 3704 418 3754 tueri
441 3702 547 3753 studuit
564 3702 682 3755 Valcle-
733 3707 794 3772 lug.
808 3704 839 3757 31
855 3705 882 3754 iu
897 3704 956 3758 lin:
977 3704 1065 3768 „Nam
1081 3704 1190 3769 impune
1206 3718 1276 3768 quae

138 3776 248 3835 narius,
270 3787 331 3823 cum
350 3772 385 3823 ad
398 3772 512 3825 Homeri
529 3773 682 3839 exemplum
732 3773 919 3834 iubetiscere,
930 3774 959 3826 id
970 3778 1111 3839 estregem
1121 3772 1211 3824 asse.“
1227 3772 1275 3823 So-

137 3846 268 3895 h'ostrum
283 3842 325 3893 ita
336 3842 479 3908 scripsisse
499 3847 624 3909 putaret,
642 3842 683 3893 af·
733 3843 822 3911 phoci.
839 3844 933 3909 Antig.
956 3842 1007 3895 662
1024 3857 1084 3921 geq.
1108 3830 1173 3919 ἅμ’
1194 3831 1275 3906 ἡτο-

138 3913 365 3964 ierensEustath.
377 3913 412 3963 ad
422 3912 523 3979 Odyss.
535 3902 566 3961 τ’.
579 3929 607 3979 p.
617 3912 682 3963 1867
734 3909 835 3979 pavois·
857 3905 947 3969 scotici
968 3903 994 3961 s'
1018 3905 1082 3960 αλλ’
1101 3906 1274 3974 coimperat,

137 3985 197 4035 sira
209 3982 274 4044 699,
288 3982 335 4047 qui
346 3982 431 4033 multa
441 3982 589 4034 Homerica
602 3982 682 4033 huius
732 3973 865 4045 κᾶξεστιν
874 3971 946 4048 αὐτῇ
958 3978 1031 4047 δρᾶν
1041 3976 1129 4043 λέγειν
1141 3967 1198 4028 θά
1211 3970 1276 4046 βού-

136 4051 504 4186 .1’
515 4056 682 4189 ορκον
734 4042 1277 4187 ἐξαιτοέναοῑοοεοῑ

138 4193 160 4242 l.
170 4192 245 4245 conf.
260 4197 330 4244 nott.
342 4191 377 4242 ad
391 4191 445 4253 111,
460 4192 503 4244 68.
734 4194 803 4258 tiqq.
814 4193 919 4243 Rerum.
934 4193 967 4249 V,
981 4190 1025 4242 70.
1036 4190 1085 4251 Vl,
1099 4187 1141 4240 38.
1156 4188 1220 4252 1111,
1233 4189 1276 4241 66.

173 4260 238 4320 τισι
261 4251 291 4312 α’
308 4250 348 4312 ἂι
368 4257 398 4311 ει
432 4258 525 4327 χρῆμα
543 4276 682 4326 estnon,
733 4262 803 4312 sss.
819 4261 884 4312 riis.
898 4262 922 4323 1,
944 4260 987 4312 oo.
1000 4259 1053 4322 xl,
1068 4260 1111 4312 ιι.
1139 4259 1173 4309 Iu
1192 4259 1278 4309 omm-

137 4328 224 4397 μέυον
244 4277 414 4396 μουναρχίτῆ
438 4331 457 4385 i.
478 4348 503 4382 e.
527 4349 575 4398 quo
602 4340 683 4382 ονοονι
733 4332 784 4383 bus
796 4332 962 4383 Graecorum
984 4329 1064 4382 rebus
1079 4326 1196 4395 publicis
1212 4328 1278 4379 libe·

138 4405 212 4456 modo
231 4418 276 4453 res
296 4403 358 4453 bene
373 4404 512 4466 composita
527 4418 583 4453 ease
599 4409 683 4466 potest
733 4402 773 4452 ris
790 4417 851 4452 cum
870 4401 922 4450 hoc
940 4400 1064 4464 inprimis
1083 4398 1276 4462 requireretur,

138 4476 211 4526 weiss
225 4475 372 4539 imperius?
381 4470 518 4524 Stobaeus
526 4471 626 4534 XLIX,
637 4470 682 4522 29.
733 4476 765 4522 ut
774 4472 952 4537 magistratus
962 4469 1064 4521 rationi
1072 4466 1226 4519 reddendae
1236 4482 1278 4517 es·
