3042 5125
525 393 730 455 THALIA.
753 394 813 454 ΙΙΙ.
835 386 897 459 93(
1212 388 1270 452 185

129 581 295 653 τάλαντα·
316 580 416 672 νομὸς
428 586 574 673 πέμπτος
587 588 643 656 καὶ
658 586 794 667 δέκατος
808 577 915 665 οὗτος.
942 583 1078 673 Πάρθοι
1093 585 1129 654 δὲ
1139 587 1196 654 καὶ
1205 593 1270 654 Χο-

133 686 270 777 ράσμιοι
281 690 336 756 καὶ
347 685 473 775 Σόγδοι
487 716 522 757 τε
533 690 701 779 καὶἍοιοι
715 690 886 781 τριηκόσια
896 688 1056 759 τάλαντα·
1070 686 1169 776 νομὸς
1180 693 1271 770 ἕκτος

131 859 297 923 deCaapiria
316 875 339 908 s.
354 859 454 923 Gaapiia
471 861 610 924 cogitasse
627 876 677 924 pu·
728 859 905 917 habitabant,
932 860 1071 909 Chorasmi
1091 858 1119 908 in
1146 874 1195 919 ea,
1226 860 1270 910 cui

130 927 233 978 tandus
267 928 313 978 sit.
349 927 416 978 Inde
444 929 541 994 Negris
574 931 677 994 recepit
728 944 801 979 nunc
823 945 919 980 nomen
949 927 1136 988 Cbowaresm;
1163 929 1222 979 Arii
1242 931 1270 978 in

132 989 301 1061 Κάσπειοοι.
330 996 463 1049 Reunslio
477 998 497 1049 l.
513 998 532 1051 I.
549 1015 611 1064 pag.
626 998 677 1049 516
728 999 915 1057 terraHerat3
938 999 1030 1048 Parthi
1047 1002 1152 1049 tractus
1167 1003 1271 1049 monto-

130 1073 159 1119 et
178 1066 318 1117 Larchero
339 1067 427 1119 Οαοίοι
448 1067 600 1135 intelligere
618 1067 676 1134 pla·
728 1084 773 1119 sos
793 1069 866 1119 intra
882 1067 1067 1132 Hyrcaniam,
1088 1068 1270 1133 Margianam,

130 1137 192 1189 enit
211 1150 233 1185 s.
253 1136 359 1211 incolas
377 1137 434 1187 eius
449 1137 585 1202 regionis,
607 1154 676 1205 quae
726 1138 819 1188 Arium
843 1144 872 1188 et
890 1136 1108 1188 Chorasmiorum
1133 1137 1269 1188 desertum

133 1204 229 1256 Κασία
243 1220 318 1269 gepa
336 1210 452 1257 vocatur
471 1209 543 1271 apud
561 1209 676 1261 Ptolem.
727 1208 861 1257 Herodoti
882 1211 974 1257 aetate
993 1208 1113 1257 tenuisse
1133 1207 1269 1258 videntur.

130 1278 186 1337 VI,
203 1275 250 1335 15,
273 1275 353 1326 Sacis
369 1281 395 1326 et
408 1275 555 1341 Sogdianis
571 1284 677 1329 conter—
727 1276 805 1328 Coni.
819 1277 871 1339 ΙΙΙ,
885 1276 942 1327 117.
960 1277 1034 1339 Quos
1045 1276 1162 1326 Parthos
1171 1277 1200 1327 in
1212 1278 1270 1327 uni·

131 1347 222 1405 mina,
241 1360 314 1395 nunc
331 1347 442 1411 cognita
461 1347 569 1398 nomine
588 1347 676 1399 Kash-
727 1362 835 1397 versum
851 1362 899 1411 pro
918 1346 1009 1398 Persia
1032 1344 1126 1395 haberi
1149 1345 1208 1396 vult
1228 1349 1270 1397 vir

130 1431 182 1483 gur
200 1420 229 1465 et
249 1414 283 1465 ad
299 1415 461 1466 Bncbariam
475 1418 605 1469 minorem
618 1434 677 1483 per·
726 1418 824 1468 doctus
838 1415 946 1482 quidam
959 1416 999 1465 in:
1013 1415 1234 1475 HermesXXXI,
1246 1418 1268 1468 i.

132 1489 234 1538 tinans.
266 1486 308 1535 De
329 1485 426 1536 incolis
446 1485 564 1536 Caucasi
587 1488 677 1540 Indici
727 1501 790 1552 pag.
809 1486 868 1537 101.
891 1486 923 1535 In
942 1500 1020 1536 sacro
1039 1486 1183 1536 Persarum
1199 1486 1269 1537 libro

132 1572 185 1608 non
201 1554 282 1620 longe
294 1557 405 1605 remotis
418 1555 452 1605 ab
466 1555 532 1606 urbe
544 1556 678 1623 Caspaty-
726 1555 869 1608 Vendidad
886 1556 985 1605 harum
1003 1559 1137 1606 terrarum
1156 1573 1178 1609 s.
1205 1574 1269 1622 gen·

131 1643 161 1677 ro
175 1624 222 1688 (de
239 1639 293 1689 qua
304 1623 359 1675 vid.
374 1625 409 1675 ad
423 1625 480 1683 ΙΙΙ,
494 1625 556 1676 102)
570 1629 676 1693 cogitat
727 1626 796 1677 tium
811 1626 921 1676 nomina
936 1625 990 1675 iam
1001 1625 1116 1689 proferri
1130 1626 1212 1676 dubio
1224 1628 1269 1677 vix

130 1694 296 1746 Maitebrun.
310 1693 353 1745 ΙΙ.
367 1711 394 1759 p.
409 1692 468 1746 341.
486 1694 566 1757 Quod
578 1697 613 1747 ab
625 1698 677 1748 hoc
727 1701 813 1746 caret.
833 1696 941 1746 Etenim
956 1694 1027 1744 inter
1039 1698 1126 1745 terras
1141 1696 1179 1745 ibi
1197 1712 1270 1747 cour-

130 1765 192 1816 loco
206 1763 558 1830 utiquealienumvidetnr,
573 1768 676 1834 inquo,
727 1772 893 1816 memoratas
922 1763 1043 1814 secundo
1070 1763 1129 1814 loco
1156 1772 1270 1816 vocatur

130 1834 248 1900 vulgata
258 1833 375 1884 tectione
391 1838 511 1897 retenta,
525 1837 603 1887 cuius
620 1854 678 1888 mu·
727 1837 871 1899 Sopatma,
891 1839 969 1884 sexto
982 1833 1043 1883 loco
1060 1836 1182 1885 Heraion
1200 1836 1229 1895 (ἰ,
1245 1853 1269 1887 e.

131 1905 233 1955 undae
246 1904 292 1953 vix
301 1902 357 1953 ulia
368 1905 442 1955 iusta
454 1920 540 1956 causa
550 1912 676 1972 apparet,
727 1906 803 1966 Aria,
816 1900 915 1968 Horat)
929 1920 950 1954 s.
965 1905 1073 1969 Ηονογα
1079 1924 1090 1963 ,·
1100 1908 1199 1954 octavo
1209 1902 1270 1955 loco

131 1976 165 2026 de
193 1975 345 2038 caepionem
374 1982 457 2039 gente
491 1975 676 2041 cogitandum,
731 1977 816 2035 Urna,
834 1989 903 2038 qnae
923 1988 939 2023 a
958 1974 1088 2036 Kieperto
1107 1973 1145 2037 (p.
1161 1972 1270 2036 dbssiad

129 2046 209 2096 cuins
228 2043 318 2093 altera
334 2058 416 2107 pars,
441 2060 510 2109 quae
528 2060 545 2095 a
564 2048 676 2098 meridie
727 2043 913 2094 occidentales
932 2047 1038 2093 tractus
1050 2040 1213 2092 Parthorum
1230 2059 1271 2094 re-

130 2114 228 2178 Caspii
241 2113 326 2162 maris
340 2114 419 2165 sedes
433 2113 544 2178 habuit,
563 2116 676 2168 undeci-
726 2114 822 2175 fertur,
835 2112 870 2163 ab
876 2112 989 2177 Haugio
1002 2110 1112 2176 (pala)
1123 2112 1157 2162 ad
1171 2117 1269 2163 terram

130 2199 190 2234 mae
203 2183 346 2245 satrapiae
359 2183 453 2233 addita
467 2190 527 2235 erat
541 2186 605 2251 (ΙΙΙ,
618 2186 673 2252 92),
727 2181 827 2233 Kabul.
852 2183 884 2231 In
902 2182 1027 2233 cuneatia
1044 2181 1270 2247 inscriptionibus

129 2254 221 2305 altera
233 2258 342 2314 antem,
358 2268 428 2319 qnae
441 2253 475 2303 ab
489 2256 594 2305 oriente
606 2257 676 2308 cius·
726 2252 816 2304 tribus
828 2251 879 2302 hae
888 2256 984 2317 gentes
995 2268 1017 2302 s.
1025 2254 1125 2315 terrae,
1138 2267 1206 2318 quae
1218 2252 1243 2303 h.
1251 2253 1269 2303 Ι.

130 2324 191 2374 dem
218 2323 303 2372 maris
323 2322 397 2372 circa
418 2323 506 2373 Oxum
529 2326 618 2390 magia
639 2326 675 2376 ad
727 2322 763 2372 ad
783 2337 865 2372 unam
882 2322 1031 2387 satrapiam
1048 2322 1216 2385 referuntur,
1244 2328 1271 2373 et

130 2393 348 2459 septentrionem
364 2391 510 2443 habitabat
524 2394 569 2445 vel
587 2396 615 2444 in
629 2396 676 2446 de·
727 2394 805 2458 ipsae
819 2392 1003 2457 proferuntur.
1023 2384 1187 2456 QuiZo'ydoa
1198 2392 1270 2458 apud

128 2464 229 2525 sertis,
250 2476 320 2528 quae
342 2460 399 2512 illic
417 2468 482 2513 sunt
499 2468 526 2514 et
546 2480 618 2515 nunc
639 2464 674 2516 ad
726 2462 896 2513 Herodotum
929 2468 1078 2526 vocantur,
1116 2467 1144 2514 et
1173 2468 1269 2529 postea

127 2548 245 2600 reguum
264 2530 362 2583 Ghissa
380 2535 530 2598 pertinent,
556 2535 676 2601 negaba·
727 2533 808 2583 etiarn
816 2527 978 2597 Σογδιανοὶ,
986 2532 1019 2584 iis
1028 2548 1124 2584 nomen
1133 2533 1271 2599 profertur

128 2611 175 2655 tur
192 2602 245 2666 (ci.
265 2602 349 2653 etiam
368 2602 494 2655 Wheeler
512 2605 677 2672 Geography
727 2604 816 2668 Supda
834 2602 878 2655 vel
890 2604 1008 2669 Sageda,
1028 2604 1072 2653 cni
1084 2602 1270 2655 Herodoteum

129 2674 161 2726 of
168 2673 296 2724 Herodot
309 2688 334 2737 p.
348 2671 399 2723 294
413 2673 500 2739 seq.),
513 2675 577 2725 inde
588 2675 676 2740 Sacis,
728 2668 834 2735 Σόγδοι
848 2672 906 2734 vel,
922 2670 991 2737 quod
1006 2672 1079 2736 apud
1093 2673 1208 2736 Dionys.
1221 2674 1270 2723 Pe-

129 2747 149 2794 i.
170 2761 194 2795 e.
219 2741 345 2807 Scythis,
365 2742 460 2793 addita
481 2742 517 2793 ad
543 2743 676 2797 decimam
727 2740 975 2807 riegitiiegitur,
988 2737 1115 2803 Σουγδία
1127 2740 1196 2791 bene
1208 2757 1270 2791 con-

128 2814 258 2879 quintam
276 2813 427 2877 satrapiam
444 2814 618 2877 pertinebat..
641 2845 676 2854 -
728 2812 818 2863 venit:
847 2811 882 2861 ci.
899 2812 1014 2860 Lassen.
1035 2810 1194 2860 Zeitscbrist
1217 2816 1270 2861 etc.

128 2886 186 2935 Pro
198 2872 315 2947 άγίνεον
329 2881 416 2933 Cobet
425 2882 478 2948 legi
495 2883 556 2934 vult
573 2874 675 2949 άπογί-
727 2882 777 2932 VI.
790 2897 816 2946 p.
829 2880 872 2940 58,
887 2880 1000 2945 Oppert,
1012 2877 1031 2930 1.
1039 2878 1056 2928 Ι,
1066 2879 1154 2929 xvn.
1171 2895 1197 2943 p.
1209 2878 1270 2942 283,

129 2968 216 3014 acor,
237 2957 268 3002 ut
280 2967 347 3002 sane
360 2951 462 3014 legitur
474 2953 531 3014 III,
543 2955 577 3006 92
592 2961 618 3006 et
630 2957 674 3010 94,
726 2951 830 3001 Ritter:
847 2948 996 3000 Erdlrunde
1006 2949 1084 2999 VIII.
1098 2964 1125 3014 p.
1137 2949 1180 2999 55.
1204 2948 1272 2999 Obo-

130 3024 181 3075 892
204 3038 258 3090 quo
278 3026 369 3072 tamen
391 3024 451 3087 ipso
466 3021 527 3073 loco
546 3040 676 3091 aeqneac
727 3020 888 3071 rasmiornm
911 3034 1009 3069 nomen
1034 3020 1062 3068 in
1089 3018 1272 3083 inscriptioni·

129 3092 191 3154 III,
224 3090 258 3142 97
284 3091 386 3157 legitur
409 3089 487 3157 δῶρα
514 3083 676 3158 άγίνεον,
726 3090 778 3141 bus
793 3091 877 3141 fertur
895 3091 1059 3154 anrozrnijn
1074 3089 1270 3140 s.anraznria:

131 3177 219 3228 quare
230 3160 372 3227 vulgatam
384 3166 490 3213 mutare
501 3164 586 3218 nolui.
726 3160 783 3211 rid.
797 3161 910 3225 Oppert.
931 3175 958 3223 p.
972 3158 1023 3208 282
1040 3162 1067 3208 et
1088 3158 1201 3209 Lassen.
1220 3158 1238 3208 Ι.
1251 3157 1270 3211 Ι.

652 3253 663 3279 ‹
727 3246 791 3294 pag.
805 3230 846 3282 58.
858 3231 901 3280 59.
919 3228 1082 3278 Parthorum
1099 3243 1196 3278 nomen
1210 3245 1271 3293 pro-

169 3257 258 3330 ’σμὸς
274 3259 400 3350 πέμψας
419 3262 468 3349 ”3²2
490 3261 676 3349 &guffw‘fv'
727 3299 814 3350 fertur
826 3300 965 3350 Periboea:
982 3298 1018 3348 cf.
1027 3297 1138 3361 Oppert.
1150 3314 1212 3362 pag.
1220 3299 1271 3348 279

131 3334 193 3402 ως]
211 3337 368 3401 Αωηρω
384 3337 490 3387 d⁸⁰¹m⁸
506 3340 602 3401 quum
614 3336 677 3388 ΜΘ
729 3374 757 3421 et
773 3370 877 3420 Rittcr:
893 3366 1041 3418 Erdkunde
1058 3367 1136 3417 VIII.
1153 3383 1214 3433 pag.
1226 3367 1270 3419 99.

132 3411 215 3458 notat
224 3405 349 3457 Maltebr.
362 3405 380 3455 I.
394 3405 413 3455 l.
432 3421 459 3471 p.
472 3406 521 3458 341
538 3422 677 3459 enumera·
727 3438 850 3490 Apim
862 3443 936 3489 tm
948 3437 1049 3487 dicitu,
1060 3438 1148 3486 Ham·

131 3478 236 3526 tionem
256 3476 332 3541 sequi
353 3490 446 3526 earnm
467 3476 677 3558 provinciarum,
729 3509 843 3573 oppon·
858 3508 875 3557 1¹
894 3506 912 3557 1⁸
935 3522 998 3572 pag·
1014 3505 1075 3565 230,
1094 3436 1271 3558 [8,ζίῃῖῗῆ

131 3561 207 3611 quae
217 3545 313 3610 acyro
326 3546 354 3595 in
365 3546 490 3597 interiori
501 3545 569 3597 Asia
582 3561 677 3611 acqui·
728 3593 792 3644 pag·
810 3578 853 3626 56*
869 3579 916 3640 57,
932 3575 1091 3628 Rawlinm
1109 3574 1127 3624 Ι.
1141 3574 1159 3627 1.
1173 3576 1228 3636 XI,
1249 3576 1271 3627 Ι,

131 3618 219 3675 sitae,
247 3616 336 3666 serius
351 3617 495 3667 Persarum
520 3631 603 3681 regno
622 3616 678 3665 sint
926 3647 933 3660 .
969 3646 976 3660 .
1097 3644 1104 3657 ·
1265 3647 1272 3659 .

131 3686 270 3736 nna..
727 3644 1273 3779 titt..itttttt.²tit¹.¹¹iti⁰fti⁰.t

167 3779 286 3852 Πάρθοι
308 3779 339 3837 δὲ
367 3783 416 3837 καὶ
443 3776 602 3851 Χοράσμιοι
628 3782 677 3836 uui
728 3789 784 3839 iam
796 3785 1014 3848 Schweighaeus.
1030 3782 1169 3844 voluerat,
1189 3783 1272 3848 quod-

132 3850 239 3922 Σόγδοι
257 3845 452 3923 raxni'Aptot]
474 3859 552 3919 Quae
565 3857 611 3908 hic
623 3873 676 3907 me·
728 3874 781 3924 que
804 3856 874 3906 alter
888 3855 1023 3906 Herodoti
1049 3852 1125 3902 locus
1145 3852 1213 3914 VII,
1239 3853 1273 3904 66

132 3932 275 3979 morantur
288 3932 400 3992 gentes,
414 3927 477 3979 coil.
490 3927 561 3982 vn.
575 3926 618 3978 61.
634 3928 677 3978 dt.
729 3929 848 3991 itemque
859 3924 989 3987 Stephon.
1001 3925 1118 3988 Byzant.
1131 3936 1153 3971 s.
1161 3936 1192 4000 γ.
1203 3921 1274 3986 Aera

130 4000 175 4058 66,
189 4013 240 4050 eae
253 4012 346 4049 omnes
360 3997 451 4049 iudice
463 3996 575 4048 Rennei.
589 4013 615 4061 p.
626 3997 678 4048 512
730 3997 870 4062 postulare
890 3994 1050 4052 videbatur3
1066 3990 1149 4055 vulgo
1168 3990 1272 4054 Αρειοι.

131 4069 213 4119 nnius
225 4067 402 4133 eiusdemque
416 4072 479 4118 aunt
491 4066 585 4131 stirpis
596 4081 613 4115 a
624 4067 679 4116 Me-
731 4069 774 4118 De
786 4066 847 4129 ipsa
857 4069 938 4130 gente
948 4065 983 4114 cf.
994 4063 1081 4140 etiam
1087 4076 1157 4126 quae
1167 4060 1202 4112 ad
1210 4061 1273 4121 VII,

131 4139 179 4189 dia
190 4138 404 4203 septentrionem
415 4143 442 4187 et
450 4137 579 4187 orientem
586 4151 680 4186 versus
730 4137 765 4186 62
779 4133 981 4186 adnotavimus.
1000 4133 1062 4194 „De
1078 4129 1187 4193 Αρειόις
1201 4130 1273 4182 conf.

131 4213 319 4274 propagatae,
338 4208 478 4259 meridiem
495 4222 591 4257 versus
607 4206 680 4255 intra
732 4204 852 4269 Symbol.
872 4209 899 4255 et
918 4203 1068 4266 Mytbolog.
1091 4200 1114 4252 1.
1138 4216 1200 4266 pag.
1224 4201 1273 4252 737

133 4279 288 4330 &uenum
307 4282 336 4329 et
349 4279 477 4329 Taurum.
502 4275 579 4328 (Ioni.
597 4275 680 4327 etiam
731 4277 764 4326 ed
774 4291 829 4326 sec.
841 4273 875 4336 (Ι.
886 4290 913 4336 p.
925 4274 976 4324 298
985 4272 1028 4324 ed.
1040 4271 1125 4336 tert),
1134 4271 1275 4322 ubiHero-

132 4347 269 4400 Wheeler.
284 4347 335 4398 Ι,1.
354 4362 416 4413 pag.
435 4348 495 4399 291.
510 4348 592 4411 Sogdi
607 4348 680 4396 intra
731 4345 824 4396 dotum
847 4344 917 4404 VII,
936 4344 969 4394 62
992 4342 1084 4406 attigi.
1109 4340 1178 4391 add.
1198 4342 1219 4391 Ι.
1242 4340 1275 4390 de

131 4419 220 4470 Oxum
233 4423 261 4470 et
272 4418 414 4468 Iaxartem
426 4432 459 4467 ea
471 4417 499 4466 in
513 4420 595 4478 terra,
609 4430 679 4480 quae
729 4417 868 4466 Hammer.
883 4414 912 4462 in
920 4411 1028 4463 Annali.
1042 4411 1140 4463 Vienn.
1153 4409 1214 4461 Vol.
1227 4410 1274 4459 IX.

130 4504 204 4540 nuno
218 4493 337 4542 vocatur
353 4486 445 4553 Soghd
462 4503 482 4537 s.
497 4484 678 4548 Samarkand,
730 4501 757 4551 p.
770 4484 804 4536 33
818 4483 915 4549 seqq.“
935 4484 981 4533 Cr.
