3042 5125
491 364 813 430 snspensas.
836 369 891 432 1v.
913 358 957 435 ss.
1224 378 1287 441 sss

154 554 186 617 οί
196 553 383 631 παντελέως
401 552 466 640 εἶχε
480 552 517 623 τὸ
536 565 675 645 οἴκημα,
697 563 734 629 ἐκ
752 561 816 649 μὲν
834 566 903 631 τῶν
917 571 1074 652 Θρηίκων
1094 562 1285 657 ἠφανίσθη·

153 764 228 813 patos
241 759 478 819 commemoratur,
495 757 638 821 praebebit
648 758 692 808 Ia·
741 761 836 812 Roem.
847 763 903 814 und
912 763 997 814 Nord.
1007 762 1123 818 Alterth.
1137 764 1286 817 betreffend

152 821 213 872 coba
224 821 259 872 ad
270 821 369 874 Aelian
379 826 412 875 N.
425 825 460 874 A.
473 825 523 888 IX,
537 828 582 879 44.
612 829 690 891 Quod
741 846 807 896 pag.
825 832 988 900 2dtiseqq.).
1019 833 1110 898 Atque
1126 838 1157 885 ut
1176 835 1285 886 redeam

151 891 183 940 ad
196 898 386 957 argumentum
397 893 453 945 loci
466 897 577 962 attinet,
591 898 690 949 Strabo
742 916 790 963 eo,
809 901 881 952 unde
900 917 960 954 sum
977 902 1133 967 digressus,
1154 905 1222 969 ipsis
1231 905 1285 955 Ae-

150 960 208 1011 vn.
226 976 252 1026 p.
264 962 318 1014 298
329 978 352 1016 s.
363 965 413 1015 457
427 965 459 1016 A.
478 966 550 1017 inter
563 967 618 1018 alia
629 984 690 1032 spe·
740 970 877 1036 gyptiacis
901 970 956 1022 illis
982 976 1039 1022 tam
1062 987 1175 1037 operose
1201 973 1284 1026 iactis

149 1030 252 1113 iunctm
275 1047 384 1099 quoque
407 1041 600 1088 commemorat
626 1031 690 1103 (ἄν
740 1039 874 1105 sepulcris
904 1043 1037 1107 originem
1067 1040 1176 1094 dedisse
1205 1047 1286 1094 anna

151 1097 248 1164 τραδες
263 1116 290 1150 τι
302 1101 432 1169 χωρίον),
445 1105 558 1172 reliquis
568 1107 691 1158 inacces-
741 1109 847 1172 nativa,
860 1111 889 1159 in
901 1111 998 1177 quibus
1010 1110 1046 1160 ab
1059 1111 1137 1162 initio
1146 1110 1284 1164 cadavera

150 1185 217 1232 um,
238 1171 268 1221 in
287 1187 342 1237 quo
356 1172 493 1225 Zalmoxis
514 1175 597 1227 inerit
617 1191 689 1226 com·
739 1181 912 1242 reposuerim
950 1179 1088 1245 homines,
1128 1182 1284 1245 suspiratur

150 1244 278 1304 moratus,
291 1243 689 1311 raroinpublicumprodiens.
740 1248 832 1312 Zoiiga
852 1249 895 1299 De
917 1248 1044 1300 obeliscc.
1070 1265 1133 1315 pag.
1153 1250 1205 1301 279
1224 1266 1281 1317 seq.

149 1335 181 1345 -
196 1310 400 1374 „Continentur
419 1313 487 1364 talia
505 1312 567 1366 loca
584 1315 689 1367 subter·
738 1316 902 1369 —Classici
916 1318 949 1369 de
962 1318 1085 1369 Zamolxi
1100 1318 1187 1385 deque
1201 1321 1283 1371 Drui-

150 1394 229 1429 ranea
248 1381 356 1444 initiis,
377 1398 447 1449 qnae
460 1384 598 1435 Zamolxis
611 1384 688 1436 Getis
740 1384 782 1438 dis
803 1385 858 1438 ioci
879 1393 944 1438 sant
966 1388 995 1438 in
1015 1388 1144 1453 Origenis
1160 1387 1283 1441 Philoso-

149 1448 279 1501 Thraciae
290 1450 440 1504 tradidisse
451 1452 546 1504 fertur.
565 1453 689 1506 Hellani-
737 1456 881 1520 phamenis
901 1472 961 1523 cap.
976 1459 1002 1508 2.
1020 1472 1085 1523 pag.
1102 1458 1154 1508 882
1171 1462 1200 1509 et
1220 1474 1281 1524 cap.

148 1533 193 1569 cus
212 1519 287 1584 apud
306 1520 384 1573 Suid.
408 1527 436 1572 et
455 1524 572 1588 Etymol.
595 1539 686 1589 magn.
738 1527 781 1578 25.
794 1541 859 1591 pag.
871 1524 924 1578 906
937 1526 979 1577 ed.
992 1525 1073 1577 Dela
1085 1528 1152 1591 Rue,
1167 1528 1201 1577 ad
1214 1544 1282 1594 quos

148 1586 184 1654 (p.
194 1587 227 1640 bb
238 1591 524 1670 Fragmmflellanic.
542 1592 584 1645 ed.
595 1594 686 1645 Stura.
736 1595 811 1645 band
821 1610 909 1661 pauca
923 1596 1062 1661 congessit
1075 1595 1176 1647 Christ.
1190 1596 1283 1648 Wolfii

149 1657 265 1723 edsec)
283 1655 592 1726 Ζαμολξις-τελετᾶς
607 1657 687 1714 κατέ·
736 1665 890 1727 industria,
918 1678 990 1730 quae
1015 1668 1106 1714 tamen
1131 1680 1204 1716 nunc
1226 1681 1282 1717 non

149 1723 217 1788 διιξε
233 1723 335 1788 Γέταις
350 1732 410 1789 τοῖς
429 1721 461 1781 ἕν
473 1723 572 1799 Θράκῃ
585 1749 611 1782 ιι.
625 1748 649 1784 τ.
662 1732 687 1784 t.
737 1735 824 1799 magis
833 1739 917 1786 vacat
926 1738 1060 1795 excutere,
1070 1747 1150 1798 quam
1158 1749 1201 1797 es,
1211 1750 1282 1801 quae

149 1797 257 1851 Attende
277 1800 314 1850 ad
334 1815 430 1852 vocem
444 1801 591 1853 solemnem
602 1803 645 1853 hia
658 1802 688 1851 in
737 1818 823 1869 nuper
834 1802 962 1853 Chardon
977 1801 1011 1853 de
1026 1803 1054 1852 la
1068 1803 1202 1854 Rechette
1218 1819 1278 1855 eam

148 1866 220 1919 rebus
235 1864 395 1935 κατέδειξε,
416 1887 487 1937 quae
504 1887 522 1922 a
536 1874 627 1924 scenis
645 1886 688 1921 sa·
737 1874 767 1922 in
777 1888 833 1924 rem
845 1871 998 1937 disputavit
1008 1872 1037 1921 in
1049 1870 1168 1938 Melang.
1183 1872 1216 1922 de
1224 1872 1281 1923 Cri·

147 1937 196 1986 cris
209 1937 242 1988 ad
255 1938 409 1990 doctrinam
427 1940 618 1993 declarandam
632 1945 688 1991 tra-
736 1942 813 2007 tique
828 1946 857 1991 et
877 1941 911 1991 de
922 1939 1055 2005 Philolog.
1075 1942 1108 1993 T.
1127 1943 1151 1993 Ι.
1168 1957 1233 2008 pag.
1246 1943 1280 1994 58

148 2006 283 2060 ductaest.
304 2009 689 2075 Etreapseaddelsstaspe·
736 2010 831 2075 seqq.“
868 2011 1018 2062 Creuzer.
1051 2009 1201 2062 Comment.
1225 2011 1279 2062 He·

148 2076 217 2127 ctare'
229 2076 305 2129 illam
318 2078 461 2131 historiam
474 2081 625 2142 Zamolxis‚
641 2094 687 2129 ne·
735 2079 813 2130 redd.
824 2095 850 2145 p.
864 2079 1001 2130 171-173
1014 2084 1071 2133 not.
1088 2079 1150 2131 coli.
1166 2080 1280 2145 Symbo-

148 2161 187 2196 mo
198 2149 297 2213 estqui
309 2149 447 2215 ambigere
460 2155 551 2215 queat.
570 2150 629 2199 Hoc
638 2163 686 2198 au-

149 2220 197 2265 ten
208 2217 343 2269 vocabulo
358 2220 387 2269 in
400 2219 517 2270 Osiridis
532 2217 631 2268 ritibus
646 2216 685 2268 fe-

148 2284 243 2338 salibus
267 2289 358 2338 utitur
382 2288 537 2340 Herodotus
553 2287 598 2350 11,
625 2286 684 2337 171.

149 2354 243 2417 Quales
262 2360 335 2408 ritus
351 2357 480 2409 credibile
496 2361 538 2408 est
551 2356 586 2406 ab
603 2356 684 2406 initio

149 2424 174 2473 in
191 2425 376 2477 subterraneis
394 2425 572 2478 conclavibus
595 2423 684 2489 sepul·

149 2508 246 2545 crorum
269 2500 399 2561 peractos
416 2510 485 2547 esse.
520 2495 608 2557 Quam
625 2493 682 2545 late

150 2569 231 2616 autem
244 2570 341 2631 pateat
353 2565 397 2616 hic
411 2582 476 2618 usus
492 2571 683 2616 antrorumse·

148 2635 300 2696 pulcralium
317 2635 509 2701 mysteriisque
534 2636 683 2687 inservien-

147 2703 207 2753 tium
221 2720 356 2770 exponere
368 2703 479 2771 longum
492 2709 545 2757 est.
563 2708 637 2770 Ego,
649 2718 685 2753 ne

149 2773 319 2836 extractam,
333 2774 406 2839 qued
418 2776 533 2838 dicitur,
546 2775 682 2841 egrediar,

149 2841 215 2893 locos
231 2843 345 2909 aliquot·
356 2843 490 2910 laudabo,
513 2845 560 2911 qui
574 2849 684 2910 septen—

148 2911 294 2963 trionalium
316 2915 478 2979 populorum
500 2920 528 2965 et
546 2913 684 2966 Germani-

148 2995 230 3031 corum
241 2998 323 3035 sacra
340 2987 473 3045 attinent3
496 2984 623 3035 nimirum
635 2984 681 3045 iis,

148 3065 207 3115 quos
221 3052 348 3106 Sturaius
373 3055 421 3118 (ad
440 3053 576 3106 Hellanic.
592 3069 620 3118 p.
639 3052 681 3104 13.

147 3120 187 3186 ts)
197 3125 337 3186 excitavit,
348 3124 417 3177 adde
430 3125 569 3177 Irhovium
583 3124 625 3174 De
636 3138 683 3189 pa·

147 3188 286 3256 lingenesia
297 3199 422 3246 veterum
436 3196 497 3247 Lib.
515 3194 554 3245 11.
571 3209 633 3258 cap.
655 3194 680 3246 7.

147 3273 203 3326 pag.
215 3262 265 3316 317
283 3280 376 3331 seqq,
394 3266 442 3332 qui
462 3264 496 3316 de
508 3263 681 3316 Germanico·

148 3345 198 3380 rum
208 3333 367 3399 populorum
378 3350 460 3402 snper
470 3335 622 3385 animorum
633 3335 681 3382 im·

149 3401 305 3456 nonautate
313 3405 430 3458 decretis
437 3405 510 3457 haud
520 3418 609 3468 pauca
618 3418 682 3454 con·

149 3472 232 3527 gant.
263 3475 298 3525 si
322 3476 404 3538 iunge
428 3476 452 3527 Ι.
477 3476 500 3528 Ι.
527 3474 680 3525 Moeserum

149 3538 229 3592 Verm.
242 3543 356 3595 Schrift.
369 3545 406 3596 11.
420 3559 447 3608 p.
460 3545 512 3596 alo
524 3559 615 3610 seqq,
633 3542 681 3608 qui

150 3623 172 3670 p.
184 3611 230 3661 277
245 3620 318 3665 recte
334 3621 440 3677 monet,
467 3611 681 3679 metempsycho-

734 2147 776 2197 ΙΙΙ(
788 2152 841 2200 etc.
857 2149 895 2199 11.
915 2163 978 2213 pag.
996 2147 1048 2199 298
1066 2163 1141 2214 seqq.
1161 2148 1203 2199 ed.
1222 2165 1278 2200 sec.

734 2218 787 2267 ΠΙ.
801 2232 864 2283 pag.
877 2218 907 2269 ll
923 2233 999 2283 seqq.
1016 2221 1045 2267 ct
1057 2222 1121 2268 tert.
1150 2219 1201 2268 Est
1213 2234 1279 2270 vero

735 2303 769 2337 ax
780 2286 860 2338 huius
869 2287 924 2339 viri
936 2287 1074 2338 sententia
1083 2281 1220 2340 Zalmoxis
1231 2303 1279 2339 va-

734 2361 786 2417 tes,
799 2355 869 2422 pelle
880 2357 975 2407 ursina
985 2355 1106 2420 indutus,
1122 2358 1157 2408 ad
1170 2362 1279 2423 gentem

733 2425 872 2478 borealem
890 2428 939 2492 qui
956 2426 1081 2492 pervenit
1091 2427 1280 2478 immortalita-

734 2500 789 2546 tem
812 2496 920 2546 animae
943 2495 1072 2559 tradens,
1099 2512 1160 2546 cum
1184 2496 1277 2548 Sileno

734 2565 948 2631 comparandus,
964 2566 1011 2631 qui
1027 2570 1056 2615 et
1072 2566 1130 2630 ipse
1147 2574 1227 2617 vates
1244 2583 1277 2618 ac

734 2634 931 2686 Bacchicorum
965 2649 1105 2684 sacrorum
1143 2636 1278 2700 interpres

734 2704 1002 2770 immortalitatisque
1034 2708 1129 2754 auctor
1164 2706 1279 2769 caprina

733 2773 805 2839 pelle
817 2773 876 2825 sire
887 2772 985 2838 lyncea
996 2771 1107 2823 indutus
1121 2788 1278 2837 repraesen-

735 2849 820 2894 tatur.
850 2843 910 2905 Quo
931 2843 1015 2893 etiam
1027 2842 1079 2892 hoc
1093 2843 1213 2908 pertinet
1233 2858 1277 2894 eo·

735 2914 795 2965 dem
814 2912 947 2964 Oreuzero
965 2915 1106 2973 monente,
1127 2912 1200 2977 quod
1216 2913 1278 2963 Zal-

733 2983 837 3045 moxis‚
855 2982 942 3033 tribus
954 2982 1034 3033 annis
1046 2981 1160 3045 absens,
1179 2987 1277 3048 quarto

733 3054 840 3104 demum
854 3052 1007 3103 Thracibus
1027 3052 1115 3103 denuo
1134 3065 1277 3117 compara-

732 3125 788 3173 isse
800 3122 901 3184 fertur3
921 3136 991 3188 quae
1014 3125 1112 3185 sponte
1132 3123 1162 3171 in
1177 3137 1277 3172 memo-

731 3194 802 3243 riam
816 3197 918 3243 vocant
936 3187 1113 3256 τριετηρίδας
1131 3206 1179 3255 per
1192 3191 1276 3242 Grae·

732 3263 804 3314 ciam
824 3262 968 3314 institutas
986 3265 1014 3311 et
1031 3260 1068 3312 ad
1085 3259 1199 3311 eandem
1219 3260 1277 3310 iere

731 3333 886 3383 doctrinam
897 3330 931 3382 de
942 3332 1034 3382 anima
1051 3329 1200 3382 immortali
1216 3344 1278 3393 spe·

732 3406 851 3453 etentes.
868 3403 956 3464 Quam
968 3400 1120 3451 doctrinam
1132 3399 1209 3451 Getis
1222 3403 1277 3449 tra·

732 3471 820 3522 ditam
837 3486 854 3521 a
865 3469 989 3521 Zalmoxi
1008 3468 1052 3520 his
1066 3468 1158 3520 verbis
1177 3469 1277 3518 Noster

731 3541 830 3592 refert:
851 3530 888 3597 ὡς
905 3526 967 3589 οὔτε
987 3529 1071 3595 αὐτὸς
1083 3525 1146 3588 οὔτε
1165 3529 1196 3586 οἱ
1210 3549 1243 3585 oo
1265 3564 1275 3572 -

732 3602 817 3660 τιόται
829 3599 925 3672 αὐτοῦ,
938 3596 1003 3658 οὔτε
1016 3600 1046 3657 oi
1057 3599 1087 3657 la
1101 3597 1207 3656 τούτων
1220 3551 1276 3655 asad

151 3678 200 3739 sin,
219 3698 287 3746 quae
308 3683 425 3747 dicitnr,
447 3700 501 3735 non
518 3697 680 3749 repugnare,
732 3665 1177 3744 γινόμενοιᾶτιοθανέννται,ἀλλ’
1191 3662 1275 3740 ἥξοι·

152 3762 197 3810 quo
208 3754 292 3805 minus
304 3769 373 3805 sana
384 3754 418 3804 de
432 3754 522 3805 animo
534 3750 681 3804 immortali
732 3763 760 3799 τι
774 3739 802 3806 ἐς
814 3744 904 3812 χῶρον
914 3743 1029 3826 τοτ’·τον,
1048 3739 1169 3825 incolat
1179 3758 1276 3824 ιπεριε-

151 3816 263 3872 doctrina
274 3823 682 3890 invalescat,atquentramque
732 3810 811 3876 ὀντες
823 3811 917 3878 ἕξουσι
927 3831 962 3866 τα
978 3829 1072 3864 ιιαντα
1090 3813 1202 3878 araba,
1219 3814 1239 3865 i.
1251 3829 1276 3864 e.

153 3892 310 3952 saepiuscule
333 3894 486 3946 obtinuisse
505 3892 577 3960 apud
600 3908 683 3943 unum
732 3905 813 3955 nepae
826 3905 854 3938 se
869 3904 949 3952 nepae
962 3889 1079 3938 convivus
1097 3900 1157 3936 auos
1174 3900 1220 3934 nec
1232 3884 1276 3935 bo·

154 3960 308 4027 eundemque
319 3964 458 4029 populum.
485 3964 562 4015 Idem
575 3979 625 4014 nos
636 3960 684 4012 ad·
732 3976 788 4009 ram
798 3966 919 4022 posteros
931 3959 1080 4015 morimros,
1099 3955 1146 4005 sed
1158 3961 1277 4005 νενιανοι

154 4030 227 4079 vertit
238 4032 272 4082 ad
284 4037 364 4084 antra
380 4050 413 4085 ac
431 4033 542 4098 spelaea
557 4049 605 4098 per
617 4033 683 4082 Ger·
733 4033 759 4081 in
771 4032 850 4080 locam
861 4028 995 4092 quondan,
1009 4026 1052 4076 ubi
1059 4032 1183 4089 perpetuo
1194 4027 1277 4074 sisen-

155 4100 250 4152 manne
261 4119 322 4154 oras
335 4104 428 4165 obvia,
445 4104 586 4170 inquibus
603 4102 685 4152 initia
733 4108 772 4150 tes
785 4097 896 4150 omnibus
915 4096 987 4148 ὸοιιίι
1003 4098 1053 4146 sint
1066 4095 1180 4161 fruituri.
1212 4093 1277 4156 „Ita

156 4176 256 4226 sancta
267 4174 353 4224 tuisse
369 4173 499 4226 credibile
512 4175 559 4226 sit.
587 4173 684 4224 Cuius·
735 4167 877 4230 (Creuneri
893 4169 958 4216 sunt
969 4164 1054 4216 verba
1065 4164 1083 4216 l.
1099 4162 1117 4212 l.
1137 4177 1200 4228 pag.
1216 4161 1277 4227 171)

156 4238 220 4288 modi
230 4242 338 4306 spelaea
350 4244 503 4308 similiaque
512 4246 686 4294 monumenta
734 4236 875 4288 Herodoto
885 4238 1065 4287 narraverant
1075 4232 1277 4296 adHellespon·

158 4311 395 4369 septentrionalium
409 4314 532 4381 gentium
547 4328 627 4363 sacra
638 4312 686 4362 do·
737 4313 795 4358 tum
814 4312 841 4358 et
855 4308 973 4358 Pontum
993 4304 1150 4355 habitantes
1169 4302 1277 4363 Graeci,

158 4377 195 4424 cte
206 4383 231 4428 et
239 4388 364 4435 accurate
371 4383 519 4435 illustravit
525 4381 687 4434 Thorlacius
737 4393 754 4428 a
768 4392 879 4442 quorum
891 4375 994 4426 iudicio
1004 4375 1135 4425 hactenus
1147 4385 1225 4421 suurn
1238 4371 1278 4420 iu-

162 4441 327 4505 (Vsrmiscbte
338 4454 488 4518 Aufsiitze,
506 4452 555 4504 das
571 4451 690 4514 Griecb„
737 4446 838 4497 dicium
847 4446 969 4511 seiungit
975 4459 1063 4495 rerum
1073 4442 1200 4506 scriptor,
1207 4439 1278 4506 qnod
