3042 5125
427 401 750 466 MIILPOMENE.
773 402 829 466 IV.
853 410 913 468 172.
939 412 1000 469 173.
1220 399 1282 463 609

135 620 202 662 παι.
235 595 272 662 ἐκ
293 595 351 680 τῆς
370 589 479 682 χειρὸς
502 597 594 664 διδοῖ
612 609 720 682 πιεῖν,
749 595 807 664 καὶ
827 589 927 672 αύτύς
951 594 988 662 ἐκ
1007 597 1065 682 τῆς
1086 595 1148 662 τού
1167 593 1282 681 ἑτέρου

135 703 246 765 πίνει·
274 690 318 783 ἦν
333 692 369 764 di
381 693 427 782 μὴ
440 702 539 784 ἔχωσι
551 692 658 786 ύγρόυ
670 696 778 787 μηδὲν
786 750 796 784 ,
817 702 853 766 οἱ
864 695 901 766 di
913 700 971 783 τῆς
984 698 1138 784 χαμᾶθεν
1151 699 1282 764 σποδοῦ

135 796 301 888 λαβόντες
314 804 471 885 λείχουσι.

242 903 430 991 Νασαμῶσι
447 901 485 970 di
507 900 736 991 προσόμουροί
753 908 818 972 εἰσι
835 900 972 972 Ψύλλοι.
1007 890 1100 970 οὗτοι
1115 897 1349 983 &inuoluti-173

133 1065 495 1135 Voyag.1.p.393.-—biox
508 1068 688 1120 emelioribus
739 1068 768 1117 iu
787 1082 865 1118 sacro
885 1066 980 1118 codIce
999 1067 1101 1118 veteris
1122 1067 1282 1117 testamenti

134 1138 218 1190 codd.
244 1136 369 1189 dedimus
392 1135 524 1202 χαμᾶθεν
546 1154 597 1204 pro
622 1138 687 1189 olim
737 1137 854 1202 reperiri
868 1135 979 1199 volunt,
1004 1151 1067 1187 cum
1085 1134 1156 1187 alias
1174 1151 1282 1203 quoque

133 1207 214 1273 vulg.
224 1197 361 1271 χαμόθεν.
375 1206 417 1258 Oi.
428 1208 466 1269 11,
477 1209 527 1259 125
538 1209 606 1274 ibiq.
617 1212 687 1259 nott.
737 1206 867 1271 frequens
873 1207 910 1256 sit
919 1205 1026 1257 Illorum
1033 1205 1144 1257 mentio.
1155 1204 1235 1256 Unde
1243 1206 1282 1257 λιι-
1376 1239 1383 1250 -

135 1283 166 1329 et
178 1277 366 1329 vidPierson.
380 1276 511 1328 deoer.
522 1276 622 1343 pilli).
635 1279 688 1329 Lo·
738 1280 827 1336 ctum,
851 1280 884 1326 ut
906 1278 1061 1342 quicunque
1084 1274 1154 1326 tsles
1175 1290 1282 1327 exerce-
1361 1312 1364 1316 -

135 1347 220 1399 beck.
231 1346 267 1396 ad
277 1344 424 1411 Phrynich.
438 1361 466 1411 p.
476 1345 521 1397 94.
736 1349 798 1395 rent
810 1349 897 1408 artes,
912 1345 932 1394 ii
944 1349 1108 1396 vocarentur
1121 1346 1212 1410 Psylli.
1234 1344 1282 1395 At-

736 1430 789 1479 que
806 1414 859 1464 huc
876 1418 1005 1479 spectant
1022 1413 1155 1480 Stephani
1176 1415 1283 1481 Byzan·

293 1515 315 1567 c
380 1515 519 1567 CLXXIII
739 1484 791 1534 tini
809 1483 924 1536 verbal.
939 1484 956 1534 l.
975 1471 1053 1535 σύποι
1067 1477 1193 1547 λέγονται
1211 1483 1281 1532 πᾶσι

217 1608 224 1625 .
315 1531 359 1568 η·
521 1551 528 1565 ’
737 1551 855 1617 θηρίοις
881 1549 931 1601 καὶ
961 1543 1089 1618 ἑρπετοῖς
1113 1543 1281 1617 δακνόμενοι

177 1616 293 1685 Ψύλλοι]
313 1619 421 1670 Debeo
437 1623 519 1684 geute
533 1619 688 1685 Stephanus
736 1612 870 1689 ύβλαβείς
886 1619 1036 1686 διατελεῖν,
1059 1623 1178 1687 itemque
1198 1622 1283 1672 verbs

136 1691 285 1770 Bys.s.v.:
302 1679 433 1738 Ψύλλοι
449 1682 687 1747 lutuvensis
736 1691 882 1742 Strabonis
904 1690 994 1743 XVII.
1021 1706 1049 1755 p.
1069 1690 1134 1741 814:
1160 1682 1231 1739 ἔνιοι
1250 1682 1280 1739 d'

136 1757 245 1815 ιιολπος
253 1747 285 1806 ἐν
295 1756 334 1825 τῷ
341 1754 452 1840 Λιβοκρὶ
460 1749 554 1826 κόλπῳ
559 1755 688 1808 Ἑκαταλ-
737 1748 831 1824 ὥσπερ
842 1752 908 1817 τούς
915 1751 1043 1816 Ψύλλους
1054 1755 1126 1821 φασὶ
1135 1753 1200 1815 τούς
1210 1753 1282 1823 πρὸς
1361 1814 1365 1820 ,

137 1843 172 1887 ος
185 1821 350 1892 περιηγήσει
368 1823 476 1893 Λιβυης
492 1827 540 1892 (ci.
553 1829 687 1880 Hecataei
736 1827 771 1894 τῇ
796 1829 839 1878 Κυ
858 1823 912 1894 ηὐῃ
930 1821 1055 1893 φυσικήν
1074 1843 1139 1877 τινα
1162 1818 1281 1877 ύυτιποὶ-

137 1898 264 1977 iraqmrn5
278 1888 687 1962 p.133ed.Kiauseu)·dI5vt-
736 1898 824 1948 θειαυ
840 1847 915 1962 ύχειυ
935 1892 1008 1963 πρὸς
1025 1893 1059 1946 τοὶ
1069 1887 1179 1962 ionersi.
1210 1898 1282 1960 Quin

139 1967 220 2022 λιιιος
230 1964 335 2023 κολπος
345 1959 430 2029 μέγας
442 1961 491 2014 καὶ
507 1961 615 2033 βαθύς,
631 1982 687 2030 τρι·
737 1967 871 2033 hodieque
888 1983 937 2032 per
949 1969 1104 2032 Aegyptum
1124 1967 1280 2033 accepimus

139 2033 184 2084 civ
197 2027 311 2101 ἡμερῶν
324 2032 425 2091 πλοῦς·
444 2031 510 2100 περὶ
525 2029 555 2084 di
570 2032 687 2085 Ψύλλων
736 2051 798 2088 esse
821 2036 917 2087 talium
942 2036 1138 2087 isacinatorum
1163 2040 1281 2101 gentem,

130 2096 422 2171 Ἡρόδοτσςτετύρτη·
437 2102 591 2170 Νασαμῶσι
601 2118 687 2169 προσ·
736 2106 814 2156 ouius
826 2108 945 2156 maxima
958 2106 1022 2156 hinc
1033 2104 1107 2172 epod
1121 2104 1220 2170 vulgus
1233 2120 1282 2155 au-

140 2168 263 2240 ύμουρσί
277 2170 331 2224 εἰσι
354 2157 467 2223 Ψύλλοι.
488 2173 579 2225 Strsb.
597 2175 685 2225 XVII.
735 2176 851 2228 ctoritas
863 2176 1032 2241 maximaque
1042 2177 1110 2226 iura.
1128 2175 1171 2226 De
1183 2174 1281 2241 quibus

140 2261 168 2310 p.
181 2243 234 2295 838
246 2244 276 2293 in
287 2243 392 2309 Libyae
402 2243 530 2309 gentibus
541 2259 624 2312 supra
636 2245 688 2307 Cy·
739 2246 841 2310 optime
862 2245 989 2309 exposuit
1008 2243 1056 2294 Vir
1079 2244 1281 2298 illustrissimus

140 2329 225 2366 renen
234 2312 425 2364 babitantibus
436 2314 611 2365 recensendis
621 2313 688 2363 scri-
736 2314 964 2366 DeMinutoliin:
981 2312 1281 2366 Abhandl.rermischt.

139 2384 197 2435 bitz
208 2379 315 2446 πρῶτοι
327 2375 378 2447 μὲν
388 2375 419 2431 oi
424 2380 605 2447 Νασαμῶνες,
615 2375 688 2432 ἔπει·
738 2383 845 2436 lnhalts
855 2385 878 2435 1.
891 2399 919 2449 p.
925 2385 959 2433 42
969 2398 1043 2449 seqq.
1059 2383 1102 2435 Oi.
1117 2385 1199 2435 etiam
1207 2382 1282 2434 Glar-

140 2468 175 2502 τα
187 2442 294 2501 Ψύλλοι
307 2451 358 2501 καί
370 2466 445 2510 τινες
454 2450 597 2516 Γαίσυλοι,
614 2444 688 2502 ἔπει·
738 2454 787 2505 lre:
803 2452 919 2506 Trauels
928 2452 967 2516 11,
981 2453 1006 2501 2.
1019 2468 1084 2533 pag.
1096 2454 1140 2504 27.

139 2537 174 2572 τα
190 2511 388 2588 Γαρύμαυιεςς
413 2520 566 2587 Psyllorum
584 2521 687 2573 mentio
773 2513 964 2584 ἐξαπολώλασι
978 2536 1073 2589 τροπῳ
1090 2519 1200 2590 τοιῷδε]
1224 2523 1282 2574 Pli-

141 2607 252 2659 quoque
272 2591 303 2642 iit
318 2591 408 2642 XVII.
428 2607 454 2656 p.
475 2591 536 2645 814.
560 2592 637 2642 XIII.
661 2607 687 2656 p.
738 2594 801 2644 nius
820 2595 857 2644 H.
876 2594 912 2644 N.
930 2592 1001 2654 VII,
1021 2593 1048 2644 2.
1065 2595 1090 2656 ἕ.
1111 2592 1157 2643 14:
1183 2592 1281 2655 „Haec

139 2662 192 2713 588
202 2666 230 2712 et
242 2661 281 2712 11.
297 2676 324 2726 p.
338 2660 397 2724 181,
407 2662 455 2712 ubi
467 2676 552 2726 supra
564 2660 688 2726 Cyrenen
737 2678 804 2729 qens
814 2663 876 2728 ipsu
885 2660 992 2727 quidem
1000 2676 1085 2726 prope
1095 2662 1281 2713 internecione

140 2737 169 2783 et
181 2730 276 2796 Syrtin
291 2734 484 2781 commemoret
498 2722 625 2787 Ψύλλους
638 2725 687 2779 καλ
737 2731 848 2783 sublata
872 2736 914 2782 est
945 2746 962 2780 a
988 2730 1205 2793 Nasamonibus,
1234 2733 1280 2797 qui

140 2796 323 2865 Νασαμῶνας
339 2795 387 2848 καὶ
404 2797 459 2848 τῶν
471 2789 633 2848 Γαιτούλιου
648 2815 687 2848 τι·
735 2817 809 2851 nunc
822 2816 869 2852 eas
882 2804 977 2852 tenent
988 2799 1079 2851 sedes:
1093 2814 1179 2865 genus
1187 2805 1281 2852 tamen

141 2861 204 2927 υοὶς.
228 2870 265 2919 Et
282 2870 319 2921 ci.
345 2884 450 2935 quoque
468 2868 567 2919 Suidas
587 2869 639 2919 III.
658 2884 685 2934 p.
736 2870 875 2922 bominum
896 2870 996 2931 exiis,
1026 2869 1073 2935 qni
1090 2867 1280 2935 profugerent,

140 2938 203 2991 709.
216 2938 332 2989 Photius
342 2954 365 2989 s.
376 2937 519 2991 v.Aelian.
527 2938 553 2990 N
556 2978 562 2990 .
572 2939 605 2988 A.
613 2938 687 3001 xvl,
736 2945 800 3003 aut,
815 2956 896 3006 quum
908 2944 1059 3005 pugnatum
1071 2943 1127 3001 est,
1142 2937 1281 3001 aluerunt,

140 3008 186 3060 37.
213 3008 256 3058 Ad
271 3007 365 3072 Syrtin
375 3008 504 3058 malorem
519 3008 591 3058 inter
604 3006 688 3057 Loto·
735 3009 872 3075 hodieque
889 3012 1011 3061 remanet
1027 3007 1058 3058 in
1077 3008 1203 3073 paucis.“
1229 3008 1282 3059 (lui

138 3077 247 3143 phagos
256 3080 463 3130 ucNasamones
474 3076 538 3128 olim
548 3075 689 3127 habitasse
735 3079 889 3131 narrationi
924 3077 1145 3144 probabilitatem
1181 3076 1282 3129 addere

139 3137 367 3213 dicuntur'Psylli
381 3162 414 3198 ea
434 3147 463 3197 in
475 3146 599 3212 regione,
619 3161 689 3211 quae
736 3148 834 3200 Silium
845 3148 870 3211 1,
881 3147 942 3201 408.
954 3150 1058 3199 Luosn.
1071 3147 1120 3211 1x‚
1132 3146 1281 3209 tat-445,

139 3232 215 3267 nunc
235 3221 351 3268 vocatur
361 3216 505 3276 Monate,
524 3215 690 3281 praedones·
736 3222 829 3269 monet
855 3216 1062 3269 Schlichtborst.
1094 3232 1121 3282 p.
1142 3217 1194 3269 132
1217 3216 1280 3268 coll.

139 3301 194 3351 que
206 3285 332 3337 feruntur
341 3285 415 3338 illius
430 3301 495 3337 orae
510 3283 689 3336 famosissimi
736 3289 872 3341 Mannert.
893 3287 911 3340 l.
924 3285 943 3340 1.
959 3291 986 3337 et
1000 3286 1149 3337 Hamsker.
1162 3286 1278 3337 Miscell.

138 3371 274 3422 aequeac
289 3358 467 3409 Nasamones.
494 3355 537 3406 Gi.
553 3353 687 3406 Schlicht·
736 3357 842 3408 Phoen.
855 3374 882 3424 p.
894 3355 946 3408 267
961 3370 1032 3420 seq..
1049 3356 1095 3421 qui
1106 3354 1191 3406 Plinii
1202 3371 1282 3421 prae-

138 3424 229 3477 horst.
245 3425 264 3475 l.
286 3424 305 3474 l.
318 3441 345 3490 p.
366 3424 415 3475 132
428 3439 501 3490 seq,
527 3422 639 3475 Reunel.
657 3440 686 3489 p.
736 3427 792 3478 fert
805 3427 996 3478 narrationem.
1016 3425 1069 3475 Sed
1079 3424 1113 3475 de
1124 3440 1186 3491 rege
1199 3425 1282 3491 Liby·

137 3494 202 3545 630.
214 3494 351 3548 biennert.
362 3495 397 3557 X,
409 3496 434 3544 2.
447 3510 473 3559 p.
489 3493 548 3556 182,
563 3495 687 3545 Heeren:
737 3512 783 3549 um
797 3498 901 3563 Psyllo,
917 3496 964 3560 qui
982 3493 1191 3558 tempestatibus
1205 3509 1282 3544 coor-

141 3563 287 3627 ldeen.11,
300 3565 323 3614 l.
340 3579 366 3629 p.
381 3563 432 3614 223
446 3579 504 3629 seq.
530 3561 687 3614 AcPliuius
737 3568 775 3616 tis
804 3566 900 3630 periit,
928 3564 1004 3614 canit
1034 3576 1141 3628 quoque
1165 3565 1280 3615 Nonuns

140 3648 252 3699 quoque
262 3634 297 3685 H.
312 3635 346 3685 N.
359 3632 399 3696 V,
412 3634 429 3682 4
442 3647 523 3696 super
536 3633 688 3684 Garsmsn·
736 3636 855 3697 Dionys.
866 3633 946 3693 xffl,
958 3631 1007 3684 381
1017 3623 1094 3696 seqq'.
1116 3633 1196 3681 Hunc
1205 3622 1279 3681 Ψύλ-

140 3708 185 3754 tes
195 3702 243 3766 (de
258 3703 357 3767 quibus
372 3702 474 3752 Herod.
486 3701 541 3765 lv,
561 3699 687 3765 183)001-
737 3705 802 3768 λου,
819 3694 873 3764 ἀφ’
892 3689 928 3753 ού
942 3699 1047 3750 Ψυλλοι
1063 3692 1096 3749 τὸ
1112 3694 1199 3756 ἔθνος
1210 3715 1281 3751 com·

139 3773 217 3823 locat
228 3770 434 3837 Psyllos3nnde
445 3771 514 3822 satis
529 3770 634 3836 quusre
647 3770 688 3823 ui·
737 3776 915 3825 memoratum
939 3785 1046 3835 quoque
1072 3769 1225 3822 invenimus
1251 3770 1281 3819 in

142 3842 224 3893 detur
237 3841 270 3895 L.
284 3842 397 3904 Murco,
415 3856 463 3892 eos
482 3840 518 3891 sd
531 3844 688 3906 promonto-
736 3845 889 3910 Agroetae,
919 3841 1083 3906 Libycarum
1100 3854 1191 3890 rerum
1215 3839 1282 3889 scri·

141 3912 212 3962 rium
224 3910 365 3963 Mesurata
379 3911 531 3961 habitasse.
554 3911 607 3961 Est
619 3925 685 3961 vero
735 3913 823 3979 pteris
841 3911 1007 3977 fragmento,
1035 3908 1107 3974 quod
1130 3907 1231 3974 legitur
1251 3909 1281 3959 in

138 3980 208 4031 haec
217 3979 370 4046 Psyllorum
380 3995 446 4047 gens
454 3995 503 4046 per
514 3995 620 4031 omnem
628 3980 685 4030 iere
734 3981 860 4035 Diudorf.
877 3982 1040 4032 Grammait.
1051 3977 1164 4031 Graece.
1177 3978 1200 4028 1.
1217 3993 1280 4043 pega

139 4050 337 4115 antiquitatem
352 4049 460 4102 famosa
479 4049 514 4100 ob
529 4047 686 4100 iascinandi
737 4054 784 4116 ll,
799 4052 831 4104 19
847 4055 875 4102 et
889 4066 907 4101 a
920 4049 980 4100 viro
998 4047 1079 4099 docto
1090 4051 1226 4099 tractatur
1236 4048 1280 4098 In:

139 4124 243 4182 artem,
260 4135 313 4185 qua
324 4118 447 4171 letiferos
462 4124 603 4185 serpentes
617 4120 685 4170 bene
736 4123 795 4174 'I'lre
808 4117 989 4186 Philoloqiccl
1005 4119 1129 4169 Museum
1149 4118 1171 4168 I.
1184 4132 1210 4182 p.
1228 4116 1281 4169 032

138 4192 261 4239 tractare
273 4203 308 4240 ac
319 4188 432 4241 domare
441 4190 584 4255 sopireque
595 4188 686 4239 velue·
736 4207 793 4258 seq.
805 4192 848 4243 Ex
856 4191 917 4256 ipso
924 4186 1064 4239 Herodoto
1074 4185 1196 4239 fabulam
1204 4202 1282 4238 enar·

139 4259 187 4311 rit.
212 4257 305 4309 Testis
322 4264 365 4309 est
376 4258 482 4309 Plinius
493 4260 531 4309 H.
541 4260 576 4309 N.
588 4258 686 4319 vlr‚·2
736 4266 782 4312 rat
802 4260 871 4317 Gell.
889 4260 925 4311 N.
943 4259 1001 4308 stt.
1018 4257 1091 4320 XVI,
1113 4258 1159 4317 ll;
1182 4257 1281 4322 quibus

139 4327 204 4380 coll.
214 4327 299 4390 XXV,
313 4327 353 4379 10.
369 4327 500 4393 XXVIII,
512 4327 543 4388 33
557 4327 628 4378 alios
640 4342 686 4378 ex·
736 4331 805 4381 baec
829 4329 941 4382 subiicit
958 4326 994 4378 sd
1011 4342 1089 4378 omne
1107 4326 1217 4378 fabulae
1237 4341 1282 4376 ar·

139 4398 336 4462 citatRuperti
353 4397 389 4449 ad
402 4397 498 4449 Silium
507 4395 685 4461 Ital.1‚4li.
737 4405 895 4465 gumentum
923 4398 1079 4462 spectantia
1106 4397 1133 4447 V
1136 4397 1282 4447 alcheri..-

33 4497 35 4542 l
140 4464 302 4518 Cuiusmodi
313 4467 510 4519 iascinstorum
518 4467 637 4532 vestigia
643 4463 688 4517 vel
739 4469 915 4535 „Herodotus
927 4465 1050 4518 fabulam
1063 4481 1092 4516 se
1106 4464 1214 4515 tradere
1228 4464 1283 4514 sor·

180 4570 350 4619 monor.
372 4571 407 4615 ru
451 4562 454 4568 '
1041 4548 1082 4609 39
