3042 5125
444 415 769 479 MELPOMENE.
791 420 844 480 IV.
868 432 965 485 3-5.
1208 424 1269 489 293

142 600 173 670 νὸ
185 604 363 692 σφέτερον,
386 609 482 674 τοῦτο
503 605 541 676 δὲ
555 610 714 695 γενέσθαι
730 600 805 680 ὦδε.
835 600 943 700 ἄνδρα
956 615 1115 700 γενέσθαι
1133 619 1267 703 πρῶτον

140 708 174 775 ἐν
191 711 233 795 τῇ
254 712 298 796 γῇ
316 707 421 798 ταύτῃ
428 761 438 796 ,
465 708 565 799 ἐούσῃ
586 710 714 805 ἐρήμῳ,
738 719 786 805 τῷ
805 711 933 804 οὔνομα
954 715 1040 785 εἶναι
1065 724 1265 805 Ταρνίταον·

139 871 198 937 θαι,
218 876 293 939 quod
306 878 435 942 proponit
446 876 539 928 Cobet.
564 879 607 929 Ex
620 879 672 930 hoc
722 881 830 946 quidem
850 883 933 943 Turis,
950 882 1059 949 Iapheti
1074 881 1146 933 filius
1161 885 1264 937 'Furca-

138 947 221 993 antem
235 943 310 1008 loco,
330 962 383 1010 quo
399 946 515 1011 Scythas
530 948 605 1013 ipsos
617 952 673 1000 No·
720 966 834 1017 rumque
850 952 970 1016 abavus,
988 969 1043 1003 non
1053 952 1176 1004 diversus
1192 955 1229 1005 sit
1246 971 1264 1006 a

136 1017 186 1062 ster
208 1013 322 1065 adhibet
346 1021 472 1069 auctores
495 1020 672 1082 narrationis,
726 1023 846 1087 Turpitco
863 1023 1004 1073 Herodoti.
1036 1026 1093 1074 Nec
1113 1021 1193 1074 aliter
1206 1029 1262 1076 sta·

135 1080 248 1148 aliisque
262 1083 421 1148 simillimis,
446 1091 477 1137 ut
493 1089 547 1149 lv,
561 1089 586 1138 7.
603 1088 627 1138 8.
647 1089 671 1153 1,
720 1092 804 1141 tuisse
816 1090 949 1141 videolos
966 1092 1260 1159 denammesffiesch.

137 1150 187 1203 105.
200 1152 247 1214 11,
266 1152 328 1218 103,
347 1156 515 1207 Herodotum
531 1157 618 1222 ipsum
630 1159 671 1209 vi·
719 1160 745 1210 d.
760 1159 892 1210 Osmann.
907 1160 928 1209 1.
940 1176 1004 1227 pag.
1020 1160 1060 1226 1),
1081 1178 1135 1228 quc
1149 1169 1261 1216 auctore

134 1221 195 1270 sisse
215 1222 372 1287 Scythiam,
397 1224 491 1291 colligi
507 1226 565 1276 vult
579 1228 670 1293 Heyse
724 1230 801 1288 ihrlr,
814 1230 885 1281 unde
897 1231 1028 1295 originem
1038 1231 1141 1282 ducunt
1155 1234 1260 1294 Therone,

133 1289 254 1368 Quaestt.
267 1293 387 1346 Herodd.
402 1311 463 1361 pag.
480 1295 539 1357 131,
557 1311 671 1363 eamque
718 1300 791 1350 idem
811 1315 920 1364 prorsus
938 1306 1018 1367 atque
1041 1303 1190 1366 Turpituus,
1214 1305 1260 1369 qui

132 1360 271 1422 αντοψιάν
288 1365 440 1415 confirmari
459 1371 589 1416 accurata
603 1366 671 1433 Scy·
719 1369 748 1418 in
766 1369 865 1419 Genea.
883 1370 920 1432 X,
940 1369 956 1421 3
979 1376 1092 1422 vocetur
1109 1372 1257 1436 Toyhcrnru.

132 1428 217 1481 thicae
243 1434 335 1497 gentis
361 1449 394 1485 uc
424 1436 544 1500 regionis
570 1436 671 1487 descri-
718 1437 803 1488 Addit
813 1438 956 1490 Reichard.
968 1440 986 1490 l.
1001 1440 1018 1491 1.
1036 1456 1099 1507 pag.
1115 1442 1155 1504 1⁶2,
1170 1440 1259 1492 adhuc

131 1500 233 1564 ptione,
248 1517 318 1567 quae
329 1503 669 1570 indeacap.4dinstitui-
723 1509 838 1573 Tcryr'rci
859 1509 976 1561 nominis
1003 1525 1146 1577 superesse
1171 1509 1259 1561 videri

130 1575 182 1619 tur:
199 1570 325 1636 adquam
337 1572 426 1637 ipsum
438 1573 527 1625 locum
541 1576 667 1628 consulas
716 1576 851 1642 quaedam
869 1580 987 1644 vestigia
1005 1581 1033 1629 in
1050 1579 1170 1631 locorum
1192 1596 1259 1644 quo-

129 1641 668 1779 titrttrtirtlt.tirrt⁰2trjtt
680 1715 688 1732 ’
712 1647 1258 1783 1111ἓὲ3113331313113311

130 1776 175 1828 100
198 1779 261 1831 inde
279 1779 340 1832 ioco
357 1784 486 1834 Nostrum
505 1783 539 1836 de
555 1784 666 1850 Scythis
716 1787 808 1850 Rieu,
829 1788 946 1838 Torchan
960 1788 989 1837 in
1003 1787 1171 1837 Chersoneso
1184 1789 1258 1838 Tau-

129 1847 191 1912 ipsin
205 1865 335 1901 enarrare
351 1852 576 1918 inprientemad
587 1855 666 1904 Darii
715 1856 790 1918 rica,
820 1858 935 1922 Turezyn
955 1858 983 1905 in
1001 1856 1137 1921 Volhynia
1153 1872 1187 1906 ac
1206 1858 1257 1908 Po·

128 1913 330 1984 expeditionem,
339 1937 418 1987 quam
429 1924 601 1974 tractandam
613 1924 667 1976 sibi
714 1925 799 1975 leuia.
846 1926 889 1975 De
914 1941 969 1991 quo
995 1925 1077 1975 nolim
1105 1940 1156 1989 ego
1186 1925 1257 1976 ferre

128 1996 288 2054 sumpserat,
305 1992 394 2043 redire
406 1992 512 2044 demum
522 1994 611 2059 capite
621 1994 665 2056 83,
715 1994 855 2046 iudicium.
892 1993 978 2044 Barth
1002 1994 1068 2057 (Die
1086 1994 1208 2043 Kabirsn
1228 1997 1256 2045 in

127 2058 194 2141 quod
216 2062 382 2112 antecedunt
406 2062 548 2129 scriptoris
567 2064 664 2115 verba:
714 2064 904 2115 Deutschland
923 2079 986 2129 pag.
1005 2063 1062 2114 168,
1081 2061 1145 2124 339)
1167 2065 1257 2128 Turpi-

126 2122 305 2207 010001110011001
320 2123 351 2180 dl
367 2122 395 2188 le
414 2124 463 2180 τὸν
486 2123 551 2182 κατ’
574 2122 664 2197 ἀρχὰς
714 2144 780 2184 laura
795 2134 830 2184 ad
841 2134 1006 2185 Graecorum
1019 2131 1102 2183 refert
1110 2135 1254 2192 Herculem,

39 2219 40 2224 ¹
126 2205 172 2262 ηϊα
180 2194 266 2259 uem
274 2199 366 2264 10)ον,
379 2203 536 2254 necessaria
546 2201 594 2253 illa
605 2204 664 2269 qui·
713 2202 994 2268 utrumqueaddeum
1009 2204 1085 2262 Ther,
1103 2217 1182 2267 quem
1191 2202 1256 2252 Ger·

127 2268 184 2319 dem
197 2273 375 2352 posttantaru
390 2271 596 2336 digressionem.
713 2274 821 2324 maniae
833 2275 958 2323 nationes
969 2272 1120 2323 coluerunt.
1147 2271 1255 2322 Aliade

158 2351 292 2389 νεωτατνν
308 2331 443 2390 ἁπάντων
458 2332 568 2392 ἐθνέων
589 2333 662 2391 εἷναι
712 2343 792 2393 huius
810 2343 927 2393 neminis
945 2341 1146 2408 significatione
1160 2341 1255 2392 attulit

125 2398 154 2456 τὸ
172 2401 306 2474 σφέτερον
321 2426 347 2460 κ.
360 2425 383 2459 τ.
398 2407 433 2475 1.]
458 2412 540 2461 Facit
553 2411 606 2462 huc
618 2413 662 2462 Iu·
711 2410 1254 2476 Neumann(HellenenimScythenlaude

125 2477 661 2546 stiuinarratio11,1,Scytharumgen·
712 2482 861 2548 Ι.ρ.184).
895 2482 949 2545 Qui
966 2482 1095 2547 Scythica
1112 2482 1254 2532 haeccum

126 2552 177 2598 tem
194 2566 300 2616 semper
316 2550 439 2602 habitam
452 2567 513 2602 esse
528 2550 662 2616 antiquis·
711 2553 863 2604 Esthonum
883 2553 964 2604 rebus
988 2567 1073 2618 nuper
1091 2551 1252 2617 composuit,

124 2618 661 2687 simam,etsiiuterScythasAegyptios-
710 2623 756 2672 Fr.
772 2624 862 2673 Kruse
880 2621 1089 2687 (Urgssehichte
1107 2620 1154 2672 des
1172 2623 1195 2672 Ε
1211 2621 1253 2671 th·

125 2703 173 2753 qnc
182 2690 228 2740 din
236 2690 269 2741 de
279 2691 386 2755 generis
395 2695 535 2743 vetustate
545 2706 578 2741 ae
587 2692 661 2756 prin·
709 2691 797 2743 nisch.
811 2691 1026 2742 Volksstammes
1043 2706 1069 2755 p.
1085 2688 1162 2753 284),
1184 2706 1194 2738 ι
1224 2691 1253 2740 iu

124 2760 212 2822 cipatu
221 2758 306 2810 inerit
315 2760 505 2826 disceptatum.
526 2761 660 2812 AtHerc-
711 2761 839 2827 'fargitai
856 2762 965 2811 nomine
986 2761 1074 2824 ipsum
1091 2758 1253 2808 Esthuicum

124 2827 178 2878 doti
187 2831 370 2882 narrationem
381 2829 586 2895 praeferendam
600 2846 660 2882 esse
709 2832 782 2891 tark,
805 2841 882 2896 torpa
900 2826 1026 2896 (rapiens)
1046 2828 1100 2878 sibi
1113 2828 1251 2878 iuvenisse

125 2899 213 2949 merito
231 2901 332 2951 statuit
349 2900 436 2951 Italus
448 2901 484 2952 ad
499 2899 526 2950 h.
541 2899 560 2950 l.
578 2900 660 2951 inter·
710 2901 833 2951 videtur:
859 2900 958 2964 inqua
976 2914 1044 2949 voce
1063 2896 1144 2948 simul
1162 2898 1251 2948 inesse

125 2983 188 3032 pres.
710 2970 788 3021 addit
803 2969 877 3034 magi
889 2967 1029 3019 cuiusdam
1039 2983 1061 3018 s.
1076 2967 1252 3017 fascinatoris

155 3034 189 3105 roi
202 3022 310 3102 οὕνομα
321 3028 393 3086 εἶναι
407 3035 578 3105 Ταργίταον]
597 3040 661 3090 Tar-
710 3039 947 3106 significationem,
955 3053 1034 3103 quam
1045 3035 1158 3087 eandem
1168 3037 1251 3087 etiam

123 3110 179 3170 p‘tai
194 3122 293 3161 nomen
308 3106 393 3156 multo
411 3112 475 3172 post
494 3123 601 3174 quoque
618 3109 660 3158 in·
710 3126 727 3160 a
742 3109 861 3161 caeteris
879 3109 1032 3159 nominibus
1043 3107 1095 3157 hoc
1110 3105 1169 3156 loeo
1185 3105 1252 3156 alla·

125 3178 203 3228 renim
223 3178 298 3242 apud
315 3176 481 3239 Polyaenum
498 3183 596 3230 auctor
617 3182 660 3230 est
709 3180 746 3229 tis
772 3195 825 3230 nou
849 3177 966 3229 alienam
989 3193 1049 3228 esse
1071 3180 1159 3241 putat.
1197 3175 1250 3227 Sed

125 3246 202 3298 Italus
215 3250 360 3312 interpres,
372 3246 537 3313 intelligens,
552 3249 658 3314 opinor,
708 3248 778 3300 haec
805 3249 895 3299 omnia
919 3249 948 3298 in
974 3247 1133 3299 coniectura
1158 3246 1250 3311 posita

124 3313 205 3367 locum
227 3318 256 3368 in
280 3317 400 3382 Stratsg.
424 3317 506 3381 vni,
535 3319 585 3381 55,
610 3319 657 3369 ubi
708 3319 914 3381 esse‚duhitari
925 3318 971 3369 vix
982 3316 1095 3382 poterit:
1115 3315 1182 3381 quid
1191 3316 1249 3367 veri

127 3380 263 3451 Τιργαταὼ
282 3387 400 3438 Maeotis
423 3395 658 3452 commemoratur,
707 3390 771 3440 iude
782 3390 945 3453 sumpserit,
957 3387 1030 3438 haud
1042 3384 1124 3436 facile
1135 3385 1248 3436 dixeris.

126 3471 187 3521 quae
203 3457 344 3509 Hecataeo
362 3455 508 3508 Sindonum
526 3459 586 3524 regi
609 3474 657 3508 nu·
706 3459 816 3509 Etenim
826 3454 926 3508 samam
936 3457 1073 3523 quandam
1085 3454 1248 3520 Scytharum

126 3526 217 3588 pserit;
246 3527 320 3593 quod
337 3542 450 3590 nomen,
476 3527 500 3576 si
517 3526 657 3578 Bceckhio
707 3528 863 3591 indigenam
887 3526 920 3577 de
940 3542 990 3577 sua
1007 3526 1113 3591 origine
1130 3525 1248 3591 proferri

126 3594 249 3647 credimus
267 3594 360 3663 (corp.
379 3597 491 3648 Graece.
515 3598 657 3662 Inscriptt.
706 3596 742 3648 ad
761 3598 927 3648 Graecorum
948 3596 1056 3646 modum
1079 3594 1199 3645 effictam
1219 3598 1247 3645 et

125 3664 158 3715 11.
171 3680 194 3729 p.
208 3666 267 3732 113)
287 3667 323 3718 ad
335 3667 512 3718 Sauromatas
529 3668 656 3733 pertinet.
706 3668 886 3732 compositam
897 3665 1013 3730 indeque
1023 3667 1123 3716 Nostro
1134 3665 1186 3728 ipsi
1198 3664 1247 3714 mi-

126 3733 193 3786 hdde
209 3752 305 3788 nomen
321 3734 471 3801 Ταργίτιος
485 3737 557 3802 apud
567 3735 656 3788 Theo·
706 3738 778 3788 nime
797 3736 957 3802 probatam,
981 3749 1059 3783 nemo
1081 3748 1136 3783 non
1158 3734 1246 3784 videt:

126 3801 235 3869 phylact.
246 3807 269 3870 1,
279 3806 305 3858 6.
339 3806 379 3856 Ac
391 3807 470 3857 varia
481 3806 515 3858 de
531 3806 581 3858 hoc
595 3806 655 3872 ipso
705 3822 777 3873 quae
789 3806 863 3856 fama
875 3821 935 3856 cum
946 3803 1035 3867 gentis
1046 3801 1189 3866 Scythicae
1201 3802 1247 3883 ab:

127 3877 224 3926 nomine
244 3876 390 3928 commenti
415 3881 479 3926 sunt
500 3876 553 3927 viri
571 3876 655 3941 docti,
705 3892 788 3927 avum
797 3877 864 3926 Iove
877 3878 905 3923 et
915 3873 972 3922 filie
982 3871 1159 3936 Borysthenis
1169 3872 1248 3923 flurir

126 3942 264 4010 interquos
275 3945 471 4011 Dankowazky
482 3946 656 4012 (Fragments
704 3951 801 3998 natum
818 3943 953 4006 traderet,
973 3943 1061 4007 ipsam
1079 3945 1187 4007 gentem
1205 3940 1245 3989 in·

127 4027 148 4062 r.
161 4013 251 4068 Gesch.
269 4017 294 4068 d.
311 4015 414 4067 V'olker
430 4016 607 4081 ungarischer
627 4033 654 4069 u.
704 4017 845 4081 digeuam,
864 4028 897 4063 ex
909 4013 971 4078 ipss
987 4015 1076 4074 terra,
1098 4011 1126 4059 in
1142 4026 1196 4076 qua
1207 4011 1246 4061 vi-

126 4080 262 4136 slavischer
283 4088 388 4151 Zunge.
412 4086 550 4150 Presburg
574 4085 653 4151 1825)
704 4089 797 4147 reret,
821 4086 902 4149 quasi
921 4081 1021 4134 editam
1041 4079 1180 4132 declarare
1198 4096 1245 4130 vo·

125 4150 222 4206 Slarice
230 4156 326 4222 exponi
333 4154 393 4206 vult
401 4154 655 4223 Tupyr‘ruorStury·
704 4155 789 4207 luisse
801 4155 921 4207 videtur:
946 4167 1033 4217 neque
1051 4151 1106 4201 0110
1120 4155 1245 4216 spectare

125 4225 356 4292 ruaruraryrau.
367 4225 653 4291 eorumquoque
704 4225 813 4277 credam
845 4239 904 4275 eam
933 4221 1096 4285 Scytharum
1128 4222 1244 4283 famam,

38 4287 39 4290 ’
124 4287 254 4358 lucremur,
263 4295 337 4345 haud
347 4298 483 4360 exputem.
501 4296 590 4360 Magis
600 4295 653 4346 huc
703 4310 784 4360 quam
801 4294 885 4345 refert
898 4292 1011 4344 Diodor.
1026 4291 1065 4355 11,
1078 4291 1129 4354 43,
1152 4291 1245 4343 Iovem

124 4359 185 4410 lacit
200 4363 322 4415 Reunelii
340 4364 451 4430 (Gsogr.
469 4366 571 4417 Herod.
590 4381 651 4430 pag.
703 4380 764 4416 cum
776 4365 884 4431 virgine
902 4378 935 4414 ex
956 4367 1029 4413 terra
1043 4361 1117 4427 apud
1134 4374 1163 4411 se
1177 4366 1244 4410 nata

122 4429 178 4495 4111)
195 4434 349 4497 adnotatio,
370 4435 546 4486 Tartarorum
564 4435 592 4484 in
610 4435 652 4484 his
702 4450 878 4500 congressum
889 4432 1010 4498 Scythen
1029 4431 1170 4497 genuisse,
1188 4432 1244 4495 qui,

121 4497 212 4553 famam
226 4505 338 4571 agnosci
354 4519 436 4571 posse
448 4506 611 4568 statuentis,
628 4506 653 4555 si
703 4520 763 4555 curu
782 4505 902 4557 omnium
921 4503 1037 4553 maxime
1054 4500 1143 4551 clarus
1162 4499 1245 4549 exsti·
