3042 5125
233 360 295 425 682
626 364 893 428 EXCURSUS
913 366 964 426 111

590 785 915 863 EXCURSUS
943 787 1002 859 ΠΙ

482 971 552 1035 ΑΙ)
575 971 838 1035 HERODOT.
862 971 932 1053 ΙΙΙ,
953 973 994 1036 98
1018 973 1110 1057 seqq.

705 1284 753 1340 De
780 1283 898 1341 India.

317 1419 441 1471 ltlaucarn
452 1436 515 1469 esse
528 1434 560 1470 ac
578 1417 754 1487 perexiguam
765 1418 900 1472 Herodoti
920 1418 953 1471 de
969 1418 1048 1470 ladia
1070 1418 1193 1470 notitiam
1210 1419 1257 1470 vix
1275 1436 1372 1489 quem·

231 1521 311 1574 quam
327 1503 418 1571 lugiet
436 1502 604 1573 maximeque
615 1520 672 1555 eam
688 1510 815 1572 spectare
833 1504 867 1555 ad
885 1521 932 1557 eas
943 1503 1039 1556 Indiae
1055 1512 1149 1572 partes
1162 1504 1371 1572 septentriona-

230 1588 280 1657 les,
294 1604 364 1659 quae
375 1588 521 1640 Persarum
531 1588 628 1640 ditioni
639 1588 749 1641 additae
761 1588 803 1640 rel
818 1589 854 1641 iis
866 1596 941 1641 certe
952 1589 1136 1641 conterminae
1148 1589 1302 1640 commercii
1316 1606 1371 1642 usa

230 1674 317 1741 magis
336 1673 527 1739 innotuerint,
543 1672 586 1725 vel
597 1690 630 1725 ex
647 1672 683 1724 iis
696 1673 877 1741 intelligitur,
897 1690 967 1743 quae
979 1673 1014 1724 ad
1026 1672 1137 1725 Ctesiae
1148 1674 1271 1740 fragmm.
1288 1691 1307 1743 p
1334 1679 1370 1728 62

231 1777 290 1827 seq.
303 1757 365 1810 olim
381 1757 508 1811 diximus.
543 1758 735 1827 Quaecunque
755 1758 825 1809 euim
843 1758 877 1810 de
893 1757 971 1810 india
988 1758 1076 1809 refert
1086 1757 1197 1809 Ctesias
1210 1757 1370 1811 Indicorum

231 1843 258 1894 in
278 1838 400 1910 libro*),
420 1860 451 1895 ea
471 1842 504 1894 ad
522 1842 630 1895 easdem
651 1843 736 1894 ferme
753 1843 893 1911 pertinere
911 1843 1058 1909 regiones,
1076 1841 1109 1892 ad
1126 1842 1371 1910 quaaHerodatea

231 1936 373 1997 spectant,
394 1928 463 1979 satis
483 1927 522 1979 ibi
542 1926 761 1981 monstravimus.
795 1927 853 1980 Has
876 1927 953 1996 ipsas
975 1944 1042 1979 vero
1063 1927 1193 1994 regiones
1209 1927 1370 1979 accuratius

230 2013 255 2064 si
267 2013 383 2065 definire
396 2011 473 2079 telis,
487 2011 638 2064 Renuelius
653 2011 671 2063 1.
689 2011 706 2062 Ι.
723 2030 749 2081 p.
766 2015 818 2065 516
830 2011 906 2083 (οοΙΙ.
918 2010 1047 2064 Vincent.
1060 2011 1127 2063 ibid.
1143 2029 1171 2080 p.
1182 2012 1250 2078 726)
1263 2011 1297 2063 de
1311 2018 1369 2065 ter·

230 2097 270 2150 ris
286 2095 459 2165 cogitandum
477 2104 587 2163 censet,
602 2086 706 2166 ⁸quibus
725 2113 798 2149 ntauc
818 2114 913 2148 nomen
931 2097 1037 2164 Kabal,
1060 2098 1228 2161 laudatar,
1254 2099 1369 2165 Paniai,

230 2185 311 2247 Sind,
327 2191 404 2234 trans
417 2181 512 2234 indum
524 2182 647 2234 extensis
666 2198 754 2251 nsque
772 2182 806 2233 ad
823 2179 882 2236 loca
897 2183 1070 2253 liaipattana.
1098 2181 1179 2243 Quae
1196 2180 1392 2249 angustiori-⁰

229 2269 283 2319 bus
301 2266 402 2319 finibus
418 2265 665 2319 circumscribenda
682 2266 823 2319 videntur.
854 2266 964 2318 Waatto
976 2265 1189 2319 Erdbeschreib.
1207 2283 1234 2318 r.
1252 2266 1368 2319 Ostiud.

229 2370 256 2421 p.
272 2355 322 2403 457
338 2350 454 2419 intelligi
474 2351 563 2420 placet
582 2358 683 2402 terram
696 2353 795 2418 Beier,
816 2351 925 2404 Katroer
946 2368 1000 2403 una
1018 2367 1077 2402 cnm
1097 2358 1175 2419 parte
1195 2350 1370 2404 desertorum

229 2438 293 2490 caat
306 2443 334 2487 et
345 2437 463 2489 Tiietum
475 2453 595 2505 parram.
618 2435 759 2503 Singulari
775 2451 842 2487 cura
853 2443 951 2504 postea
961 2435 989 2486 in
1001 2434 1068 2486 haec
1079 2434 1369 2505 inquisiveruntMal·

229 2522 340 2575 tebruu.
352 2521 381 2574 in
393 2520 545 2574 Nourelles
558 2519 666 2573 Annali.
677 2519 818 2589 d.Voyag.
832 2520 869 2572 ΙΙ.
882 2539 909 2591 p.
923 2523 972 2576 307
988 2536 1066 2590 seqq.
1078 2527 1106 2572 et
1115 2519 1237 2573 Heeren.
1248 2519 1332 2574 ldeea
1344 2521 1368 2588 1,

230 2612 254 2661 1.
267 2626 294 2678 p.
303 2609 354 2660 336
366 2625 424 2676 seq.
437 2609 489 2664 352
501 2625 559 2677 seq.
576 2609 636 2672 366,
649 2607 693 2658 cui
703 2606 838 2658 Herodoti
853 2605 932 2658 ludia
947 2613 976 2657 et
991 2604 1223 2675 septentrionales
1235 2606 1369 2673 regiones

229 2692 355 2746 Bactriae
373 2691 502 2744 finitimas
522 2691 596 2762 (sire
614 2690 743 2742 Tibetum
758 2707 882 2760 parvam,
905 2689 1016 2742 Ctesias
1031 2705 1142 2759 qnoque
1157 2690 1295 2757 cognitam
1311 2707 1370 2743 una

228 2795 287 2831 curu
301 2785 375 2829 terra
383 2776 488 2844 Kabul)
499 2784 527 2828 et
538 2774 729 2827 meridionales
742 2776 871 2844 regiones
885 2776 919 2827 ad
931 2774 992 2826 ludi
1002 2774 1073 2827 ostia
1085 2781 1114 2826 et
1123 2773 1196 2826 ultra
1210 2774 1306 2827 iudum
1320 2791 1368 2827 us·

228 2881 282 2933 que
294 2862 328 2913 ad
342 2862 455 2914 tluvium
464 2861 573 2913 Paddar
584 2869 729 2929 terraeque
738 2862 863 2912 Guzerat
874 2861 944 2914 lines
954 2859 1095 2928 complecti
1107 2858 1226 2911 ridetur.
1247 2859 1367 2929 Septen·

227 2945 360 3001 triauales
372 2946 502 3014 regiones
514 2945 591 2997 Darii
604 2951 693 2996 aetate
705 2945 843 2997 maximnm
855 2952 958 3013 partem
970 2944 1059 2996 tuisse
1071 2943 1233 2996 coniunctas
1244 2945 1271 2995 ia
1285 2961 1369 2997 unam

228 3031 384 3100 satrapiam,
398 3030 478 3082 cuius
488 3037 576 3083 tamen
590 3030 659 3081 flues
670 3031 828 3081 accuratius
839 3029 1008 3081 constituere
1019 3029 1065 3081 vix
1080 3027 1223 3094 licet,‘cnm
1235 3046 1286 3097 pro
1297 3027 1368 3082 Per-

227 3116 276 3168 sici
290 3115 369 3181 ragni
386 3119 459 3165 statu
478 3120 684 3183 temporumque
696 3114 854 3166 conditione
869 3113 1010 3166 admodum
1025 3112 1173 3180 sedarint,
1189 3113 1260 3165 idem
1275 3123 1368 3167 monet

227 3219 254 3269 p.
266 3202 327 3253 352.
352 3199 450 3266 Neque
462 3196 541 3250 aliter
556 3199 614 3250 iere
626 3198 754 3250 Wheeler
765 3198 934 3267 Geagraphy
946 3200 977 3250 ot
984 3197 1088 3249 Herod.
1103 3215 1131 3266 p·
1147 3199 1199 3252 366
1209 3215 1289 3267 seqq.
1303 3197 1365 3250 call.

227 3304 253 3354 p.
270 3285 321 3335 266
333 3284 367 3334 de
381 3282 540 3334 Herodotea
553 3280 631 3334 indis
643 3282 756 3350 statuit,
776 3301 856 3352 quara
869 3282 1008 3352 complecti
1021 3280 1081 3333 vult
1092 3277 1154 3333 ludi
1169 3281 1267 3335 vallem
1282 3290 1309 3334 et
1322 3301 1365 3335 re-

226 3369 324 3438 giones
345 3368 410 3419 inde
428 3374 559 3422 extensas
579 3366 709 3419 orientem
733 3383 834 3420 versus
853 3384 942 3436 usque
961 3367 994 3418 ad
1014 3365 1125 3419 deserta
1142 3383 1213 3436 quae
1230 3377 1367 3420 vocamur

226 3455 323 3506 ammo
338 3452 438 3521 (Cubi)
456 3469 471 3503 a
488 3452 677 3521 septentrione
697 3459 725 3505 et
743 3469 832 3522 usque
846 3452 880 3505 sd
894 3452 1005 3504 deserta
1020 3451 1094 3503 iuter
1109 3459 1200 3504 terras
1210 3450 1319 3504 Maltan
1338 3459 1366 3504 et

227 3541 351 3591 Guzerat
369 3538 423 3589 sita
440 3554 455 3588 a
474 3536 601 3602 meridie;
617 3536 849 3605 septentrionales
866 3537 950 3589 ludos
969 3536 1078 3588 Bactria
1095 3536 1204 3588 ricinos
1224 3536 1365 3588 habitasse

226 3629 306 3693 putat
322 3622 348 3674 in
369 3622 515 3692 satrapiam
537 3621 686 3673 vicesimam
699 3622 876 3686 coniunctos,
896 3618 1088 3673 meridionales
1106 3621 1139 3672 ad
1155 3620 1366 3673 terraellinda

226 3714 288 3760 stan
307 3713 410 3776 partem
429 3705 671 3777 septentrionalem
693 3705 873 3774 pertinuisse.
907 3706 947 3757 Ac
965 3720 1048 3770 sane,
1069 3706 1094 3757 si
1115 3705 1149 3757 de
1170 3705 1220 3757 hac
1236 3705 1366 3758 vicesima

226 3792 365 3860 satrapis,
382 3809 462 3862 qnam
476 3810 510 3844 ex
527 3791 603 3843 indis
621 3791 723 3843 Darius
740 3789 901 3857 constituit,
918 3805 1051 3859 quaeras,
1076 3790 1110 3841 de
1128 3806 1160 3841 ea
1179 3796 1271 3856 terra,
1292 3807 1363 3860 quae

226 3876 354 3929 Bactriae
371 3877 405 3928 ab
423 3878 529 3929 oriente
546 3876 714 3927 contermina
731 3881 814 3944 atque
836 3875 944 3927 nomine
959 3875 1050 3927 Kahat
1066 3873 1146 3927 nobis
1162 3890 1235 3926 nunc
1254 3875 1365 3943 cognita

227 3969 285 4026 est,
303 3961 487 4029 cogitandum.
515 3962 586 4012 Tum
602 3978 668 4013 vero
688 3960 769 4012 etiam
784 3958 858 4011 intra
877 3958 974 4011 Indum
996 3958 1113 4028 eiusque
1128 3959 1215 4027 ripam
1237 3959 1365 4011 occiden-

225 4044 306 4097 talem
324 4045 533 4098 subsistendum
549 4046 618 4112 srit3
642 4063 732 4116 neque
748 4045 820 4096 enim
838 4044 911 4096 hunc
927 4043 1040 4098 lluvium
1054 4043 1101 4096 illa
1118 4049 1192 4096 certe
1206 4049 1298 4096 aetate
1313 4061 1363 4096 ua-

294 4239 321 4304 ¹*)
339 4241 404 4304 Ipse
415 4240 522 4293 Ctesias
533 4241 606 4293 hand
618 4243 675 4293 acio
689 4259 725 4293 an
739 4241 868 4294 Herodoti
881 4240 1003 4308 adeoque
1016 4241 1100 4292 etiam
1111 4241 1256 4305 Hecataei,
1275 4240 1364 4304 quiet

224 4313 283 4376 ipsc
295 4310 329 4361 de
341 4309 420 4360 ludia
438 4312 582 4375 retulerat,
603 4314 771 4363 auctoritate
788 4317 940 4363 commotus
959 4312 1126 4376 peculiarem
1146 4310 1218 4361 hunc
1237 4309 1364 4362 deludis

224 4381 344 4433 libellum
356 4382 560 4446 conscripserit,
574 4381 601 4431 iu
613 4388 706 4447 queat
717 4382 851 4447 ampliora
862 4383 901 4432 ita
913 4380 956 4433 vel
969 4381 1055 4446 magia
1067 4381 1136 4431 mira
1148 4379 1270 4431 deludis
1281 4379 1364 4431 reler-

224 4456 267 4504 ret
281 4450 393 4504 Graecia
404 4450 499 4502 taliam
510 4466 598 4503 reram
610 4451 689 4502 valde
701 4452 809 4518 cupidis
819 4457 902 4519 atque
917 4450 1059 4504 studiosis.
