3042 5125
443 403 771 468 unupounuu.
789 405 845 467 lv.
870 384 1034 472 ree-ue
1245 407 1307 470 659

161 592 310 682 τούτων,
337 589 419 663 ὅσον
444 592 538 685 ἡμεῖς
565 600 679 684 ἴδμεν·
715 597 772 666 καί
797 593 1000 685 τάμὲνὸύο
1024 591 1307 684 amizonensis

161 701 310 785 ἐθνέων,
331 694 371 765 τὰ
390 697 426 766 di
442 697 503 768 δύο
518 694 568 769 οὕ.
610 706 736 788 Λίβυες
749 699 812 789 μὲν
831 699 888 769 καί
903 705 1069 780 Αἰθίοπες
1088 698 1304 790 αὐτόχθονες,

160 807 196 871 oi
207 802 271 891 μὲν
288 797 328 869 τὰ
342 798 426 889 πρὸς
438 805 566 892 βορέω,
586 806 621 871 oi
632 803 668 872 dl
682 800 723 872 τὰ
743 800 827 892 πρὸς
841 800 944 875 νότου
958 809 1015 893 τῆς
1028 802 1158 894 Λιβύης
1171 807 1298 875 οίκέον-

161 926 233 986 τες·
262 911 418 985 Φοίνικες
439 906 476 975 δὲ
490 908 546 975 καὶ
559 900 718 995 Ἕλληνες
733 905 904 996 ἐπήλυδες.
945 907 1066 977 Aoniae
1089 911 1129 978 δέ
1144 935 1201 997 μοι
1220 904 1369 978 οὐδ’198

160 1004 284 1099 ἀρετὴν
304 1006 394 1077 εἷναί
411 1036 460 1089 τις
481 1004 624 1098 ἡΛιβύη
646 1015 834 1099 σπουδαίη,
857 1006 942 1081 ὥστε
964 1005 986 1099 ἢ
1007 1007 1098 1100 Ἀσίη
1119 1006 1141 1100 ἢ
1153 1007 1301 1102 Εὐρώπη

160 1115 439 1200 παραβληθῆναι,
455 1111 544 1201 πλὴν
556 1119 709 1195 Κίνυπος
721 1112 863 1204 μούνης·
890 1112 928 1183 τὸ
941 1109 1006 1205 γὰρ
1022 1112 1064 1203 δὴ
1078 1110 1160 1184 αὐτὸ
1174 1112 1303 1205 οὕνομα

159 1211 238 1304 ἡμή
252 1220 300 1307 τῷ
316 1220 455 1308 ποταμῷ
467 1223 543 1303 ἔχει.
573 1214 658 1305 αὕτη
674 1218 710 1288 di
724 1213 821 1306 ὁμοίη
834 1222 876 1305 τῇ
888 1213 1007 1309 ἀρίστη
1024 1220 1114 1305 γέων
1126 1218 1303 1310 Δήμητρος

158 1417 287 1484 probavit
300 1417 363 1469 Eltz
379 1418 506 1481 (Jahrbb.
525 1419 545 1469 f.
561 1417 660 1470 Philol.
677 1432 705 1468 u.
758 1418 791 1471 de
803 1419 846 1470 his
866 1420 935 1486 ipsis
950 1418 1007 1470 vid.
1022 1435 1093 1485 quas
1106 1419 1201 1472 retulit
1212 1422 1299 1486 Lyon,

159 1489 279 1553 Paedag.
298 1487 392 1555 Suppl.
410 1489 457 1539 IX.
474 1506 504 1555 p.
520 1489 579 1554 136)
598 1503 707 1555 eompa-
756 1489 880 1541 exeitata
889 1490 924 1541 ab
933 1490 955 1540 1.
963 1490 1193 1543 deHammer.in:
1211 1491 1301 1542 Wien.

158 1572 224 1608 raus
244 1549 360 1607 τοσόνδε
379 1552 488 1622 μέντοι,
508 1559 581 1625 quod
599 1557 707 1623 aliquot
755 1558 871 1612 Jahrbb.
885 1558 945 1610 Vol.
960 1559 1062 1611 LVIII.
1080 1575 1106 1625 p.
1124 1562 1230 1626 ibseq.
1258 1560 1300 1611 Ad

159 1628 256 1679 Nostri
265 1627 336 1679 loeis
346 1629 381 1691 (Ι,
395 1628 436 1681 13.
450 1630 503 1693 ΙΙΙ,
515 1629 573 1681 137.
586 1629 646 1679 142.
656 1629 704 1693 IV,
755 1628 887 1681 Heerenii
898 1630 1063 1680 sententiam
1072 1630 1207 1682 sooedunt
1217 1629 1303 1681 ferme

159 1697 206 1761 81)
214 1699 333 1762 positum
346 1699 492 1749 invenitur.
507 1697 640 1764 Equidem
650 1712 706 1747 ma·
757 1714 798 1763 ea,
806 1713 876 1765 quae
887 1698 1000 1765 protulit
1009 1697 1114 1750 Paoho:
1124 1700 1237 1765 Voyage
1249 1703 1300 1751 ete.

157 1766 205 1816 lim
215 1767 334 1819 seribere
345 1760 470 1833 τοσόνδε,
483 1783 542 1819 enm
553 1766 706 1834 particulae
755 1784 783 1833 p.
794 1770 828 1820 28
838 1783 895 1835 seq.
904 1772 977 1829 not.;
988 1766 1111 1833 pluribus
1122 1770 1235 1819 eandem
1245 1783 1300 1819 rem

160 1831 192 1886 dl
208 1837 308 1888 iterum
321 1839 464 1904 ponendae
480 1837 571 1889 nullus
589 1852 650 1890 esse
666 1836 707 1887 vi·
755 1843 917 1904 perseeutus
933 1837 1042 1888 Movere
1059 1837 1125 1901 (Die
1140 1838 1302 1889 Phoeniaier

159 1907 355 1961 deaturloeus.
445 1931 448 1936 ·
755 1908 795 1972 11,
806 1910 832 1959 2.
846 1923 910 1974 pag.
923 1906 975 1959 364
986 1905 1075 1974 seqq.)
1090 1908 1206 1973 probare
1219 1922 1300 1975 qnam

194 1973 297 2043 Λίβυες
317 1969 368 2041 μὲν
386 1973 435 2027 καὶ
456 1971 595 2034 Αἰθίοπες
623 1964 704 2026 αι’·τό-
755 1979 872 2028 maxime
883 1976 1002 2038 studuit,
1017 1977 1052 2027 ab
1065 1978 1108 2042 iis,
1122 1979 1170 2044 qui
1181 1978 1300 2043 antiqui·

158 2043 276 2111 χθονες]
289 2047 485 2113 Aegyptiorum
495 2045 624 2097 nullabie
633 2061 706 2097 men·
754 2052 800 2099 tus
816 2047 987 2100 vocabantur
1002 2043 1103 2119 Λίβυες
1121 2062 1156 2098 ao
1170 2046 1299 2098 nomades

158 2118 214 2181 tio,
242 2119 343 2183 quippe
364 2131 432 2183 quos
449 2116 553 2183 Libyae
576 2115 705 2182 quodam·
753 2117 901 2184 praecipue
914 2115 1085 2179 terebantur,
1103 2115 1178 2168 haud
1192 2116 1300 2167 differre

158 2187 241 2237 modo
250 2186 333 2237 eximi
342 2183 441 2239 donent
453 2191 522 2238 nott.
536 2187 572 2237 ad
585 2202 646 2252 esp.
659 2186 702 2235 41.
755 2202 817 2251 eos,
836 2187 883 2254 qui
895 2202 968 2238 nuno
983 2187 1012 2236 in
1024 2184 1123 2240 iisdem
1141 2187 1197 2239 iere
1208 2187 1299 2252 regio·

158 2255 271 2308 Africae
294 2271 359 2307 vero
384 2255 625 2324 septentrionalem
648 2260 705 2305 tra·
752 2258 834 2308 nibus
857 2257 1035 2308 inveniuntur
1058 2261 1142 2323 atque
1165 2260 1301 2310 vocantur

159 2330 235 2376 otum
255 2326 304 2392 qni
318 2325 455 2390 incolant,
476 2326 621 2392 indigenae
642 2340 703 2376 oum
752 2328 870 2379 Berber:
894 2328 964 2378 adeo
977 2332 1008 2378 ut
1025 2325 1108 2380 nnius
1123 2326 1300 2392 eiusdemque

160 2396 257 2461 Libyes
267 2402 415 2460 vocentur,
430 2396 476 2462 qui
489 2395 703 2459 meridionalem,
755 2396 867 2463 originis
890 2398 946 2448 slat
969 2395 1096 2450 habendi.
1135 2396 1205 2448 Add⁴
1229 2410 1301 2462 quae

159 2465 313 2531 Aethiopes,
343 2466 441 2517 statuit
462 2465 575 2516 Rennel.
595 2481 622 2531 p.
641 2465 702 2527 571,
754 2466 789 2518 de
807 2466 923 2518 diversis
936 2467 1042 2533 Libyae
1056 2465 1154 2519 ineolis
1170 2466 1302 2518 disseruit

158 2535 279 2587 indicari
297 2540 407 2588 nostrae
424 2537 526 2589 aetatis
544 2535 654 2588 Mauros
669 2549 703 2586 ao
754 2536 831 2589 cleas
846 2537 874 2587 in
892 2551 962 2590 vers.
975 2537 1124 2604 germanie.
1143 2535 1256 2589 Sallust.
1274 2534 1299 2587 1.

159 2605 256 2670 Nigros
269 2607 372 2671 pariter
384 2610 468 2673 atque
482 2605 545 2656 olim
556 2621 628 2656 nuno
640 2621 706 2672 quo·
753 2623 818 2673 pag.
836 2607 884 2658 ΙΙΙ
903 2623 961 2675 seq.
981 2608 1016 2659 ad
1034 2606 1158 2675 Iugurtb.
1176 2622 1238 2671 sap.
1258 2605 1301 2656 18.

159 2690 212 2740 que
225 2691 243 2726 a
253 2691 282 2726 se
293 2676 410 2728 invicem
425 2676 580 2727 distinctos.
609 2676 705 2741 Neque
754 2678 958 2744 Aethiopesque
972 2678 1108 2729 minusad
1123 2679 1217 2742 Nigros
1229 2675 1300 2727 reie-

159 2744 243 2797 aliter
262 2746 350 2797 Rozet
375 2745 498 2812 (Voyage
518 2746 587 2796 dans
607 2745 635 2796 la
652 2745 706 2796 lle·
754 2751 866 2810 rantur,
883 2746 952 2796 nihil
970 2748 1076 2810 obstat,
1096 2745 1257 2812 praesertim
1275 2743 1300 2796 si

159 2829 246 2881 genoe
257 2813 376 2881 d’Alger.
390 2816 413 2866 Ι.
425 2831 451 2881 p.
464 2815 491 2866 3.
502 2816 536 2867 50
545 2815 619 2880 aeq.)
629 2820 705 2866 vete-
754 2831 834 2882 quam
843 2814 977 2869 latissime
984 2816 1149 2883 Aethiopum
1159 2813 1301 2881 atqueato-

159 2899 203 2935 res
217 2884 318 2949 Libyes
337 2885 446 2937 eosdem
462 2900 522 2936 esse
535 2884 706 2950 atqneMsu·
754 2886 876 2952 thiopiae
889 2886 1071 2953 nomenapud
1086 2886 1300 2950 veterespateat
1384 2919 1391 2930 .

160 2970 206 3004 ros
219 2954 380 3006 arbitratur.
406 2953 475 3005 Mihi
488 2971 567 3006 secus
583 2953 701 3006 videtur.
754 2956 877 3023 adeoque
886 2955 919 3007 de
929 2954 1167 3007 omniferehfriea
1176 2952 1301 3006 meridio-

160 3026 286 3089 Namque
305 3024 419 3075 multum
439 3024 534 3087 obem,
554 3029 586 3074 ut
604 3024 704 3084 Mauri,
755 3024 813 3076 nali
825 3026 942 3090 dicatur,
955 3031 1120 3092 reputemus.
1148 3026 1191 3075 De
1203 3038 1299 3089 quare

160 3095 210 3159 qui
235 3109 308 3144 nuno
330 3093 472 3156 dicuntur,
499 3094 537 3156 ad
561 3093 706 3160 indigenas
754 3094 833 3160 plura
845 3094 970 3148 dabimus
982 3095 1018 3147 ad
1029 3094 1162 3147 Herodot.
1173 3093 1242 3158 Vll,
1255 3092 1299 3143 70.

162 3168 259 3229 gentes
271 3164 328 3216 siut
339 3162 485 3228 reierendi,
499 3164 546 3230 qui
556 3164 647 3229 potius
656 3162 706 3213 ali-

161 3233 234 3284 unde
251 3234 368 3300 ingressi
379 3234 486 3300 Libyae
502 3249 577 3285 oram
597 3237 705 3299 septen·
915 3216 979 3268 0⁸¹³·
996 3215 1146 3268 CXCVIII·

162 3303 305 3355 trionalem
326 3319 462 3355 armorum
482 3305 511 3354 vi
526 3308 704 3370 occuparunt,
791 3299 891 3353 Δοαέει
908 3296 939 3351 δέ
951 3316 999 3367 μοι
1012 3330 1045 3339 -
1060 3298 1213 3365 σπουδαίη]
1237 3301 1256 3352 i.
1274 3316 1298 3352 e.

160 3374 299 3437 prioribus
317 3373 415 3425 ineolis
429 3375 488 3424 sive
506 3373 629 3425 subactis
648 3374 706 3424 sive
760 3375 870 3425 Videtur
882 3381 962 3423 autem
973 3373 1032 3434 milti
1042 3389 1074 3423 ne
1087 3374 1137 3423 soli
1147 3373 1245 3437 quidem
1256 3371 1300 3421 bo·

161 3444 272 3504 eiectis3
291 3446 332 3494 ita
349 3449 380 3494 ut
397 3444 431 3494 ab
447 3444 567 3494 Arabum
586 3443 649 3494 inde
666 3443 707 3493 in·
755 3442 885 3507 nitatem
900 3441 934 3492 de
945 3441 1008 3492 aliis
1019 3438 1138 3503 taceam)
1152 3441 1237 3504 Libya
1249 3440 1300 3500 (ita

162 3513 336 3565 cursionibus
348 3513 419 3564 hane
432 3519 534 3564 terrem
544 3512 655 3578 eiusque
666 3513 707 3564 in·
756 3528 821 3578 prae
838 3511 956 3562 eaeteris
970 3515 1059 3562 terrae
1073 3507 1207 3574 partibus)
1221 3525 1301 3572 prae-

162 3583 238 3635 oolas
260 3583 341 3649 plane
361 3588 482 3634 mutatos
505 3598 565 3634 esse
588 3580 706 3634 credam.
754 3591 840 3640 stare,
860 3589 887 3631 ut
905 3596 959 3630 oum
972 3579 1037 3630 Asia
1053 3582 1094 3630 eei
1108 3579 1215 3642 Europa
1234 3593 1299 3628 eom-

163 3656 259 3719 itaque
283 3657 424 3719 praestat,
446 3653 556 3719 opinor,
579 3652 708 3704 Heerenii
755 3653 850 3716 parari
856 3651 954 3714 possit,
970 3657 1079 3713 exceptu
1087 3665 1137 3698 ααα
1147 3662 1178 3725 eq
1187 3649 1298 3712 regione,

163 3724 301 3775 sententia
312 3722 409 3788 (ldeen
421 3724 535 3787 11,1.p.
545 3720 596 3772 309
608 3719 707 3787 seqq),
758 3735 831 3786 quom
848 3720 941 3784 Cinyps
955 3719 1066 3784 perfluit.
1096 3711 1183 3781 αἱρετη
1198 3716 1233 3766 ad
1248 3715 1300 3766 soli

162 3794 265 3860 Libyes
278 3798 385 3846 veteres
398 3794 434 3844 ab
447 3793 583 3843 Arabibus
595 3792 708 3841 victori·
757 3787 928 3840 fertilitatem
941 3803 962 3839 s.
972 3787 1123 3837 bonitatem
1134 3785 1263 3851 pertinet,
1269 3788 1300 3834 ut

162 3864 213 3914 bus
227 3868 311 3928 atque
328 3865 383 3914 iam
397 3868 479 3914 antea
494 3878 511 3913 a
523 3860 655 3913 Vandalis
672 3860 706 3911 ab
757 3858 824 3920 VII,
836 3858 861 3909 b.
874 3857 952 3920 Vlll,
966 3858 1025 3908 144.
1041 3855 1164 3920 Thucyd.
1177 3855 1200 3917 Ι,
1210 3856 1235 3904 2.
1258 3852 1300 3904 Ad

164 3949 213 3984 ora
228 3933 366 3984 maritima
383 3933 595 3999 regionibusque
616 3931 707 3997 proxi·
756 3943 852 3980 voeem
872 3923 1012 3989 σπουδαίη
1029 3926 1086 3977 uid.
1100 3923 1231 3976 Herodot.
1250 3923 1299 3986 IV,

163 4003 216 4053 mis
238 4002 361 4068 repulsos
379 4018 453 4053 nuno
470 4003 500 4053 in
511 4002 632 4053 Atlantis
652 4005 706 4051 tra·
758 3997 791 4048 23
805 3998 900 4063 ibique
915 3994 1007 4046 laudd.
1022 3994 1106 4058 VIII,
1120 3994 1163 4046 69.
1199 3994 1242 4044 De
1259 3993 1300 4044 01·-

162 4073 253 4125 otibus
266 4073 392 4139 iugisque
402 4071 529 4122 habitare
541 4075 569 4122 et
580 4071 607 4120 in
619 4072 707 4137 regio·
757 4085 824 4134 appe
836 4066 952 4119 diximus
968 4064 1003 4115 ad
1016 4079 1078 4129 eap.
1093 4064 1151 4115 175.
1188 4062 1301 4129 Speotat

162 4143 244 4194 nibus
260 4142 401 4194 meridiem
421 4157 517 4193 versus
535 4140 598 4190 hine
614 4155 707 4205 porre-
756 4139 827 4200 hue,
841 4136 952 4202 opinor,
967 4134 1040 4185 Mela
1053 4135 1076 4198 1,
1090 4132 1174 4197 7,33=
1192 4160 1246 4197 „·—
1257 4132 1302 4183 Ci-

163 4213 232 4276 otis,
262 4227 363 4279 eosque
388 4227 459 4263 nune
482 4211 577 4262 vocari
595 4209 706 4270 Βαίου,
758 4222 827 4273 nypa
845 4206 944 4256 fluvius
960 4220 1008 4271 per
1019 4204 1154 4255 uberrima
1172 4218 1240 4255 arva
1255 4204 1301 4254 de·

163 4298 181 4333 a
192 4283 296 4333 Mauris
307 4297 394 4348 aeque
407 4297 440 4332 ao
451 4281 545 4348 Nigris
557 4279 641 4346 probe
653 4279 707 4328 dis·
757 4276 872 4328 cidens“
888 4279 915 4326 et
927 4275 1008 4326 Ovid.
1021 4276 1062 4324 Ex
1073 4274 1154 4324 Pont.
1167 4273 1207 4337 ΙΙ,
1218 4274 1244 4336 7,
1254 4272 1299 4323 25:

162 4352 321 4404 cernendos.
347 4352 381 4403 In
399 4352 496 4418 quibus
514 4352 583 4400 duas
598 4349 707 4415 potissi·
758 4345 930 4413 „Cinyphiae
940 4345 1040 4412 segetis
1050 4344 1133 4395 eitius
1145 4342 1300 4393 numerabis

162 4438 235 4473 mum
252 4422 337 4472 reiert
355 4428 449 4487 gentes
461 4420 628 4479 Heerenius,
648 4418 706 4484 qui·
758 4416 894 4494 aristasst‘
931 4472 938 4492 e

161 4493 215 4543 bus
236 4508 308 4543 nuno
331 4507 429 4543 nomen
451 4492 529 4543 Tibbo
547 4495 574 4542 et
597 4489 708 4541 Tauriis:
794 4501 865 4550 αυτη
880 4477 911 4535 dl
926 4482 1009 4550 ομοίη
1024 4499 1049 4532 α.
1062 4499 1086 4533 τ.
1101 4480 1137 4546 λ.]
1156 4480 1301 4545 Compara·

1029 4564 1097 4630 42*
