3042 5125
544 349 751 415 THALIA.
775 353 833 414 III.
856 364 900 419 98.
918 365 962 420 99.
1260 366 1321 427 197

115 537 347 616 ναεοίιιέοντες
360 534 490 607 τούτων
503 539 648 629 νομάδες
665 545 744 631 elul,
767 549 877 634 κρεῶν
897 550 1028 619 ἐδεσταὶ
1042 546 1159 640 ὠμῶν,
1180 560 1316 627 καλέον-

175 666 231 708 ται
250 639 288 709 δὲ
302 646 459 710 Παδαῖοι.
493 652 661 733 νομαίοισι
683 648 720 717 δὲ
739 656 899 719 τοιοισίδε
918 655 1073 741 λέγονται
1091 661 1247 746 χρᾶσθαι.
1280 658 1316 742 ὃς

169 739 216 812 dv
234 742 323 855 quipp
344 749 414 813 τῶν
433 741 559 834 ἀστῶν,
582 745 624 836 ἦν
645 776 681 818 τε
699 750 846 841 γννὴῆν
867 780 902 822 τε
924 751 1026 846 ἀνὴρ,
1046 755 1107 827 τὸν
1126 761 1188 848 μὲν
1207 759 1315 853 ἄνδρα

169 843 294 936 ἄνδρες
307 853 343 916 ol
355 846 498 937 μάλιστα
514 856 551 920 οί
566 847 755 941 ὁμιλέοντες
769 864 955 947 κτείνουσι,
977 860 1121 950 φάμενοι
1141 861 1245 934 αὐτὸν
1257 894 1313 955 τη-

168 949 316 1040 κόμενον
335 956 377 1040 τῇ
392 952 505 1045 νούσῳ
521 953 562 1023 τα
575 960 657 1044 κρέα
670 966 765 1045 σφίσι
781 965 1053 1051 διαφθείρεσθαι.
1079 960 1098 1033 ὁ
1114 966 1151 1035 δὲ
1165 964 1314 1058 ἅτταρνός

353 1186 419 1241 cm
436 1188 533 1242 XCIX·
767 1166 863 1226 genten
875 1160 1000 1214 habItare
1018 1163 1145 1216 dicuntur
1158 1166 1312 1222 serissime

266 1282 273 1301 Ι
768 1231 912 1294 (vocantur
928 1235 1067 1286 Pindam'a
1084 1240 1111 1286 et
1124 1237 1217 1287 Gouda
1234 1240 1262 1289 in
1274 1240 1313 1290 lo-

168 1360 175 1372 ·
203 1289 352 1340 καλεονται
363 1284 393 1341 δὲ
401 1290 539 1360 Παδαῖοι]
551 1295 592 1347 De
602 1297 716 1347 Padaeia
766 1301 806 1351 cia
818 1301 969 1366 Adschmir,
978 1304 1078 1355 Malwa
1090 1311 1118 1355 et
1129 1307 1310 1375 Khandicch),

167 1363 335 1424 interpretes
360 1361 474 1414 laudent
492 1365 594 1416 Tibull.
616 1365 668 1420 IV.
692 1367 715 1416 1.
767 1386 838 1435 quae
854 1371 943 1422 adhuc
956 1372 1079 1425 homiues
1094 1376 1252 1428 sacrificant
1267 1394 1311 1429 co·

170 1430 223 1480 144
241 1433 270 1479 et
287 1430 375 1480 Nicol.
392 1432 557 1485 Damascen.
576 1451 621 1499 ap.
638 1435 715 1486 Stob.
766 1445 918 1507 gnatusque
937 1448 987 1492 aut
1004 1444 1098 1495 morbo
1115 1452 1255 1510 correptor
1270 1449 1311 1499 ia-

167 1515 194 1563 p.
208 1499 328 1563 lumel.
361 1501 522 1567 Ereliquiia
537 1504 641 1559 Hister.
656 1505 716 1554 uni·
767 1509 817 1559 tali
841 1517 891 1561 aut
915 1516 1026 1578 propter
1047 1520 1215 1566 senectutem
1237 1518 1310 1567 intir-

168 1584 242 1619 vera.
256 1584 321 1634 pag.
334 1570 385 1622 144
398 1571 440 1622 ed.
456 1572 541 1623 Orelli
552 1574 587 1625 ci.
601 1573 715 1624 eundem
766 1595 824 1631 moe
839 1585 963 1632 mactant
976 1584 1138 1648 eosdemque
1152 1587 1309 1650 comedunt,

167 1640 196 1687 in
209 1638 397 1703 supplement.
411 1645 514 1692 notarr.
526 1643 715 1694 inNicol.l)a-
766 1654 797 1698 ut
821 1652 927 1701 monuit
948 1653 1038 1702 Kruse
1055 1653 1165 1704 Indicus
1182 1655 1238 1705 alte
1257 1657 1308 1708 Ge·

167 1724 254 1758 macc.
272 1710 386 1775 pagii)
404 1726 461 1777 aeq.
481 1712 635 1764 Larcherua
652 1728 713 1763 cum
765 1718 888 1770 echichte
906 1736 932 1785 p.
944 1720 987 1772 37.
1003 1721 1106 1771 Bohlen
1118 1722 1226 1783 (Indieu
1243 1725 1267 1775 I.
1279 1742 1306 1791 p.

165 1777 282 1830 Renuel.
293 1777 309 1828 l.
319 1779 336 1828 l.
343 1795 407 1845 pag.
416 1782 467 1832 519
476 1784 597 1835 Padaeus
607 1789 634 1833 et
645 1784 713 1833 θον·
764 1790 807 1838 44.
815 1788 849 1839 63
862 1787 1077 1855 seqq.)Padceoa
1085 1792 1121 1841 ad
1134 1791 1254 1842 intimum
1263 1794 1308 1844 In·

162 1850 256 1913 pariae
269 1863 319 1913 pro
334 1864 390 1900 una
404 1850 553 1916 eademque
569 1857 651 1918 gente
666 1852 713 1903 ha·
764 1857 858 1907 dorum
870 1860 991 1909 ordinem
999 1876 1113 1925 eumque
1121 1864 1237 1912 maalme
1245 1878 1308 1913 eon·

164 1919 229 1980 het,
252 1934 324 1983 quae
342 1924 459 1986 utraque
475 1937 493 1971 a
507 1922 602 1987 Gange
618 1923 712 1986 fluvio,
764 1932 911 1992 temptum,
927 1930 972 1978 cui
985 1944 1081 1979 nomen
1091 1933 1187 1993 Paria,
1211 1931 1308 1983 referri

164 1988 215 2053 qui
233 1988 305 2039 idem
316 1991 405 2041 Padus
423 2007 446 2041 ε.
466 1993 561 2042 Pauca
582 1992 611 2042 in
628 1992 713 2042 Sana-

163 2057 276 2108 critana
299 2058 394 2123 liugue
416 2060 586 2125 appelletur,
614 2077 712 2112 nomen

164 2129 321 2193 acceperit,
345 2131 386 2178 ita
405 2136 437 2179 ut
454 2130 624 2182 Padaeorurn
644 2147 712 2196 gena

164 2197 201 2247 ad
220 2198 342 2263 Gangem
359 2202 472 2265 eiusque
491 2202 563 2251 ostia
586 2201 624 2251 sit
644 2201 710 2251 rele-

162 2267 267 2332 ganda.
295 2268 397 2318 Contra
408 2269 438 2320 in
454 2270 592 2321 montibus
604 2275 712 2335 septen-

162 2337 327 2387 trionalihua
337 2337 409 2388 lianc
420 2344 529 2404 gentem
544 2339 630 2390 ieram
643 2341 711 2390 Tar-

161 2408 233 2458 tario
246 2407 444 2458 conterminam
454 2410 638 2475 quaerendam
651 2424 711 2460 eoae

161 2482 260 2529 censet
276 2477 403 2529 vincent.
422 2480 495 2544 apud
513 2480 627 2531 Rennel.
652 2477 671 2529 l.
690 2477 709 2529 l.

162 2546 297 2612 pag.720.
312 2548 465 2600 Heereniua
475 2549 560 2600 Ideen
572 2551 594 2611 Ι,
607 2551 630 2601 I.
646 2564 709 2614 pag.

162 2619 217 2669 364
236 2619 370 2678 Podoeoe,
390 2620 439 2684 qui
456 2620 490 2670 ab
509 2621 614 2671 orlente
630 2619 710 2668 Indo-

161 2704 223 2738 rum
240 2687 501 2752 ichthyophagorum
520 2704 542 2740 τ.
554 2689 588 2738 ab
604 2689 709 2737 oriente

161 2758 297 2808 ostiorum
317 2758 379 2807 Indi
406 2758 483 2808 fluvii
503 2758 582 2810 aedes
605 2756 707 2805 habue-

160 2828 232 2890 rint,
258 2828 287 2876 iu
311 2833 383 2880 terra
409 2828 509 2878 statuit
533 2822 707 2875 collocandos

161 2914 238 2958 ease,
264 2913 334 2962 quae
355 2912 429 2947 nunc
444 2898 560 2945 vocatur
576 2893 706 2954 (lunarat,

160 2968 210 3018 ubi
228 2969 328 3018 fluuius
343 2967 466 3025 Puddur,
486 2963 521 3013 ad
536 2964 613 3014 cuiue
631 2963 706 3027 ripae

159 3054 229 3104 gena
245 3037 342 3103 palana
361 3050 459 3085 nomen
470 3033 614 3083 invenerit.
648 3034 707 3083 Nec

159 3108 244 3173 longe
256 3106 320 3155 binc
333 3106 428 3156 abeaae
440 3105 520 3153 notat
532 3103 642 3153 deserta
651 3117 707 3151 am·

159 3170 707 3243 plaetsahuloaa,usqueadterramMnl-

159 3253 209 3298 tan
220 3247 357 3311 porrecta,
364 3244 393 3292 in
403 3240 501 3307 quibus
512 3246 539 3292 ct
549 3243 706 3306 antiquiore

159 3322 190 3369 et
207 3313 359 3364 recentiore
382 3327 450 3363 aevo
472 3316 568 3376 gentes
589 3311 706 3361 maxime

157 3386 239 3438 rudes
250 3398 282 3433 ac
293 3382 366 3432 ferae
376 3381 542 3432 domicilium
551 3380 707 3442 habuerint,

159 3453 258 3522 qnalea
281 3453 382 3503 Noster
402 3450 571 3502 Calatiarum
597 3453 706 3502 nomine

159 3538 245 3589 cupra
259 3523 317 3585 III,
333 3519 367 3572 38
387 3521 446 3587 (ubi
464 3520 520 3573 vid.
535 3519 619 3584 nott.)
637 3520 706 3571 indi·

158 3594 241 3645 carit.
283 3591 336 3641 Cui
361 3590 518 3655 obloquitur
540 3590 706 3641 Maltebruu.

157 3660 287 3716 Nouvell.
296 3661 406 3712 Annall.
414 3663 454 3713 ΙΙ.
466 3678 491 3726 p.
503 3659 704 3723 brutrucum

158 3731 333 3785 Padaeorum
344 3731 422 3783 eedea
434 3732 461 3780 in
475 3730 613 3781 montibus
627 3746 704 3793 cupe-

158 3804 241 3854 rioria
260 3806 350 3852 terrae
368 3799 475 3864 Panjab
490 3800 627 3850 meridiem
645 3816 706 3851 ver·

159 3889 208 3925 auu
233 3888 251 3922 a
273 3875 348 3922 terra
364 3870 509 3921 Kaselrmir
532 3871 706 3935 quaerendae

158 3945 231 4004 aiut3
255 3945 401 4005 utramque
425 3956 490 3992 vero
518 3944 626 4006 gentem
653 3940 705 3990 Pa-

158 4015 289 4064 dacorum
304 4017 331 4062 et
349 4010 532 4073 Calatiamm,
558 4026 625 4075 quoa
642 4009 707 4059 ulti-

159 4098 217 4134 mos
237 4081 272 4132 ad
291 4083 425 4133 orientem
442 4081 600 4131 Herodotus
622 4080 704 4142 norit,

158 4170 213 4204 nou
230 4157 288 4202 tam
299 4152 414 4202 Indicae
425 4151 513 4202 rideri
525 4149 586 4200 vult
600 4150 704 4212 stirpis,

159 4240 241 4289 quarn
259 4222 416 4287 Scythicae.
457 4219 591 4284 Equidem
612 4217 704 4268 malim

158 4292 291 4345 accedere
316 4292 352 4341 ad
376 4290 507 4342 Heereuii
531 4289 704 4349 coutentium,

762 1996 897 2062 huiusque
911 1997 1015 2048 ordinis
1038 2014 1059 2048 s.
1076 2000 1169 2062 stirpis
1184 1999 1307 2051 homines

761 2064 890 2130 palantes
903 2066 1021 2132 intelligi
1036 2067 1109 2117 vult:
1128 2082 1214 2133 neque
1228 2069 1308 2121 aliter

762 2136 820 2185 iere
832 2137 935 2200 Bensey
947 2135 987 2197 (in
999 2136 1199 2201 Encyelopaed.
1210 2140 1306 2190 Erech.

763 2211 790 2255 et
810 2206 923 2256 Gruber.
941 2206 1013 2255 Sect.
1028 2206 1067 2255 ΙΙ.
1086 2206 1116 2254 P.
1135 2206 1211 2256 XIII.
1231 2223 1256 2272 p.
1271 2210 1304 2259 41

760 2278 847 2340 aeq),
868 2276 915 2340 qui
932 2290 1027 2325 vocem
1040 2271 1167 2324 Παδαῖοι
1178 2283 1304 2341 spectare

760 2349 841 2409 putat
857 2345 893 2393 ad
905 2344 1109 2394 Sanscritauam
1127 2360 1221 2397 vocem
1236 2349 1304 2408 Pau,

761 2428 815 2476 qua
836 2429 883 2477 per
903 2412 1088 2477 significatur,
1108 2429 1169 2465 cum
1185 2432 1218 2465 ex
1236 2417 1303 2481 pede

759 2481 895 2532 Brahmae
907 2486 1029 2531 exortum
1043 2485 1081 2532 aIt
1094 2490 1218 2548 quartum
1230 2487 1303 2536 istud

760 2556 788 2602 et
801 2550 920 2600 infimum
935 2551 1070 2602 hominum
1084 2569 1185 2619 genua,
1197 2556 1244 2621 qui
1256 2573 1303 2607 vo-

759 2626 859 2670 cantur
870 2623 961 2670 Paria.

794 2689 936 2751 νομαίοισι
954 2683 986 2737 δὲ
1009 2688 1155 2755 τοιοισίδε]
1177 2693 1222 2741 Ita
1241 2709 1302 2742 cum

758 2761 873 2808 recentt.
891 2757 952 2806 edd.
969 2759 1080 2808 exhibui
1097 2775 1146 2823 pro
1161 2761 1236 2824 vulg.
1257 2753 1301 2810 νό-

757 2840 822 2892 μοις
835 2818 865 2874 δδ
877 2825 1006 2876 τοιοῖσδε.
1030 2828 1128 2877 Matth.
1141 2828 1242 2879 edidit:
1256 2822 1302 2878 νό-

757 2909 835 2960 μοισι
847 2893 981 2945 τοιοισίδε
994 2891 1033 2946 δέ.
1058 2896 1099 2948 cf.
1113 2897 1185 2946 infra
1197 2898 1245 2959 IV,
1259 2899 1300 2950 26.

757 2967 799 3016 De
815 2966 876 3030 ipsa
888 2980 917 3014 re
931 2966 995 3016 ride
1008 2970 1078 3016 nott.
1092 2967 1127 3016 ad
1141 2967 1194 3027 ΙΙΙ,
1208 2965 1252 3017 38.

790 3023 805 3084 ὁ
821 3026 851 3083 δὲ
864 3022 992 3097 ἆταρνός
1002 3027 1058 3085 ἐστι
1069 3026 1108 3100 μὴ
1118 3027 1170 3099 μὲν
1180 3031 1299 3102 νοσέειν]

756 3104 845 3169 Vulgo
858 3095 1085 3169 ἆτιαρνεόμενος,
1102 3105 1176 3170 quod
1187 3107 1303 3156 retinuit

756 3174 856 3224 Matth.
871 3179 928 3223 tum
943 3175 971 3223 in
986 3180 1076 3236 textu,
1092 3179 1148 3225 tum
1159 3175 1243 3226 inGr.
1254 3176 1301 3227 Gr.

757 3244 851 3307 §.oua
861 3243 907 3293 ubi
917 3244 944 3295 h.
952 3243 971 3292 l.
982 3245 1127 3303 excitatur,
1138 3244 1199 3294 coll.
1210 3245 1302 3295 Kueh-

757 3329 813 3364 ner.
828 3313 874 3364 Gr.
891 3313 938 3365 Gr.
950 3317 974 3377 ς.
985 3313 1046 3376 416,
1058 3316 1085 3365 4.
1105 3315 1148 3363 Tu
1157 3313 1229 3364 conl.
1240 3315 1301 3364 Pol·

757 3383 844 3433 lucem
856 3385 896 3444 V,
912 3383 961 3433 101
981 3389 1009 3434 et
1022 3383 1134 3435 Suidam
1149 3401 1170 3434 ε.
1185 3400 1212 3435 v.
1225 3390 1252 3433 et
1265 3384 1301 3433 ad

755 3452 922 3503 locutionem
938 3453 991 3514 111,
1003 3453 1046 3506 66.
1060 3454 1104 3513 II,
1122 3453 1179 3504 179.
1192 3453 1226 3516 V,
1243 3453 1300 3505 106.

756 3549 792 3558 -
813 3523 844 3571 ln
866 3524 986 3585 proxime
1002 3523 1229 3573 antecedentibus
1251 3536 1300 3587 pro

757 3589 985 3654 διαφθείρεσθαι
995 3592 1094 3642 Aldina
1107 3597 1135 3642 et
1149 3591 1255 3657 aIIquot
1270 3590 1302 3641 li-

755 3661 799 3710 bri
822 3658 1020 3726 διαφθείρειν,
1045 3661 1116 3727 quod
1136 3661 1302 3725 amplecten-

755 3731 818 3782 dum
836 3730 941 3780 iudicat
960 3747 1058 3781 censor
1079 3729 1203 3781 lenensis
1221 3730 1299 3781 1817.

755 3816 796 3850 nr.
813 3800 872 3850 1114.
888 3809 950 3865 pag.
965 3801 1025 3851 372.
1053 3798 1162 3863 Reliqui
1173 3798 1249 3860 libri,
1261 3799 1302 3848 iu-

756 3874 797 3921 ter
815 3885 883 3936 quoa
901 3868 1040 3920 Mediceuo
1064 3884 1097 3918 ac
1115 3867 1300 3929 Florentium,

753 3940 874 3990 retinent
888 3936 1128 4002 διαφθείρεσθαι,
1147 3936 1219 4001 quod
1238 3937 1301 3986 inde

755 4025 806 4075 ego
823 4023 930 4074 quoque
946 4024 1007 4058 cum
1027 4011 1141 4058 recentt.
1157 4005 1219 4057 edd.
1237 4006 1301 4056 reti-

755 4078 872 4131 nendum
887 4078 968 4140 duri,
988 4093 1049 4128 cum
1063 4075 1151 4126 altera
1167 4076 1249 4126 lectio
1269 4092 1301 4125 ex

757 4148 947 4199 emendatione
959 4162 981 4198 a.
998 4147 1166 4198 correctione
1184 4145 1300 4211 quadam

755 4217 928 4280 grammatici
938 4216 1012 4267 docti
1023 4221 1084 4267 orta
1095 4232 1154 4267 ease
1165 4216 1300 4268 videatur.

755 4289 823 4353 Ipsa
849 4288 987 4338 sententia
1006 4286 1074 4337 haec
1098 4285 1155 4337 fere
1176 4292 1232 4337 eat:
1262 4287 1302 4335 cli-

158 4362 313 4428 quaemihi
336 4360 380 4412 vel
407 4376 439 4411 eo
456 4360 568 4425 probari
586 4360 705 4420 videtur,
756 4367 855 4418 centes,
873 4360 940 4407 illum
953 4358 1118 4407 tabescentem
1135 4357 1301 4407 morbescunt

157 4433 231 4499 quod
254 4432 345 4483 adhuc
367 4432 442 4481 circa
468 4430 578 4480 fluvium
596 4428 706 4479 Paddar
755 4430 837 4493 ipsius
846 4442 1115 4490 cameracorrmnperc
1124 4426 1230 4488 indeque
1239 4425 1302 4486 ipris
