3042 5125
414 304 739 366 MELPOMENE.
764 306 818 364 IV.
846 315 902 366 144.
928 316 987 367 lto.
1203 304 1258 363 551

125 496 263 562 παίδων
276 496 409 578 παῖδες,
423 495 637 576 ἐξελαθέντες
649 490 715 565 ὑπὸ
729 500 917 585 Πελασγῶν
929 500 998 565 τῶν
1011 499 1048 565 ἐκ
1063 499 1267 585 Βραυρῶνος

127 598 342 685 ληισαμένων
357 594 415 675 τὰς
427 593 616 685 Ἀθηναίων
629 617 808 688 γυναῖκας,
832 595 898 668 ὑπό
912 598 1040 668 τούτων
1054 601 1267 681 ἐξελαθέντες

127 703 167 769 ἐν
180 699 322 788 Λήμνου
344 709 475 787 οἱχοντο
497 703 654 783 πλέοντες
674 707 708 783 ἐς
728 707 979 791 Λακεδαίμονα·
1010 699 1152 790 ἱζόμενοι
1172 701 1210 771 δὲ
1229 705 1267 772 ἐν

124 899 253 951 ehomen.
268 914 295 964 p.
312 897 388 963 307),
410 898 478 951 baec
491 901 575 952 verba
593 917 675 953 sensu
724 902 802 969 gnati
818 902 964 954 Lemnicas
983 900 1109 953 mulieres
1128 903 1268 953 matrimo-

124 970 224 1019 latiori
237 983 295 1044 nec!
306 967 415 1019 delinito
433 970 602 1035 accipienda.
633 972 674 1023 De
725 974 771 1023 nio
790 972 843 1023 sibi
862 973 1009 1023 iunxerunt
1026 971 1183 1038 prolemque
1205 972 1267 1023 indo

125 1054 197 1090 voce
210 1030 360 1104 ἕπιβατης,
374 1053 429 1103 qua
440 1044 484 1106 qm·
497 1044 557 1092 nani
568 1043 673 1100 veditur,
725 1047 919 1108 susceperunt,
932 1056 1012 1106 quam
1024 1040 1051 1095 h.
1062 1041 1080 1091 1.
1092 1042 1197 1094 verbist
1212 1041 1268 1090 τῶν

124 1111 199 1160 mdes
209 1108 516 1174 praecipueclaoeimr'as
530 1110 613 1175 vulgo
629 1110 674 1160 de·
725 1103 754 1160 lu
775 1111 826 1177 τῆς
851 1101 962 1176 Ἀργόῦς
981 1102 1134 1177 ἐπιβατέων
1156 1109 1268 1161 παίδων

125 1177 266 1240 claretur,
280 1177 353 1227 conf.
367 1178 468 1228 Herod.
483 1179 551 1242 VII,
571 1180 605 1231 96
623 1180 673 1230 ibi·
724 1180 826 1239 παῖδες
838 1181 955 1232 indicari
967 1187 1070 1247 putem.
1099 1181 1179 1234 conf.
1190 1181 1221 1231 O.
1232 1181 1267 1232 Ο.

149 1264 186 1299 ue
196 1253 267 1299 nott.
285 1247 350 1296 Mox
360 1261 420 1296 cum
432 1249 672 1314 recentt.edd.pro
724 1251 847 1303 Mueller.
860 1250 1021 1304 Orchomen.
1041 1266 1105 1316 pag.
1119 1249 1267 1302 302-307.

128 1264 331 1379 ἱξελασθέντες
359 1318 460 1381 scripsi
483 1309 673 1380 ἐξελαθέντες,
724 1324 764 1372 Ac
780 1323 890 1387 Minyas
908 1337 929 1370 s.
944 1321 1161 1385 Argonautarum
1179 1326 1269 1387 poste-

125 1393 160 1440 ut
174 1387 227 1448 111,
236 1386 279 1436 46.
292 1385 335 1465 51,
349 1386 395 1464 ubi
405 1387 472 1449 vid,
484 1389 604 1454 itemque
615 1381 673 1438 ὑπὸ
723 1407 769 1442 ros
782 1392 884 1442 Lemno
899 1393 1001 1441 electos
1022 1404 1083 1441 esse
1101 1407 1117 1440 a
1132 1390 1268 1454 Pelasgis,

126 1453 236 1508 totunm
252 1470 301 1521 pro
316 1468 374 1503 οπο
390 1453 523 1518 τονεέων;
543 1458 576 1509 de
587 1459 674 1521 ipsius
725 1466 833 1527 praeter
851 1459 1019 1511 Herodotum
1044 1464 1182 1510 testantur
1198 1461 1269 1510 Pau-

126 1525 299 1594 pronominis
318 1539 369 1574 neu
386 1526 460 1577 conf.
479 1534 549 1577 nott.
569 1529 605 1578 ad
626 1529 676 1590 lv,
726 1547 787 1582 san.
802 1530 914 1593 V11‚2‚
929 1531 954 1583 2.
975 1529 1102 1593 Apollon.
1114 1528 1199 1580 Rbod.
1220 1529 1268 1590 IV,

130 1597 191 1649 122.
227 1595 294 1644 Post
310 1571 377 1646 haec
398 1596 482 1645 verba
501 1596 624 1648 Florent.
648 1603 676 1648 et
728 1599 804 1662 1760,
820 1599 877 1650 alii.
901 1599 997 1663 Neque
1007 1599 1157 1663 poenitebit
1169 1599 1221 1648 hac
1235 1598 1268 1647 de

127 1664 271 1717 Medicens
289 1663 412 1715 inserunt
427 1658 472 1730 δὲ,
496 1666 567 1731 qnod
581 1682 676 1733 sugge-
727 1687 756 1721 re
769 1668 917 1720 contulisse
926 1667 1055 1731 Polyaen.
1064 1668 1126 1728 Vll,
1137 1667 1180 1718 49.
1191 1667 1268 1732 VIII,

127 1732 399 1800 renteWesselingio
414 1734 578 1787 Sobaeferns
591 1744 676 1788 muta·
727 1741 770 1790 71.
786 1739 877 1789 Valer.
895 1738 1008 1789 Maxim.
1026 1738 1079 1800 IV,
1099 1738 1125 1788 6.
1143 1739 1161 1786 4
1178 1734 1268 1802 (quern

127 1808 171 1855 vit
185 1806 215 1853 in
227 1797 276 1868 δὴ,
295 1805 421 1870 qnodque
432 1807 556 1856 revocari
568 1822 676 1873 qnoque
728 1825 761 1859 ex
778 1808 917 1858 Herodoto
936 1822 986 1857 sua
1007 1806 1134 1857 hausisse
1151 1807 1211 1856 reri
1227 1811 1270 1856 est

127 1873 191 1925 vult
209 1871 312 1924 Herold
333 1874 491 1926 Emendatt.
512 1876 632 1927 Herodd.
652 1877 676 1928 I.
727 1875 916 1941 simillimum).
928 1876 1018 1926 Sohol.
1030 1875 1268 1940 adPindar.Pyth.

128 1959 195 2011 pag.
210 1943 250 1993 14.
271 1943 403 2007 Equidem
415 1960 476 1994 cum
488 1949 602 1995 recentt.
614 1946 676 1997 edd.
727 1949 775 2012 IV,
782 1946 816 1998 88
828 1953 855 1996 et
865 1946 1045 2010 copiosiorem
1055 1943 1196 1996 Plutarchi
1209 1960 1269 1994 nar-

128 2011 275 2074 voculam,
292 2026 363 2075 quae
381 2014 454 2064 haud
468 2016 623 2066 necessarIa
635 2017 677 2065 vi·
726 2019 861 2068 rationem
878 2015 948 2080 Opp.
968 2016 1006 2066 11.
1028 2031 1053 2079 p.
1075 2017 1141 2077 217,
1162 2013 1196 2064 ab
1215 2015 1269 2064 He·

130 2085 226 2141 detur,
240 2096 350 2146 prorsus
363 2083 462 2136 abieci.
725 2087 840 2138 rodotea
860 2087 889 2135 in
907 2085 1068 2150 quibusdam
1089 2083 1269 2146 recedentem,

166 2143 225 2201 ὑπὸ
235 2150 386 2215 Πελασγῶν
397 2152 452 2201 τῶν
466 2144 496 2202 ἐκ
507 2150 676 2216 Βραυρῶνος
726 2172 795 2223 quoe
815 2161 944 2207 accurate
960 2155 1086 2205 enotavit
1097 2152 1225 2205 Lareher.
1241 2155 1269 2203 iu

129 2215 308 2287 ληῖσᾱμένω*
332 2216 384 2280 τὰς
401 2213 560 2287 Ἀθηναίων
580 2224 676 2287 γυναῖ-
727 2233 794 2279 nota
804 2226 839 2276 ad
850 2227 877 2277 h.
890 2225 908 2275 l.
930 2226 1005 2287 Quae
1018 2225 1078 2290 lpse
1091 2222 1200 2290 singula
1211 2238 1269 2288 per-

129 2289 196 2356 ειας]
219 2292 341 2343 Brauron
357 2292 467 2343 Atticae
486 2298 529 2344 est
547 2292 676 2358 oppidum
728 2298 807 2362 sequi
829 2296 875 2346 hic
901 2310 956 2345 non
979 2299 1076 2357 vacat,
1104 2310 1157 2344 uec
1181 2293 1270 2358 magis

128 2378 186 2413 non
199 2359 295 2426 procul
310 2361 345 2411 ab
355 2362 486 2426 Hymetto
499 2376 678 2413 mareversus
728 2382 858 2432 quaerero
877 2366 993 2428 attinet,
1011 2380 1077 2425 enr,
1098 2365 1143 2430 qni
1166 2366 1272 2427 Pelaspr'

130 2433 230 2491 sitnm3
250 2429 298 2479 ubi
308 2447 393 2495 nunc,
409 2437 502 2483 vetera
516 2433 616 2496 oppido
631 2432 678 2482 du·
729 2439 757 2486 in
772 2436 824 2488 hae
842 2434 1002 2485 narratione
1021 2434 1210 2500 appellantur,
1235 2432 1270 2482 ab

131 2501 196 2551 dnm
207 2499 307 2562 deleto,
317 2502 521 2565 Ροὶοεοὶναοιιο,
533 2500 677 2567 pauloma·
727 2506 792 2556 aliis
809 2509 940 2557 vocentur
957 2501 1090 2571 Tyrrheni.
1121 2504 1182 2554 Hoc
1198 2502 1270 2555 enim

131 2574 176 2637 gis
189 2571 358 2623 occidentem
375 2588 408 2622 ae
419 2572 559 2623 meridiem
570 2586 677 2623 versus·
728 2577 847 2627 alienum
865 2575 988 2625 ducimus
1007 2575 1042 2624 ab
1058 2574 1138 2625 huius
1159 2573 1214 2624 loci
1230 2574 1271 2623 in·

134 2642 190 2701 Qui
198 2640 276 2690 locus
285 2642 348 2692 olim
360 2642 476 2707 insignis
488 2643 559 2693 testo
572 2643 677 2692 Dianae
727 2645 935 2709 terpretatione.

132 2710 284 2772 Tauricae,
310 2727 379 2776 qnae
400 2712 464 2763 inde
488 2713 572 2762 stiam
591 2714 677 2761 Brau-
762 2707 884 2779 ἱζόμενοι
903 2706 934 2762 dl
953 2702 984 2760 ἐν
1002 2708 1040 2776 τῷ
1058 2703 1201 2775 Τηϋγέτῳ]
1218 2710 1270 2759 Ρεο

132 2780 231 2831 roniae
254 2795 352 2832 nomen
377 2787 523 2847 acceperat
545 2783 677 2846 cuiusque
729 2775 849 2850 ἱζόμενοι
867 2783 896 2833 iu
915 2780 1054 2833 Sanerofti
1072 2779 1141 2829 libro
1159 2784 1186 2829 et
1204 2778 1271 2828 duo-

132 2849 264 2914 templnm
283 2850 406 2901 nonnthil
420 2858 553 2902 remotum
564 2852 600 2901 ab
612 2850 678 2902 urbe
727 2857 778 2905 bns
791 2854 854 2903 aliis
864 2852 1002 2904 invenitur
1011 2839 1142 2914 ἑζόμενοι.
1163 2849 1206 2897 De
1218 2864 1271 2913 quo

133 2919 247 2985 propius
271 2919 361 2984 ipsum
384 2935 457 2971 mare
483 2923 564 2971 sitnm
592 2921 678 2970 fulsss
728 2923 1053 2989 Schweighcomparans
1067 2918 1218 2970 hoslocos:
1232 2918 1271 2980 11,

131 2989 299 3056 perhibetur.
328 2990 390 3041 Huc
401 2992 474 3040 enim
484 2992 653 3056 iphigeniam
664 3005 678 3040 e
732 2993 789 3044 113.
804 2994 857 3055 111,
869 2992 912 3043 64.
923 2992 966 3042 66.
977 2990 1025 3051 lv,
1039 2989 1088 3040 165
1103 2989 1143 3037 ita
1155 3002 1272 3053 pronun-

133 3058 255 3111 Tanrica
274 3063 349 3110 terra
364 3060 522 3112 redeuntem
542 3059 681 3124 appulisse
730 3065 798 3125 tint,
818 3066 849 3112 ut
861 3055 973 3119 ἕζεσθαι
986 3058 1094 3109 dicatur
1110 3057 1143 3109 de
1157 3060 1271 3122 εἰπμοὶἰε,

132 3127 261 3180 ferebant
277 3130 331 3178 unt
341 3144 402 3179 cum
414 3131 522 3180 Dianae
536 3134 630 3179 statne
640 3131 680 3178 in·
731 3131 844 3194 ἵζεσθαι
858 3131 891 3180 de
908 3131 1061 3181 multitudine
1074 3128 1206 3189 dominum,
1225 3129 1273 3191 qui

133 3198 350 3263 doqueAthenus
361 3200 481 3264 petiisse.
492 3199 679 3250 PluruKruset
731 3202 834 3253 alieubi
846 3200 999 3269 considant.
1031 3197 1110 3259 Quod
1126 3198 1272 3246 discrimen

133 3267 231 3319 Hellas
243 3267 280 3329 11,
293 3268 315 3318 1.
324 3284 384 3333 pag.
395 3270 447 3319 ‘258
457 3285 514 3333 seq.
527 3268 605 3319 Conl.
617 3283 681 3333 quo·
730 3287 840 3334 vereor,
860 3274 892 3319 ut
907 3276 982 3321 staro
1003 3269 1098 3332 possit.
1131 3266 1208 3316 Intra
1225 3266 1272 3328 IV,

133 3354 187 3405 qne
202 3352 286 3402 snpra
299 3338 335 3387 ad
345 3338 393 3401 1v,
408 3338 458 3390 103
471 3339 565 3390 allata.
591 3340 681 3404 Atque
733 3342 784 3394 145
801 3355 896 3392 omnes
909 3339 972 3389 libri
986 3337 1145 3402 conspirant
1159 3337 1188 3385 in
1202 3331 1273 3396 ἱζον-

134 3424 182 3474 per
197 3406 280 3458 buius
295 3406 361 3457 sesti
375 3412 609 3473 opportunitatem
625 3409 681 3459 vir·
731 3427 777 3473 το,
798 3411 922 3474 idemque
934 3411 1017 3459 stiam
1028 3406 1177 3471 repositum
1193 3405 1221 3454 in
1233 3420 1273 3454 re-

134 3480 215 3544 gines
228 3476 296 3526 illud
307 3476 476 3529 celebrantes
490 3479 611 3543 Pelasgi,
624 3479 681 3542 lly-
729 3482 812 3547 qunis
828 3479 897 3529 locis
914 3493 996 3542 supra
1013 3475 1133 3527 laudatis
1147 3474 1273 3539 aliisque,

136 3547 218 3598 metti
228 3546 349 3606 accolae,
363 3563 411 3611 per
421 3548 534 3599 insidias
547 3546 681 3612 simulque
730 3566 799 3615 quos
811 3549 890 3598 effert
902 3548 1017 3598 Bredov.
1030 3562 1055 3610 p.
1064 3546 1125 3598 317.
1152 3544 1202 3594 Cui
1214 3558 1273 3593 ver·

137 3619 221 3669 etiam
239 3615 352 3667 ultionis
371 3618 521 3681 capiendae
536 3632 621 3667 cansa
639 3631 680 3665 ra·
731 3620 766 3669 bo
783 3618 855 3682 quod
869 3618 895 3669 h.
908 3617 925 3666 1.
938 3617 1039 3667 Noster
1050 3614 1186 3665 adstruxit
1197 3627 1274 3676 prae·

135 3688 230 3754 puisse
248 3686 433 3751 Lemnumque
448 3686 495 3751 (ab
508 3686 680 3737 Atheniensi·
731 3689 895 3753 positionem
913 3678 959 3750 ἐν,
979 3683 1050 3733 idem
1062 3682 1134 3731 intra
1146 3683 1200 3741 IV,
1216 3681 1274 3733 146.

136 3759 188 3807 bns
202 3757 330 3806 nimirum
345 3771 406 3807 cum
424 3758 504 3808 eiecti
521 3754 622 3817 essent)
636 3755 682 3803 ab·
732 3756 784 3808 148
812 3755 941 3806 adhibuit
974 3751 1203 3817 praepositionem
1236 3740 1273 3813 ἒς,

137 3826 249 3877 duxisse
269 3830 427 3889 narrantur,
454 3830 525 3878 teste
541 3825 682 3875 Herodoto
733 3841 812 3893 quam
831 3825 943 3875 eandem
966 3821 1088 3873 additam
1105 3821 1228 3870 videmus
1251 3821 1274 3882 1,

137 3897 186 3960 VI,
198 3895 263 3955 138;
283 3911 337 3960 qua
349 3897 377 3946 in
389 3897 479 3947 insula
490 3898 537 3960 qui
546 3894 609 3945 olim
621 3910 682 3943 oon·
734 3897 776 3946 14.
792 3897 844 3957 111,
858 3897 898 3946 14.
910 3893 954 3955 64,
968 3889 1163 3943 ubic1.laudd.
1186 3891 1275 3953 Atque

138 3965 267 4016 sederant
276 3965 386 4031 Minyae
394 3966 581 4031 Argonautae,
593 3964 628 4014 ab
639 3965 685 4013 iis·
732 3966 776 4016 vel
789 3956 844 4029 ἐπὶ,
858 3967 989 4029 sequente
1002 3961 1172 4021 accusativo,
1183 3961 1210 4009 in
1223 3958 1275 4009 hac

140 4036 199 4086 dem
216 4034 340 4099 Pelasgis
361 4035 434 4101 pulsi
451 4035 684 4087 Lacedaemonem
733 4041 872 4087 structura
882 4035 1011 4085 Nostrum
1022 4031 1147 4095 posuisse
1157 4029 1276 4079 vidimus

140 4122 169 4157 se
186 4106 357 4157 convertisse
378 4105 513 4157 dicuntur.
543 4105 685 4168 Argonau·
733 4105 771 4164 11,
785 4106 828 4165 55,
840 4105 887 4155 ubi
899 4104 934 4154 οἱ.
951 4101 1044 4152 laudd.
1071 4101 1162 4164 Ipsum
1175 4099 1276 4150 monile

140 4182 185 4227 tae
206 4174 278 4225 enim
295 4175 426 4226 Lemnum
445 4177 493 4227 ubi
511 4174 685 4241 appulerunt,
737 4177 843 4242 Ταμμεὶι·
858 4189 956 4225 nomen
967 4171 1071 4237 triplici
1085 4185 1182 4236 genere
1201 4168 1277 4219 adhi-

140 4243 283 4295 mnlierum
302 4246 527 4309 rempublicam,
546 4260 627 4310 quam
646 4244 684 4293 ibi
734 4247 821 4295 bttum
836 4245 909 4309 apud
923 4247 1031 4295 veteres
1050 4241 1168 4292 inveniri
1185 4241 1277 4289 monet

141 4314 323 4366 constitutam
334 4321 508 4380 repererant,
520 4314 625 4365 maritis
637 4328 684 4378 per
735 4314 867 4380 Stephon.
880 4315 947 4378 Byr.
960 4328 982 4362 s.
998 4329 1026 4362 v.
1054 4310 1157 4361 Eodem
1168 4323 1276 4375 genere,

140 4399 256 4436 uxorum
287 4386 405 4437 furorem
438 4384 591 4436 interfectis
616 4383 685 4433 indi·
735 4401 789 4450 quo
800 4384 909 4447 Noster,
918 4397 1016 4433 nomen
1025 4380 1168 4446 proterunt
1178 4378 1277 4430 Strabo
