3042 5125
421 369 746 430 MELPOMENE.
773 371 826 431 [v.
853 381 1016 434 ret—183.
1225 372 1287 434 629

149 559 237 641 ρέων
250 552 350 642 ὁδοῦ,
364 556 510 638 κολωνός
524 585 560 626 τε
570 554 649 638 itte
662 562 730 628 ἐστι
744 554 857 648 ὁμοῖος
870 565 918 651 τῷ
929 557 1103 654 Ἀμμωνίῳ
1117 566 1172 632 καὶ
1182 559 1287 652 ὕδωρ,

149 661 204 727 καὶ
218 656 396 746 ἅνθρωποι
408 661 485 748 περὶ
503 658 608 730 αὑτὸν
621 666 784 731 οἰκέουσι·
812 668 859 754 τῷ
874 661 910 732 δὲ
922 662 1019 752 χώρῳ
1035 665 1141 755 τούτῳ
1160 662 1287 754 οὕνομα
1373 654 1377 663 ’

151 761 283 850 Aipolioi
297 766 376 831 ἐστι.
413 762 445 842 ἐς
459 769 579 832 τοῦτον
593 761 652 833 τὸν
671 769 782 853 χῶρον
796 770 832 834 ci
841 770 1050 854 Νασαμῶνες
1064 764 1287 853 ὀπωριεῦντες
1385 853 1388 858 ¹

150 865 229 945 τούς
242 873 397 952 φοίνικας
410 869 592 953 φοιτέουσι.
633 864 710 935 Ἀπὸ
730 867 767 937 δὲ
780 864 957 955 Αὐγίλων,
973 867 1028 938 διὰ
1042 874 1122 940 δέκα
1136 866 1286 958 ἡμερέων
1296 877 1355 939 183

150 1032 251 1082 moniis
265 1046 287 1081 s.
299 1031 391 1081 Siwah
404 1032 535 1098 proiectis
553 1048 626 1084 nnnc
643 1039 697 1085 tre·
746 1049 795 1084 cus
814 1034 912 1099 palmis
931 1034 1073 1085 abundans
1092 1050 1191 1099 aquam
1208 1036 1288 1085 unico

150 1100 240 1152 decim
259 1100 318 1150 dies
331 1103 455 1152 consumi
475 1108 573 1153 notant
595 1103 647 1154 boc
667 1104 696 1153 in
746 1103 863 1168 alonte,
878 1104 1030 1155 cuinomen
1043 1104 1173 1167 Sibilleh,
1192 1119 1288 1168 prore-

131 1169 259 1232 ‘itinere,
276 1170 348 1235 quod
358 1171 576 1235 Hornemannus,
588 1174 696 1238 expedi·
744 1173 865 1224 nientem
880 1174 994 1238 praebet
1013 1174 1176 1239 unicumque
1192 1173 1288 1223 collem

150 1239 276 1290 tissimus
286 1240 696 1305 peregrinator,nooemabsolvit
746 1243 775 1291 in
793 1247 849 1293 tam
865 1241 956 1307 ampla
972 1242 1101 1307 planitie,
1125 1241 1287 1292 salinarium

151 1309 263 1370 diebus,
289 1325 349 1359 eum
367 1310 480 1375 triginta
500 1327 547 1360 sex
572 1312 698 1363 dicantur
745 1311 825 1377 plane
843 1317 874 1361 nt
891 1314 1046 1363 Ammoniou
1069 1310 1161 1362 colles.
1198 1312 1288 1377 Atque

148 1394 211 1430 esse
226 1377 356 1429 milliaria
373 1380 567 1445 geographica.
592 1382 696 1433 Arabes
744 1383 835 1447 ipsum
847 1397 959 1442 nornen,
980 1382 1051 1446 quod
1062 1382 1161 1431 haecce
1171 1382 1245 1430 casis
1259 1388 1287 1431 et

148 1447 298 1513 scriptores
313 1448 425 1499 eandem
441 1454 525 1515 atque
538 1451 694 1501 Herodotus
743 1451 899 1516 antiquiore
920 1455 948 1501 et
968 1451 1118 1500 recentiore
1137 1464 1205 1499 aevo
1220 1449 1289 1499 obti-
1366 1509 1368 1514 ι

147 1520 235 1569 decem
258 1516 361 1568 dierum
381 1533 535 1570 mensnram
559 1518 692 1584 indicant,
744 1519 961 1583 nuit,declarare
972 1535 1033 1585 oper
1044 1521 1185 1579 suiciaco,
1195 1520 1223 1567 in
1236 1519 1288 1568 lin-

148 1603 182 1637 cx
202 1586 285 1652 vulgo
304 1590 429 1652 recepta,
444 1593 475 1638 ut
491 1590 614 1652 videtur,
632 1605 694 1641 sen·
743 1606 798 1656 gua
813 1590 1002 1654 indigenarum
1021 1588 1177 1639 observavit
1194 1588 1287 1653 Hodg·

147 1657 253 1718 tentiA,
275 1672 328 1721 qna
343 1656 485 1708 decennali
502 1673 612 1708 numero
625 1659 693 1709 talia
744 1674 804 1710 son.
824 1660 981 1710 Transactt.
1008 1656 1038 1707 oi
1062 1657 1177 1707 Americ.
1202 1656 1287 1720 philo·

147 1726 303 1776 constituta
314 1731 414 1777 essent.
429 1727 471 1776 cf.
479 1728 694 1779 Heerenzldeen
744 1728 821 1791 soph.
841 1727 948 1791 society
964 1724 1025 1775 Vol.
1046 1726 1101 1787 lV,
1118 1727 1141 1776 1.
1159 1740 1221 1790 pag.
1244 1724 1285 1775 10.

147 1796 186 1856 11,
201 1796 225 1846 l.
237 1810 264 1860 p.
275 1797 335 1857 222,
349 1796 453 1846 Ritter:
467 1797 549 1846 Erdk.
561 1798 584 1848 1.
597 1814 623 1860 p.
632 1798 693 1848 895.
779 1790 807 1853 ἐς
821 1794 921 1844 τοῦτον
938 1786 987 1843 τὸν
1005 1791 1097 1857 χῶρον
1107 1787 1137 1842 οἷ
1148 1791 1286 1858 Νασαμῶ-

147 1864 228 1926 Quod
242 1864 372 1915 continuo
390 1871 615 1916 commemoretur
627 1865 695 1916 salis
744 1881 791 1923 νες
803 1858 990 1928 ὀπωριεῦντες
1002 1879 1027 1911 κ.
1035 1878 1056 1911 τ.
1065 1861 1098 1928 A]
1113 1863 1213 1912 Eadem
1225 1878 1285 1926 cap.

147 1932 238 1994 collis,
253 1933 431 1995 iaciunthuc,
446 1950 517 1999 quaa
527 1934 562 1984 ad
573 1934 690 1999 capidi
745 1936 803 1986 172.
829 1932 1059 1996 Quemadmodum
1071 1933 1141 1982 enirn
1155 1934 1288 1982 Nasamo-

147 2004 306 2054 nctavimus
319 2019 334 2053 e
346 2003 483 2055 Minntclii
496 2005 600 2055 Diaric.
741 2020 799 2066 nes,
810 2003 898 2067 Syrtis
909 2002 1031 2064 accolae,
1042 2000 1111 2051 haec
1120 2002 1148 2050 in
1157 2001 1219 2051 loca
1228 2015 1286 2051 ces-

184 2061 300 2138 Αὔγιλα]
319 2074 365 2122 Ita
382 2072 504 2138 plerique
523 2072 585 2123 libri
601 2076 628 2122 et
640 2072 692 2122 hoc
742 2075 813 2124 sisse
825 2076 972 2122 narrentur
989 2069 1122 2135 palmulas
1135 2069 1285 2130 collecturi,

149 2143 212 2193 loco
227 2147 254 2193 et
267 2157 329 2207 cap.
348 2143 406 2193 172.
438 2142 492 2193 Alii
504 2139 609 2206 Αἴγιλα.
633 2141 694 2192 Sta·
742 2145 782 2193 ita
794 2142 943 2192 etiamnum
956 2139 1052 2190 iisdem
1066 2138 1173 2201 elocis,
1187 2139 1293 2204 quibus,

149 2212 384 2277 phanusByzant.
401 2202 517 2274 Αὔγιλα,
530 2202 693 2273 οὐδετέρως,
741 2212 862 2276 Bengasi
884 2226 996 2272 nornen,
1020 2209 1122 2259 Arabes
1146 2208 1286 2259 discedere

149 2272 231 2338 πόλις
243 2274 357 2348 Λιβύης.
380 2281 567 2332 PliniusHist.
579 2282 644 2330 Nat.
658 2281 692 2343 V,
742 2281 856 2347 Augila,
885 2279 933 2330 ubi
959 2280 1121 2330 frumentum
1149 2282 1287 2342 exponant

147 2354 174 2402 4.
194 2354 219 2413 ἕ.
240 2351 282 2399 27.
311 2351 441 2416 ,,Ανρι“1αε
457 2350 512 2415 ipsi
530 2351 617 2401 medio
636 2349 693 2400 sere
743 2350 896 2415 incolisque
917 2350 1053 2410 vendant,
1071 2347 1199 2397 observat
1216 2347 1286 2397 Hee-

146 2421 242 2485 spatio
256 2418 382 2470 locantur
393 2420 427 2470 ab
441 2419 600 2484 Aethiopia,
624 2434 693 2484 quae
743 2419 879 2481 ren.ll,2.
894 2434 919 2483 p.
927 2420 987 2468 222.
1002 2419 1061 2479 Quo
1071 2418 1165 2467 eodem
1177 2431 1286 2466 monen-

150 2491 186 2539 ad
202 2489 371 2540 occidentem
383 2493 487 2555 vergit,
503 2494 530 2538 et
543 2505 559 2538 a
572 2491 693 2554 regione,
744 2496 772 2541 te
789 2488 879 2538 adhuc
899 2489 987 2538 iorum
1006 2485 1062 2536 illic
1075 2491 1116 2537 est
1134 2501 1287 2550 magnaque

147 2575 221 2625 quae
248 2559 316 2609 duas
345 2559 434 2625 Syrtis
464 2560 608 2609 interiacet
634 2558 693 2622 pari
743 2557 921 2625 palmularum
935 2565 963 2607 ct
974 2556 1055 2621 copia
1069 2561 1096 2607 et
1106 2556 1286 2621 praestantia,

147 2631 285 2692 utrimque
305 2629 479 2680 intervallo.“
510 2628 588 2680 Ocni.
610 2629 692 2679 etiam
742 2628 813 2680 unde
827 2627 945 2692 amplum
955 2627 1151 2687 commercium,
1166 2641 1227 2675 cum
1240 2625 1287 2674 du-

147 2699 222 2750 Mela
239 2699 267 2760 1,
287 2698 304 2749 8
321 2703 349 2749 et
361 2699 416 2749 vid.
430 2699 543 2749 Salmas.
558 2698 593 2748 ad
607 2697 693 2748 Solin.
743 2698 805 2764 plex
818 2713 912 2747 aarum
925 2710 1033 2760 quoque
1043 2710 1114 2743 anno
1123 2695 1161 2743 sit
1171 2708 1286 2758 proven-

147 2784 212 2833 pag.
231 2768 281 2818 292
300 2773 326 2816 et
341 2768 494 2818 Tzachuck.
513 2766 548 2817 ad
562 2769 693 2831 Pompon.
743 2762 1285 2819 tusExaliorumdiariisrelertltenncl.

147 2837 213 2891 Mel.
227 2837 293 2899 1‚8.
310 2840 334 2900 ξ.
348 2838 374 2887 8.
393 2854 419 2901 ρ.
433 2836 556 2889 233v01.
572 2837 623 2888 ΙΙΙ,
636 2838 667 2886 Ρ.
681 2835 694 2885 Ι
743 2835 788 2888 1.1.
803 2852 865 2901 pag.
876 2834 937 2895 656,
952 2833 1056 2900 palmas
1068 2831 1285 2897 planitieiliega-

147 2911 219 2958 nott.
239 2921 334 2970 exegg.
354 2907 462 2957 Etenim
481 2907 521 2956 sic
536 2905 635 2956 dicitur
647 2905 695 2954 ad·
743 2906 789 2957 bib
797 2922 806 2968 ,·
827 2920 897 2970 quae
923 2904 958 2953 ab
978 2901 1083 2967 Augilis
1105 2902 1140 2951 ad
1161 2915 1286 2951 occasum

148 2977 202 3027 buc
215 2976 290 3026 casis
305 2977 333 3025 in
345 2976 440 3027 mediis
461 2974 577 3026 desertis
592 2976 694 3040 optime
741 2977 815 3026 iacet
824 2976 944 3041 quinque
954 2972 1056 3023 dierum
1066 2971 1163 3021 itinere
1173 2975 1287 3032 remota,

147 3047 232 3096 culta.
246 3045 293 3096 ubi
307 3045 512 3110 peregrinantes
526 3060 574 3109 per
584 3045 694 3095 deserta
744 3062 761 3096 a
775 3052 871 3110 gente,
887 3058 957 3109 quae
969 3040 1003 3091 ad
1019 3057 1093 3092 oram
1107 3041 1200 3091 Derna
1212 3038 1288 3088 habi-

149 3117 270 3181 quietem
307 3117 557 3179 recreationemque
589 3129 695 3164 sumere
743 3120 800 3178 tat,
820 3113 928 3179 colligi,
946 3127 1020 3162 more
1038 3113 1108 3162 satis
1128 3125 1189 3160 cum
1200 3110 1288 3159 Hero·

148 3185 254 3247 solent,
270 3183 325 3235 loci
340 3188 440 3234 natura
455 3183 601 3248 indoleque
615 3183 694 3233 mini·
743 3185 831 3236 doteis
848 3186 1024 3249 congruente.

150 3271 193 3306 me
207 3270 278 3304 nunc
300 3259 414 3304 mutata.
439 3254 533 3303 Adbuc
553 3258 693 3316 quattuor,

150 3331 214 3386 aut,
233 3330 265 3373 ut
280 3323 407 3373 Minutoli
423 3323 494 3383 vult,
513 3322 568 3371 dno
586 3327 694 3372 tantum
888 3353 944 3403 cu,
974 3351 1138 3403 CLXXXII,

151 3393 248 3444 iubae
267 3395 340 3455 oasi,
358 3408 428 3457 qnae
447 3393 481 3442 ad
493 3391 694 3455 Tripolitanum
947 3391 952 3401 ’
1141 3389 1147 3401 “

148 3463 267 3515 refertur
279 3462 422 3525 ditionem,
436 3462 641 3525 conspiciuntur
654 3463 695 3512 vi·
781 3449 829 3505 διὰ
848 3450 917 3504 δέκα
936 3446 1071 3521 ἡμερέων]
1094 3453 1182 3503 Plinio
1206 3455 1287 3514 teste,

150 3536 315 3598 ci,qucrum
327 3531 436 3583 incolae
450 3531 553 3581 Arabes
569 3532 667 3595 partim
680 3546 695 3580 e
743 3525 804 3576 loco
815 3539 898 3590 snpra
910 3524 1031 3585 laudato,
1042 3527 1106 3573 sunt
1119 3522 1287 3583 „Garaman-

149 3602 313 3653 commercio
324 3601 533 3666 partimelargo
544 3600 696 3666 palmarum
746 3599 788 3645 tes
811 3594 846 3643 ab
865 3591 970 3657 Augilis
992 3591 1093 3641 dierum
1113 3591 1167 3639 XII
1190 3590 1286 3638 itinere

149 3676 285 3736 proventu
296 3672 434 3722 victitant.
465 3670 549 3719 Plura
562 3669 695 3720 Schlicht-
746 3662 918 3721 distantes“;
931 3661 1002 3725 quod
1015 3660 1106 3709 verius
1119 3659 1201 3707 habet
1212 3659 1287 3705 Man-

149 3742 237 3791 borst.
250 3741 268 3789 l.
279 3740 298 3792 l.
313 3757 375 3805 pag.
396 3740 455 3800 155,
470 3741 603 3789 dlannert.
616 3740 654 3798 X,
668 3739 694 3789 2.
743 3737 813 3783 nert.
827 3732 861 3793 X,
872 3732 897 3782 2.
910 3746 935 3794 p.
956 3730 1012 3780 161.
1041 3728 1173 3792 Equidem
1185 3730 1288 3775 utrum-

151 3811 217 3873 181,
238 3810 365 3861 Minutoli
388 3810 407 3861 l.
424 3808 442 3859 1.
467 3825 531 3873 pag.
553 3811 601 3859 172
625 3824 693 3872 seq,
743 3818 797 3868 que
816 3814 955 3851 numerum
981 3796 1158 3863 probabiliter
1180 3800 1287 3845 tautum

149 3881 271 3930 Heeren:
284 3878 326 3930 Id.
336 3881 374 3941 II,
387 3881 409 3929 l.
424 3879 544 3943 pagttl
558 3893 625 3941 seq,
637 3879 695 3926 liit—
745 3873 828 3933 sumi,
843 3886 904 3920 curn
916 3866 1047 3918 Rennelio
1059 3865 1152 3916 malim
1166 3869 1292 3917 statuere

151 3956 209 4002 ter:
222 3949 306 4000 Erdlr.
319 3949 342 3999 1.
355 3965 416 4014 pag.
432 3948 483 3999 986
499 3952 527 3997 et
541 3947 617 4008 1011,
636 3946 696 3996 lde-
745 3958 772 4007 p.
787 3941 848 3992 657.
874 3942 910 3989 At
930 3939 1016 3988 maior
1033 3937 1155 3987 exoritur
1172 3933 1288 3983 difficul-

149 4018 420 4083 lertFundgr.d.Or.
428 4020 476 4069 IV.
484 4032 547 4082 pag.
556 4015 616 4068 398.
627 4016 696 4066 Add.
745 4018 808 4072 tas,
824 4026 884 4060 cum
902 4008 973 4073 qnod
993 4009 1064 4057 inter
1077 4004 1175 4070 Augila
1194 4009 1221 4053 et
1234 4004 1289 4054 Ga·

150 4089 368 4141 recentissimum
391 4088 620 4153 peregrinatorum
644 4087 698 4135 Pa·
746 4083 900 4131 ramentum
914 4084 1012 4128 terram
1031 4075 1061 4141 (i.
1076 4092 1099 4126 e.
1116 4072 1235 4137 l‘ezzan)
1249 4073 1289 4121 in-

150 4159 202 4210 cho
215 4159 256 4208 in:
269 4159 382 4223 Voyage
394 4158 463 4208 dans
475 4156 503 4206 la
514 4156 696 4219 Marmarique
747 4154 833 4200 terest
855 4147 989 4214 spatium,
1009 4146 1121 4195 nimium
1140 4158 1289 4207 saneqnam

151 4233 204 4280 etc.
218 4244 245 4292 p.
254 4229 307 4278 272
320 4243 395 4292 seqq.
404 4227 465 4277 277.
478 4242 503 4291 p.
515 4225 575 4286 280,
587 4224 634 4274 ubi
643 4225 698 4274 He·
747 4218 935 4285 perhibeatur,
949 4232 1029 4282 quam
1044 4215 1115 4280 quod
1129 4213 1220 4264 decem
1233 4211 1289 4261 die-

150 4298 243 4349 rcdoti
262 4297 448 4347 testimouium
474 4311 534 4345 cum
555 4295 606 4355 iis,
629 4308 697 4359 quae
747 4306 806 4339 rum
827 4289 918 4354 spatio
939 4286 1037 4337 confici
1050 4289 1147 4350 queat,
1165 4278 1289 4363 cumrel

151 4367 243 4418 adhuc
253 4366 293 4416 ibi
301 4368 482 4431 reperiuntur,
497 4367 624 4415 accurate
634 4378 697 4412 con·
748 4360 958 4409 Hornemannus
969 4356 1031 4416 ille,
1051 4369 1128 4419 quem
1145 4350 1290 4431 expeditis-

151 4438 247 4488 venire
259 4436 388 4487 affirmat.
415 4436 540 4500 Namque
558 4431 699 4482 adhuclo·
750 4429 846 4478 simum
868 4427 948 4477 modo
968 4426 1084 4475 diximus
1105 4423 1289 4486 peregrinato-
