3042 5125
216 406 257 468 52
655 398 928 461 HERODOTI

219 595 439 679 σκευάζεσθαι
459 595 492 676 ἐξ
506 588 609 661 ὑέλου
622 589 735 681 τρόπῳ
748 592 887 681 τοιῷδε·
911 583 1016 656 tuscia
1032 583 1092 654 τὸν
1105 583 1230 676 νεκρὸν
1246 588 1360 674 ἰσχνή-

219 720 323 785 νωσι,
345 707 412 767 εἴτε
427 695 468 785 δὴ
484 696 633 783 κατάπερ
654 690 836 778 Αἰγύπτιοι
858 698 924 758 εἴτε
938 688 1048 770 ἄλλοις
1063 716 1147 775 κως,
1178 689 1361 776 γυψώσαν-

220 830 274 883 τες
293 798 424 870 ἅπαντα
439 798 542 868 αὐτὸν
562 801 677 886 γραφῇ
699 796 897 883 κοσμέουσι,
923 796 1150 882 ἐξομοιεῦντες
1170 791 1208 862 τὸ
1221 791 1310 872 εἶδος
1330 794 1365 871 ἐς

219 903 258 975 τὸ
271 901 435 989 δυνατὸν,
457 909 570 972 ἔπειτα
586 903 626 969 δέ
638 904 673 969 οἱ
692 903 881 985 πεμιῑστᾶσι
896 898 1021 986 στήλην
1042 900 1075 978 ἐξ
1095 891 1199 966 ὑέλου
1222 921 1363 984 aesosq-

220 1011 327 1098 μένην
340 1014 473 1094 κοίλην·
497 1002 573 1094 ἡδέ
585 1024 646 1092 σφι
661 999 767 1091 πολλὴ
784 1003 838 1070 καὶ
854 997 990 1091 εὐεργὸς
1003 997 1191 1089 ὀρύσσεται.
1223 1003 1261 1069 ἐν
1279 1001 1365 1089 μέσῃ

222 1112 259 1181 δέ
279 1116 319 1200 τῇ
333 1109 435 1199 στήλῃ
451 1107 557 1178 ἐνεὼν
576 1112 791 1193 διαφαίνεται
805 1102 823 1174 ὁ
836 1107 953 1191 νέκυς,
979 1102 1057 1173 οὔτε
1075 1101 1183 1193 ὀδμὴν
1202 1100 1366 1192 οὐδεμίαν

221 1281 250 1329 iu
274 1275 437 1343 quibusdam
459 1274 622 1339 Aethiopiae
643 1273 768 1338 partibus

221 1347 368 1415 proveniat
380 1351 407 1395 at
420 1360 453 1395 cx
464 1344 566 1395 nativis
577 1348 686 1393 sscstnr
695 1357 770 1393 mon-

222 1418 310 1479 tibus,
322 1415 446 1481 quodqus
455 1416 483 1464 in
492 1414 580 1464 lucem
590 1412 697 1479 quaudo
707 1427 770 1477 pro-

223 1487 310 1536 latum
323 1486 374 1546 sit,
391 1486 431 1533 ita
442 1485 583 1544 durescat,
597 1488 628 1532 ut
640 1482 674 1532 ab
686 1483 769 1546 impe·

223 1556 284 1605 ritis
299 1570 348 1620 pro
361 1554 432 1603 vitro
449 1554 544 1605 haberi
563 1554 660 1618 possit.
697 1550 768 1605 Add.

223 1625 404 1690 Bronguiart:
424 1622 520 1674 'l'raitd
532 1622 610 1674 elam.
626 1621 659 1672 de
671 1621 768 1670 Miner.

224 1696 256 1745 T.
266 1695 289 1744 1.
299 1708 326 1758 p.
336 1694 395 1745 144.
421 1694 458 1742 Et
471 1710 503 1744 οο
520 1690 718 1757 quodammodo
731 1691 770 1738 in-

223 1764 308 1814 clinat
322 1762 410 1813 Italus
429 1764 583 1827 interpres,
604 1759 717 1811 multum
736 1759 770 1809 dc

224 1832 250 1883 h.
263 1832 280 1882 l.
294 1833 448 1897 disputans.
466 1832 510 1881 Ad
521 1830 697 1894 Wcsseliugii
708 1845 770 1879 son·

224 1904 339 1952 tentiam
356 1906 530 1952 accesserunt
545 1900 665 1966 plerique
678 1914 770 1950 racon-

224 1972 323 2034 tioras‚
343 1972 377 2021 de
390 1970 457 2022 salis
473 1970 577 2021 fossilis
591 1985 690 2036 genere
705 1984 772 2034 quo·

224 2042 287 2092 dam
299 2041 343 2090 hic
355 2041 530 2107 cogitandum
543 2055 602 2091 esse
614 2040 682 2101 rati,
701 2037 773 2088 Boh·

224 2110 282 2162 lau:
297 2111 354 2161 Das
367 2110 423 2161 alta
438 2110 590 2160 indiculi.
604 2125 630 2173 p.
645 2107 705 2171 183,
718 2105 769 2157 Ιιι1.

225 2182 355 2246 Magnus:
369 2181 427 2230 Das
438 2178 659 2230 lliubalsaruiren
671 2177 697 2227 d.
709 2177 771 2226 Lei·

225 2249 294 2300 chon
310 2263 373 2313 pag.
385 2250 434 2311 (15,
459 2247 629 2299 Thiorsclder
650 2248 691 2296 iu:
712 2247 770 2296 lon.

224 2320 292 2369 Litt.
304 2319 373 2368 Zoit.
388 2317 464 2368 1845.
475 2333 515 2367 ur.
525 2317 585 2368 285.
596 2333 621 2381 p.
630 2315 705 2367 1138.
724 2316 772 2364 At-

226 2403 278 2453 quo
290 2386 357 2436 mihi
368 2401 473 2451 quoque
486 2385 554 2436 hacc
564 2385 700 2437 sententia
711 2399 772 2448 pro·

226 2455 342 2508 habilior
362 2454 472 2505 videtur
499 2455 549 2518 iis,
577 2470 646 2519 quoe
672 2454 772 2503 statuit

225 2527 330 2577 Fritzc:
348 2525 390 2575 Dc
407 2524 552 2575 conditura
567 2539 660 2590 corpp.
678 2528 771 2574 mortt.

225 2596 356 2657 (Beroliu.
371 2594 459 2658 1831).
470 2609 496 2658 p.
506 2595 548 2645 36.
562 2593 587 2643 h.
597 2594 615 2645 l.
625 2595 657 2644 de
669 2594 773 2659 gummi

226 2665 319 2716 acacia
333 2666 470 2730 cogitans,
483 2680 535 2730 quo
550 2664 640 2715 soluto
654 2670 773 2714 mortuo·

225 2752 284 2786 ruru
299 2750 415 2801 corpora
426 2734 609 2784 circumfundi
620 2735 770 2799 potuerint.

225 2809 313 2871 Atque
329 2806 381 2855 iaru
390 2804 500 2869 Hcynio
509 2803 563 2867 (Dc
575 2804 691 2856 soutibb.
705 2804 772 2853 Dio·

226 2877 283 2926 dor.
299 2891 325 2940 p.
335 2875 395 2926 LX.
409 2873 450 2924 ed.
463 2873 538 2938 Bip.)
552 2874 695 2939 placuerat
707 2874 771 2924 bitu-

224 2962 279 2997 men
290 2961 311 2995 s.
321 2947 427 3010 μαντικὴ
441 2944 579 3005 waldero,
594 2948 721 3010 quantum
738 2958 771 2993 cx

226 3016 274 3076 iis,
294 3030 364 3080 quac
381 3015 409 3062 in
425 3014 499 3064 Actt.
516 3013 590 3078 phili.
605 3014 730 3063 Monacc.
747 3013 770 3061 1.

225 3100 252 3148 p.
266 3084 315 3135 107
326 3083 451 3147 scripsit,
470 3082 620 3147 intelligere
631 3082 711 3146 licet,
732 3084 773 3132 sal

225 3150 458 3213 sicutnumerus
469 3151 704 3216 inmsprsti,Miot,
712 3165 772 3215 spo-

226 3223 281 3272 cius
300 3225 387 3271 micae.
424 3221 482 3270 Nec
504 3222 593 3285 magis
616 3221 708 3285 placet
726 3220 772 3285 qui

226 3291 289 3341 olim
305 3292 333 3340 iu
347 3294 463 3340 mouteru
483 3295 597 3341 venerat
610 3291 772 3341 alabastrites

224 3364 307 3425 lapis,
333 3360 367 3409 ad
388 3374 466 3423 quem
490 3365 629 3423 spectant,
652 3374 722 3425 quac
743 3359 773 3408 in

226 3429 353 3480 Orcuaeri
369 3428 530 3479 Commentt.
549 3428 670 3481 Horodd.
688 3445 714 3495 p.
727 3430 771 3480 54.

226 3504 282 3549 not.
290 3499 324 3549 26
335 3498 394 3562 (ubi
403 3497 436 3547 da
445 3497 472 3547 h.
480 3497 498 3550 l.
508 3500 613 3550 consuli
624 3500 772 3565 vultpras-

226 3574 268 3619 tor
296 3569 370 3618 viros
404 3567 501 3618 doctos
533 3584 614 3634 supra
642 3569 772 3619 laudatos

225 3639 314 3703 Hsyn.
335 3638 361 3687 in
378 3637 467 3688 Notit.
491 3638 574 3689 Mum.
596 3639 770 3705 Gottingeus.

225 3725 251 3772 p.
265 3708 296 3770 8,
314 3709 395 3771 Zoog.
409 3707 442 3756 dc
455 3707 589 3758 Obeliscc.
604 3709 699 3775 pacl.
710 3708 771 3772 266,

226 3779 300 3828 Cous.
317 3777 350 3827 ds
363 3776 442 3826 Palin
456 3777 484 3826 iu
497 3778 647 3844 Fragmeus
664 3794 711 3829 sur
725 3778 773 3828 l’e-

224 3848 289 3898 tudo
301 3849 347 3897 des
360 3847 550 3911 hieroglyphss
562 3850 594 3899 T.
602 3850 623 3898 1.
632 3865 657 3913 p.
669 3850 685 3898 4
696 3864 770 3914 seqq.

223 3933 250 3981 p.
259 3920 300 3978 la,
316 3919 471 3982 Boettigor:
488 3918 571 3969 idean
581 3934 629 3968 zur
639 3918 773 3969 Archaeo-

223 3986 277 4050 log.
292 3988 317 4036 d.
331 3986 395 4037 Mal.
411 4004 437 4051 p.
457 3987 500 4051 57,
515 3987 709 4039 Bluurcnbach.
727 3989 769 4038 in:

223 4056 345 4119 Beitriig.
364 4072 412 4105 zur
423 4057 603 4121 Naturgesch.
614 4059 651 4109 II.
668 4073 695 4122 p.
710 4057 772 4123 12¹2)

820 1274 928 1338 (Journ.
938 1272 964 1324 d.
973 1272 1042 1323 Deb.
1051 1272 1085 1324 30
1093 1273 1175 1322 Mart.
1186 1271 1273 1336 1818).
1289 1272 1367 1333 Quas

819 1341 1367 1478 {illidii“lilii‘’llllil‘ltl

1008 1452 1013 1462 ·
1152 1449 1159 1474 r

820 1498 877 1532 rom
900 1483 1022 1532 modeste
1043 1482 1173 1532 dubitans
1191 1483 1296 1530 monuit
1322 1482 1366 1530 lo·

820 1551 905 1602 mord.
916 1552 1039 1603 iuJouru
1057 1551 1084 1603 d.
1097 1550 1162 1602 Sar.
1176 1550 1244 1602 1818
1256 1550 1365 1600 milui.

820 1636 882 1687 pag.
895 1622 947 1674 310
958 1637 1033 1687 seqq.
1067 1623 1161 1685 Neque
1174 1622 1263 1685 magis
1278 1619 1367 1669 dicam

820 1691 853 1741 dc
865 1691 1036 1741 alabastrite.
1065 1691 1107 1740 'l'u
1125 1690 1179 1740 vid.
1195 1691 1265 1739 Pliu.
1283 1691 1318 1739 H.
1331 1690 1366 1740 N.

821 1762 921 1823 XXVI,
932 1762 958 1823 8,
975 1762 1005 1811 la
1019 1765 1047 1810 et
1057 1759 1136 1809 Hillii
1145 1759 1224 1810 Obss.
1234 1758 1326 1824 physs.
1339 1765 1367 1808 ct

820 1831 894 1880 criti.
905 1830 941 1880 sd
952 1829 1131 1894 Theophrast.
1140 1829 1182 1878 lla
1191 1829 1292 1894 lapidd.
1300 1843 1365 1893 pag.

821 1901 855 1950 45
868 1901 943 1965 aeq.“
971 1901 1008 1949 Et
1025 1899 1096 1949 conf.
1115 1899 1202 1964 ipsum
1215 1899 1324 1949 Belzon.
1339 1898 1367 1946 in

822 1971 963 2020 itinerario
975 1970 1090 2020 eximias
1105 1967 1185 2019 huius
1202 1967 1368 2033 sarcophagi

821 2041 938 2090 virtutes
960 2040 1164 2104 praedicantem
1186 2039 1310 2104 (Voyagc
1334 2053 1369 2087 ca

821 2110 922 2175 Egypt.
935 2116 963 2158 ct
974 2125 1006 2158 cu
1018 2109 1043 2159 N
1045 2108 1106 2158 ubic
1119 2107 1223 2159 traduit
1236 2123 1285 2173 par
1298 2108 1368 2172 Dep-

822 2179 895 2244 piug.
908 2179 987 2229 Paris
1004 2178 1077 2228 1821.
1092 2179 1123 2228 T.
1132 2179 1155 2228 1.
1169 2194 1195 2242 p.
1205 2178 1257 2228 380
1269 2181 1368 2243 seqq),

822 2249 869 2297 ubi
891 2248 963 2299 inter
985 2248 1042 2299 alia
1062 2246 1188 2312 leguntur
1210 2247 1292 2299 hacc:
1324 2246 1368 2309 „il

822 2325 865 2368 est
882 2318 934 2367 fait
947 2318 982 2368 du
996 2322 1055 2382 plur
1073 2317 1114 2367 bel
1129 2318 1229 2368 albiae
1246 2320 1369 2369 orienld:

822 2391 936 2451 n'sysut
960 2403 1012 2452 quc
1037 2388 1108 2436 dcux
1127 2402 1228 2452 pouces
1249 2386 1364 2451 d‘e'pais-

823 2472 900 2518 seur,
918 2456 937 2505 il
958 2457 1069 2508 devient
1082 2465 1256 2521 transportant,
1278 2455 1369 2520 qusud

823 2543 858 2578 ou
878 2527 957 2592 place
977 2543 1031 2578 une
1049 2523 1163 2577 lumidrc
1183 2526 1301 2577 derridrc
1315 2541 1369 2576 une

822 2596 870 2648 des
882 2597 1006 2662 parois.“
1019 2623 1053 2632 —
1071 2598 1155 2658 Quem
1168 2596 1368 2662 sarcophagum

822 2682 894 2717 nunc
913 2668 982 2717 satis
1000 2671 1110 2718 constat
1125 2668 1153 2716 iu
1172 2682 1265 2717 museo
1282 2681 1369 2716 asser·

821 2737 883 2787 vari
895 2737 1062 2787 Britannico.
1094 2736 1173 2789 conr,
1187 2738 1302 2788 Hecreu.
1318 2736 1336 2786 l.
1351 2735 1368 2784 l.

822 2806 859 2870 11,
872 2810 897 2857 2.
911 2822 974 2872 pag.
990 2806 1040 2857 267
1053 2811 1109 2856 not.

857 2901 944 2959 ἐπεὰν
955 2901 1005 2959 τὸν
1019 2901 1122 2975 νεκρὸν
1137 2900 1299 2973 ἰσχνήνωσι]
1314 2910 1331 2958 i.
1345 2925 1369 2958 ο.

823 2982 923 3047 quanda
951 2982 1063 3031 cadauer
1087 2981 1250 3044 arescemus.
1289 2978 1370 3042 Quod

822 3050 857 3099 ad
887 3051 1064 3116 septuaginta
1094 3049 1156 3100 illos
1184 3050 1242 3099 dies
1273 3049 1370 3113 opinor

823 3125 945 3184 spectat,
960 3120 1100 3185 dequibus
1111 3135 1194 3186 supru
1205 3118 1244 3180 ΙΙ,
1258 3118 1306 3180 86,
1322 3118 1370 3167 ubi

822 3190 894 3240 cous.
912 3194 981 3240 nott.
1015 3190 1057 3240 Ad
1078 3190 1191 3240 formam
1216 3179 1367 3253 ἰσχνήνωσι

823 3260 895 3309 conf.
913 3259 1027 3310 Brodov.
1047 3276 1072 3324 p.
1085 3260 1145 3310 357.
1180 3260 1244 3309 idox
1256 3256 1370 3321 νυψοῦν

823 3334 876 3378 cst:
893 3346 974 3394 pppoo
992 3331 1126 3381 obducere.
1158 3329 1202 3378 Tu
1215 3327 1269 3378 vid.
1289 3329 1369 3378 Boot·

822 3399 900 3464 tiger.
918 3398 966 3450 l.l.

857 3499 953 3567 γραφῇ
968 3495 1128 3567 κοσμέουσι]
1151 3503 1168 3551 1.
1189 3519 1212 3553 ο.
1234 3502 1369 3567 ‚,(corpus

822 3588 909 3637 gypso
930 3571 1089 3635 obductum)
1108 3573 1211 3636 platani
1234 3577 1269 3623 ila
1289 3591 1369 3624 eaur-

821 3651 895 3701 nant,
909 3651 936 3693 ut
945 3645 1052 3707 speciem
1066 3660 1137 3708 quarn
1149 3645 1257 3693 maxim
1267 3647 1369 3693 similem

822 3715 877 3764 vivo
889 3712 988 3774 reserat
1000 3729 1021 3764 s.
1033 3714 1069 3762 ad
1079 3715 1134 3763 neri
1146 3728 1178 3762 ac
1191 3715 1241 3763 ciui
1250 3716 1369 3777 corporis

821 3783 1001 3832 similitudinem
1021 3799 1093 3847 quam
1115 3785 1233 3846 ρνοαίιαο
1253 3784 1368 3840 accedat,

822 3853 913 3902 deinde
924 3868 1010 3902 cavum
1028 3855 1052 3903 ei
1067 3854 1221 3902 circumdant
1232 3857 1369 3905 columnam

823 3938 858 3972 ex
869 3925 934 3973 uitro
946 3921 1115 3984 consectam.“
1140 3923 1183 3971 'su
1195 3922 1268 3973 conl.
1283 3922 1321 3986 II,
1334 3922 1368 3972 811

822 3990 899 4042 etad
914 3988 1123 4068 voccmypapp
1142 3991 1184 4055 11,
1199 3990 1240 4042 73.
1260 3992 1305 4043 78.
1335 3992 1369 4041 In

822 4077 895 4126 seqq.
919 4076 972 4111 vox
992 4054 1106 4127 ευεργὸς
1130 4060 1227 4126 (facilis
1246 4058 1369 4125 tractata)

225 4123 365 4189 leguntur:
386 4125 577 4187 „Pollucidum
589 4128 699 4192 ponitus
714 4143 772 4177 sar·
821 4131 917 4181 eodem
927 4146 1009 4181 seusu
1019 4131 1092 4196 apud
1102 4128 1321 4195 Theophrastum
1330 4133 1371 4180 in·

225 4194 375 4258 cophugum
392 4210 425 4245 ax
441 4211 494 4246 uno
507 4195 597 4261 lapide
609 4197 773 4248 alabastrite
822 4202 932 4251 acuitur
944 4202 1016 4250 Hist.
1030 4200 1120 4251 Plaut.
1135 4200 1187 4261 111,
1198 4200 1223 4251 9.
1236 4204 1259 4263 §.
1275 4204 1290 4251 ¹2
1304 4207 1331 4250 ot
1343 4200 1369 4251 6.

225 4263 383 4314 consectum
406 4265 473 4328 ipsis
501 4265 602 4316 Thebis
624 4266 772 4332 Aegyptin—
821 4272 889 4333 v‚1.
906 4272 993 4334 §.lot
1003 4271 1028 4322 6.
1039 4274 1062 4333 ξ.
1074 4274 1098 4321 2.
1124 4269 1367 4322 AristotclPartt.

224 4336 264 4383 cis
279 4348 293 4382 ο
306 4332 432 4397 sepulcro
443 4350 532 4399 nuper
545 4336 688 4386 admodum
701 4338 772 4387 cruit
821 4341 870 4389 An.
886 4341 920 4402 ll,
936 4341 975 4391 16.
987 4367 1022 4375 —
1041 4332 1136 4397 αέικὲς
1154 4338 1183 4403 (i.
1198 4356 1222 4389 ο.
1234 4345 1369 4398 molestum,

224 4402 352 4461 Belmni,
379 4408 410 4452 ut
440 4404 500 4468 ipss
528 4405 635 4469 quidem
656 4407 771 4470 perscri-
820 4407 954 4474 iupratwa)
976 4409 1112 4460 iuvenitur
1133 4424 1240 4475 quoquc
1261 4410 1320 4473 111,
1335 4408 1370 4459 33

224 4473 281 4538 psit
296 4473 323 4521 iu
337 4471 455 4537 epistola
469 4473 505 4525 sd
519 4474 689 4527 Vincuntium
704 4476 770 4527 duta
820 4479 880 4529 coll.
894 4479 940 4544 VI,
953 4479 999 4539 98,
1011 4480 1059 4530 ubi
1070 4479 1125 4529 rid.
1141 4483 1211 4529 nott.
