3042 5125
413 374 739 443 MELPOMENE.
761 380 819 444 IV.
843 390 904 447 157.
926 393 988 448 158.
1205 387 1262 452 581

65 579 117 631 351
131 557 309 651 ἀμφότερα
323 574 560 656 συγκληΐουσι,
582 572 638 640 καὶ
652 571 797 663 ποταμὸς
810 571 919 644 odo-isi
932 573 1060 664 θάτερα
1073 582 1264 669 παραρρέει.

125 671 258 736 Τοῦτον
271 679 384 738 οίκεον
401 668 460 739 τὸν
473 678 583 761 χῶρον
598 678 631 758 ἓξ
646 683 735 745 ἔτεα·
761 676 893 770 ἑβδόμῳ
916 679 956 747 δέ
968 700 1073 766 σφεας
1089 687 1157 750 ἔτει·
1172 708 1256 771 παρ·
1268 696 1328 758 158

119 759 337 861 αιτησάμενοί
361 778 397 843 οἱ
413 784 554 863 Λίβυες,
583 774 628 859 ὦς
654 781 687 859 ἐς
707 775 868 868 άμείνονα
891 784 1000 869 χοῖρον
1020 779 1153 868 ἄξουσι,
1182 782 1258 856 άνέ-

118 897 260 961 γνωσαν
279 879 438 947 ἐκλιπεῖν.
472 870 556 968 ἦγον
571 884 612 951 δέ
628 903 734 970 σφεας
752 886 916 953 ἐνθεῦτεν
933 889 968 953 oc
977 892 1103 973 Λίβυες
1115 882 1258 978 άναστή-

117 1001 241 1058 σαντες
262 978 345 1065 πρὸς
366 983 523 1071 ἑσπέρην·
550 983 678 1054 καὶτὸν
694 986 872 1056 κάλλιστον
885 991 953 1056 τῶν
966 987 1086 1075 χώρων
1098 994 1156 1080 ἵνα
1171 996 1256 1075 διεξ-

117 1080 229 1162 ιόντες
249 1087 285 1151 οί
294 1080 454 1173 Ἕλληνες
473 1082 518 1176 μη
533 1093 657 1168 ίδοιεν,
679 1088 988 1179 συμμετρησάμενοι
1008 1090 1069 1179 τὴν
1090 1089 1181 1182 ὥρην
1200 1100 1257 1184 τῆς

115 1181 242 1274 ἡμέρης
273 1184 394 1268 νυκτὸς
421 1195 590 1278 παρῆγον·
632 1199 700 1262 ἔστι
729 1193 766 1263 δὲ
794 1199 842 1287 τῷ
868 1191 966 1286 quippo
994 1193 1102 1287 τούτῳ
1128 1193 1256 1287 οὕνομα

113 1402 180 1452 psg.
195 1387 256 1448 315,
271 1391 360 1440 soltus.
390 1388 470 1455 Apud
481 1391 659 1457 Aristopheo.
676 1381 678 1385 ’
709 1379 851 1458 τοῦτερον.
873 1394 952 1445 Libri
963 1394 1060 1460 scripti
1068 1396 1189 1447 retinent
1199 1388 1255 1448 βά-

112 1456 185 1509 Avv.
199 1455 252 1507 739
265 1448 354 1506 νάπαι
369 1463 658 1524 ιιιτιιεαΙίιιι,ιιειιιοτα,
710 1476 790 1528 τερα,
816 1463 887 1528 quod
912 1464 941 1513 in
957 1463 1099 1515 tulisset
1117 1465 1254 1531 ipserum

112 1519 145 1575 oi
151 1515 261 1588 ὀρεινοὶ
271 1521 319 1575 sui
330 1516 558 1593 ἀναπεπταμέναι
568 1522 658 1593 τόποι,
709 1530 823 1598 reliquis
835 1532 985 1584 editoribus
996 1534 1114 1586 retinere
1123 1535 1217 1588 malui.

112 1601 141 1645 et
153 1596 183 1645 iu
200 1595 396 1662 Thesmophor.
411 1599 478 1652 1000
492 1598 554 1656 (944
566 1601 660 1666 Both.)

110 1665 265 1723 iunguntur
274 1654 326 1730 ὅρη
340 1657 443 1717 δάσκια
451 1663 499 1718 καὶ
511 1660 599 1719 νάπαι
612 1685 660 1720 πε·
875 1702 932 1754 ΟΠ,
957 1703 1073 1755 CLVIII

110 1729 245 1798 τρῶδεις,
268 1735 316 1785 ubi
327 1736 437 1788 Bisetus
455 1737 529 1788 bsud
550 1739 607 1790 scio
624 1756 660 1790 su
934 1741 940 1754 ‘
1077 1744 1083 1757 ⁰

110 1809 188 1855 recte
200 1797 481 1871 explicueritripewric
493 1798 605 1873 ὖίοιδής
616 1799 667 1858 τόι
745 1798 983 1870 παραιτησάμενοι
998 1799 1028 1855 oi
1040 1804 1152 1874 Λίβυες]
1169 1810 1253 1862 Hand

109 1887 174 1931 πσς.
198 1874 258 1925 Nec
275 1874 331 1926 aiio
348 1891 430 1927 sensu
447 1876 521 1941 spnd
537 1878 660 1930 Herodo.
709 1874 780 1924 mele
788 1875 921 1938 bangius,
933 1876 1096 1927 vernaculus
1103 1878 1251 1943 interpres:

110 1949 168 1993 tum
176 1945 266 2009 sooipi
274 1959 458 2008 posseceuseo
465 1962 570 2008 rocem,
577 1963 658 2011 quem
709 1944 746 1993 Im
757 1943 885 1995 sicienter
896 1945 978 1997 dabre
988 1946 1052 1997 oder
1063 1948 1167 1999 redeteo
1178 1950 1251 2002 ibren

109 2013 364 2079 Schweighaeuser.
381 2015 408 2065 iu
427 2016 495 2076 Lex.
510 2017 613 2070 Herod.
633 2034 656 2071 s.
707 2015 750 2064 dr'e
763 2013 860 2078 Libyes
871 2031 926 2066 eor.
951 2013 979 2064 Is
995 2015 1066 2066 euim
1075 2014 1130 2066 1οοί
1141 2032 1250 2069 sensus:

106 2100 135 2134 r.
155 2082 209 2148 (11.
226 2098 253 2147 p.
275 2081 335 2146 119)
360 2084 558 2150 interpretetur
580 2092 659 2139 0011oe
709 2082 803 2148 Libyes
811 2082 1058 2145 fucultatemabiilr'r
1067 2085 1119 2136 sibi
1122 2088 1249 2151 petebant,

106 2170 163 2204 crau
180 2156 236 2203 suis
252 2155 414 2205 consilibus.
442 2154 552 2206 Tsieiio
568 2156 657 2218 (Dim-
705 2160 732 2201 ιιι
744 2155 819 2203 liceat
832 2155 957 2205 meliorem
966 2155 992 2204 in
1001 2157 1127 2218 regionem
1137 2159 1195 2209 rilor
1207 2159 1251 2209 de-

105 2222 182 2272 cidd.
196 2221 293 2272 Piudd.
305 2223 329 2273 1.
341 2238 367 2287 p.
381 2223 442 2286 772)
456 2228 497 2274 est
514 2226 655 2278 Weidtbal.
705 2223 807 2272 ducere.
835 2221 891 2273 Ubi
910 2238 977 2273 seue
996 2223 1104 2275 minime
1120 2240 1188 2289 opus
1209 2227 1251 2276 iu·

105 2293 196 2343 Saltus
207 2292 404 2355 interpretetur
419 2296 550 2360 Krueger.
563 2296 591 2345 in
604 2297 657 2345 Xe·
705 2289 829 2355 teiiigere
846 2286 895 2342 sui
914 2284 1038 2369 ιέηοντες
1056 2293 1141 2359 (quod
1161 2294 1250 2361 ipsum

104 2359 191 2425 noph.
206 2359 294 2410 duab.
307 2363 347 2411 lv
354 2400 360 2423 ‚
371 2365 403 2422 5,
418 2364 458 2414 15.
479 2364 517 2416 is.
536 2366 575 2426 V,
589 2365 613 2413 2.
627 2368 653 2427 g.
702 2359 788 2411 verbo
803 2373 1041 2426 παραιτησάμενοι
1057 2363 1110 2413 ism
1127 2365 1250 2416 coutine-

103 2430 137 2481 31
152 2428 217 2480 coil.
231 2430 280 2487 VI,
293 2430 319 2492 3,
331 2432 371 2483 17.
387 2432 427 2483 18.
438 2434 482 2495 20,
492 2433 541 2484 ubi
553 2425 654 2491 νάπος.
704 2427 758 2492 tur)
782 2430 840 2482 sive
856 2430 930 2481 eliud
949 2431 1024 2496 quid.
1049 2432 1133 2483 Verbi
1147 2434 1251 2500 siguifi-

104 2501 233 2565 Lsugius
249 2499 382 2552 Herodoti
401 2502 490 2553 iocum
512 2504 552 2554 sio
568 2503 655 2555 inter·
703 2499 840 2580 qsijonem
856 2500 1000 2565 attigimus
1012 2501 1047 2551 ud
1059 2503 1188 2569 repleo.
1206 2504 1249 2555 Ad

105 2574 251 2635 pretaturs
264 2598 299 2608 -
314 2575 387 2631 „und
395 2576 428 2625 iet
436 2575 487 2637 aus
494 2577 556 2625 zuei
567 2575 653 2626 Seiten
704 2581 868 2633 ανέινωσᾱν
879 2569 1084 2636 (persuaserunt)
1096 2572 1168 2627 conf.
1180 2575 1203 2637 Ι,
1214 2575 1249 2626 08

104 2658 154 2693 ron
165 2642 216 2692 den
224 2642 358 2693 sedimen
371 2644 479 2694 ibidem
488 2646 655 2708 εἰυρειιίιΙοι·
701 2639 793 2705 ibique
805 2643 875 2689 nott.
892 2644 920 2690 et
935 2654 1005 2704 quse
1019 2641 1099 2705 pluro
1117 2658 1151 2695 ex
1162 2644 1249 2696 Hero·

103 2713 184 2762 serr.“
212 2710 266 2772 Qui
278 2711 367 2775 ipsum
380 2711 470 2763 iocum
488 2727 573 2774 nuper
586 2714 653 2763 visit
702 2708 768 2788 doto
784 2708 992 2761 effertBredov.
1006 2725 1032 2774 p.
1047 2710 1108 2761 352.

104 2779 205 2831 Bertb.
223 2779 284 2842 (1.1.
300 2796 328 2845 p.
342 2781 420 2845 507),
439 2782 461 2831 is
473 2782 584 2832 flurium
598 2784 652 2832 uti·
737 2793 755 2826 α
765 2793 806 2826 να
816 2771 1028 2843 στήσαντες]
1045 2779 1165 2831 Verbum
1176 2771 1246 2831 eive-

104 2865 158 2916 que
170 2849 287 2910 invenit,
299 2851 407 2902 nomine
417 2852 488 2902 Vridr'
500 2853 651 2914 Temmimelr,
703 2845 803 2911 στῆσαι
828 2863 883 2898 non
894 2851 1003 2898 tentum
1019 2849 1048 2898 in
1064 2850 1092 2898 vi
1112 2854 1246 2915 sturmis,

102 2919 153 2970 sed
167 2920 335 2970 exsiccatum
349 2921 406 2972 iere
423 2936 473 2971 neo
489 2923 544 2971 uisi
563 2926 652 2986 squse
702 2917 750 2968 sed
768 2919 851 2968 etism
869 2918 898 2967 in
915 2917 998 2969 iussis
1016 2922 1044 2968 et
1067 2924 1247 2983 persuasione

102 2989 220 3054 putidos
231 2989 354 3041 nonnihil
372 2990 400 3040 iu
411 2990 480 3040 iocis
494 2991 652 3053 profundio·
701 2987 844 3052 usurpari,
863 2985 991 3037 hocloco
1011 2986 1095 3039 sileio
1117 2989 1247 3043 observet

101 3060 182 3110 ribus
196 3060 397 3118 continentem,
421 3061 551 3111 vestitum
564 3062 652 3112 utrin·
700 3056 817 3108 Siebelis
835 3055 871 3107 ed
889 3057 1008 3107 Psusuu.
1031 3058 1103 3121 VII,
1121 3058 1162 3111 15.
1180 3063 1204 3125 3.
1218 3064 1245 3111 4.

102 3145 158 3193 que
174 3129 360 3194 graminibus,
375 3128 501 3195 virgultis
518 3146 551 3181 sc
563 3133 651 3180 tems·
702 3154 733 3162 —
751 3126 784 3176 Iu
799 3126 927 3191 subseqq.
943 3123 1014 3178 mele
1029 3126 1094 3178 oiim
1112 3133 1175 3193 post
1194 3124 1246 3194 χιά-

101 3198 199 3253 riseis.
212 3214 300 3264 neque
313 3204 405 3252 temen
417 3214 478 3250 eum
493 3200 521 3250 in
531 3199 650 3260 modum,
701 3212 758 3257 ρων
771 3195 974 3247 distinctionem
987 3202 1151 3261 posueruut,
1163 3214 1246 3264 quum

102 3275 134 3320 ιιι
160 3265 256 3325 νάπας
279 3268 428 3327 καλλίστας
452 3269 508 3321 iilic
530 3270 649 3321 inveniri
699 3265 825 3331 equidem
844 3281 906 3316 eum
921 3270 1037 3318 receuti.
1058 3266 1118 3318 edd.
1135 3270 1245 3330 sustuli,

101 3354 175 3390 nnuc
191 3337 281 3389 dicere
298 3338 398 3401 liceat,
423 3355 483 3390 oum
512 3340 648 3404 ingratum
699 3336 805 3386 monitu
826 3336 902 3386 Reiz.
932 3335 960 3385 iu
987 3336 1110 3388 Prseiet.
1138 3353 1202 3404 pug.
1220 3341 1245 3390 X

99 3410 261 3473 adspectum
273 3409 404 3469 praebeat
419 3408 467 3459 iiis
480 3409 565 3474 regio,
578 3424 649 3473 quse
699 3421 775 3472 seqq.
798 3405 860 3459 ooli.
874 3404 988 3469 Thrigio
1002 3405 1047 3457 1.1.
1060 3421 1088 3470 p.
1106 3408 1140 3457 74
1154 3405 1244 3472 παρῆ-

101 3478 165 3529 iude
188 3478 333 3528 admodum
363 3479 463 3529 iussus
483 3478 648 3542 perhibetur.
699 3490 825 3539 yovcum
845 3473 996 3540 Schweigb.
1022 3478 1050 3525 et
1070 3474 1158 3525 uniri.
1183 3475 1245 3527 dedi

100 3549 273 3613 Quemquam
297 3548 450 3614 antiquitus
470 3547 538 3598 bsec
557 3550 648 3598 omnis
699 3561 748 3610 pro
758 3539 935 3608 παρεξῆγον,
948 3542 1020 3609 quod
1033 3542 1111 3593 oodd.
1125 3548 1244 3597 auctori-

101 3617 184 3669 siiter
201 3619 355 3668 constitute
378 3618 477 3680 fuisse,
505 3633 575 3682 quse
598 3633 648 3669 nee
699 3619 758 3665 tete
774 3613 936 3665 destitutum
952 3617 1004 3665 est.
1028 3614 1102 3663 Toto
1118 3612 1245 3666 loeiseu·

101 3687 200 3738 incolis
213 3702 264 3736 nec
281 3684 390 3738 culturi
408 3692 547 3749 emerent,
569 3686 646 3737 dubi·
697 3683 785 3735 tentia
807 3682 877 3733 hoec
902 3685 957 3732 est:
985 3691 1081 3747 „atque
1102 3685 1245 3747 pulcherri-

100 3757 154 3806 turi
165 3757 212 3805 vix
222 3757 375 3821 poterit-
387 3757 428 3808 Ad
437 3756 601 3808 locutionem
612 3748 646 3804 τά
696 3771 758 3804 υιιιυι
774 3756 898 3817 regionem
918 3768 950 3802 ne
970 3751 1064 3803 Graeci
1082 3760 1243 3805 tramemser

100 3818 147 3876 ist
165 3817 277 3889 θάτερα
298 3826 329 3891 (1.
349 3843 372 3878 e.
401 3828 433 3878 ab
455 3831 539 3878 alteru
557 3826 644 3893 porte)
694 3826 826 3880 uiderent,
844 3829 918 3872 noctu
933 3821 1129 3873 conducebant
1146 3821 1243 3887 (Gree-

100 3896 175 3947 ooni.
192 3897 333 3950 Lambert.
349 3898 414 3948 Bos.
434 3897 476 3948 De
489 3895 592 3961 ellipse,
612 3896 645 3946 L.
695 3892 754 3955 cos)
776 3892 925 3942 dietborom
938 3892 1103 3951 ceromenei“,
1118 3891 1138 3941 i.
1152 3909 1176 3943 e.
1194 3891 1243 3943 ho·

100 3967 147 4017 Gr.
167 3981 229 4033 urg.
248 3966 299 4018 188
317 3982 374 4031 seq.
397 3966 485 4029 Supra
500 3965 544 4028 11,
564 3965 598 4013 us
612 3956 646 4014 τά
695 3979 755 4014 τισι
768 3961 831 4023 diei,
843 3974 898 4024 qus
907 3958 1143 4023 proficiscerentur
1153 3976 1242 4021 moue.

100 4024 309 4099 ἔπ’άριστερά,
324 4036 370 4086 ubi
384 4035 455 4086 coni.
467 4039 536 4085 nott.
553 4041 581 4085 et
593 4036 646 4085 He·
697 4034 737 4082 itu
760 4030 975 4090 constituentes,
1000 4034 1031 4078 ιιι
1055 4028 1090 4078 sd
1115 4029 1196 4081 Irsse
1217 4032 1242 4083 si

99 4104 157 4156 rod.
172 4106 222 4169 IV,
237 4104 647 4168 131.171,33.1ρεειιιιι”οτιιιιιιιι
697 4101 837 4159 venirent,
857 4114 912 4149 uox
929 4097 1077 4164 ingruisset
1094 4114 1181 4166 neque
1202 4101 1243 4150 iu-

99 4165 211 4238 θάτερα
228 4176 373 4235 genuiusm
398 4191 458 4226 esse
482 4180 565 4240 neget
583 4177 647 4226 Rre·
698 4172 731 4223 de
767 4171 914 4236 quidquem
942 4167 1102 4232 conspicere
1129 4175 1242 4235 possent

99 4245 161 4294 dov.
178 4262 205 4307 p.
218 4245 265 4295 201
277 4283 284 4305 ,
302 4261 363 4296 cum
375 4245 501 4309 aspirato
515 4245 550 4295 sb
561 4245 648 4294 Hero·
698 4240 806 4292 Greeoi.
822 4238 901 4290 Ocni.
919 4237 1014 4288 Bertb.
1033 4236 1052 4287 1.
1063 4236 1089 4315 ’1.
1106 4254 1170 4305 pug.
1189 4239 1241 4293 503

99 4314 156 4363 doti
171 4331 222 4365 usu
234 4312 325 4365 eliens
341 4317 378 4366 sit
393 4330 443 4365 uec
455 4316 542 4379 magis
555 4313 647 4363 buius·
697 4315 724 4362 et
738 4311 799 4362 547.
832 4309 873 4359 De
893 4308 977 4359 verbo
992 4321 1146 4373 παραγειν,
1169 4308 1242 4373 quod

100 4383 172 4434 modi
186 4385 273 4435 cresis
279 4384 419 4434 Herodoto
431 4385 587 4446 conveniet,
600 4383 645 4446 qui
695 4380 805 4445 proprie
819 4375 967 4443 significet:
986 4396 1002 4428 ιι
1019 4387 1092 4428 recto
1105 4380 1147 4429 oia
1162 4379 1241 4430 abdu-

99 4453 151 4518 111,
168 4453 202 4506 78
223 4455 335 4519 scripsit
354 4440 468 4520 οὕτερος
482 4454 511 4518 Ι,
529 4452 572 4505 32.
596 4452 646 4504 180
695 4466 767 4510 cere,
783 4447 856 4499 coni.
867 4449 937 4498 nott.
948 4446 983 4498 sd
994 4447 1017 4511 Ι,
1034 4445 1079 4498 91.
