3042 5125
270 341 333 405 290

704 337 971 400 HERODO'I'I

270 540 305 601 οἳ
325 535 452 601 ἐπείτε
478 537 607 620 ἔμαθον
631 528 693 618 τὴν
712 533 878 618 σφετέρην
896 530 1047 617 γένεσιν,
1074 523 1251 616 ἠντιοῦντο
1278 524 1396 597 αὐτοῖσι

271 640 422 704 κατιοῦσι
451 637 487 703 ἐκ
512 639 580 703 τῶν
600 633 742 723 Μήδων.
775 635 831 703 καὶ
852 636 967 722 πρῶτα
987 630 1050 720 μὲν
1071 628 1133 720 τὴν
1154 628 1267 719 χώρην
1287 627 1395 699 άαετά-

270 765 389 827 μοντο,
403 737 533 826 τάφρον
546 734 744 827 ὀρυξάμενοι
759 732 897 826 εὐρέαν,
912 742 1173 805 κατατείνουσαν
1186 737 1224 802 ἐκ
1239 738 1306 802 τῶν
1319 742 1395 802 Ταυ·

271 938 356 1004 (Hist.
368 939 434 989 Nat.
446 939 494 998 IV,
509 939 550 1001 12,
564 938 606 989 26.
620 941 645 1003 5.
660 939 707 1004 81)
720 937 812 1004 appel·

269 1010 343 1060 latur
356 1009 460 1074 Scythia
473 1010 584 1060 Sindiee.

305 1070 357 1143 τὴν
371 1069 464 1143 χώρην
477 1069 665 1144 άπετάμοντο]
684 1078 702 1127 i.
719 1094 742 1128 e.
760 1087 811 1128 ter·

270 1166 338 1210 ram,
358 1165 431 1214 quara
446 1149 574 1212 tenebant,
592 1148 764 1199 abscisserrmt
784 1147 813 1212 (a

269 1217 442 1282 reliquascil.
458 1217 558 1281 terra),
573 1218 647 1272 soced
661 1216 746 1267 ducti.
771 1217 813 1267 De

269 1303 337 1338 voce
354 1277 564 1351 ἀποτέμνεσθαι
582 1287 714 1352 quaedam
735 1291 812 1336 nota·

269 1359 357 1407 vimus
381 1356 417 1406 ad
437 1355 578 1406 Plutarchi
596 1354 763 1420 Philopoem.
784 1373 811 1421 p.

268 1426 311 1478 66.
343 1424 421 1476 Ceni.
435 1426 518 1476 etiam
530 1424 663 1476 Herodot.
677 1426 704 1488 l,
720 1425 763 1475 82.
779 1454 812 1462 -

268 1495 361 1562 Ipsam
381 1499 472 1546 autem
491 1496 593 1546 fossam
612 1495 685 1544 inira
706 1510 812 1560 quoque

269 1565 320 1627 Ν,
340 1563 375 1615 26
397 1565 511 1617 οο11.28
530 1566 630 1616 Noster
652 1580 813 1615 commemo·

268 1641 320 1696 rat,
331 1635 448 1699 itemque
459 1636 592 1686 Tauricos
602 1640 707 1685 montes
717 1651 749 1684 ex
759 1634 811 1685 hoc

269 1705 328 1769 ipso
343 1703 404 1755 loco
422 1706 493 1755 citat
509 1705 673 1756 Eustathius
695 1704 729 1754 ad
743 1704 810 1753 Dio·

269 1789 328 1839 nys.
336 1774 441 1840 Perieg.
452 1774 511 1838 163,
522 1776 550 1825 in
560 1774 728 1826 Chersoneso
738 1774 811 1823 Tau-

267 1844 325 1894 rica
352 1844 410 1894 sire
428 1843 554 1895 Orimaea
574 1848 602 1894 et
624 1844 731 1909 quidem
754 1858 810 1894 me

268 1912 395 1964 ridiouali
407 1919 486 1979 parte
506 1916 684 1980 quaerendos.
715 1912 757 1963 Ab
768 1912 811 1962 his

268 1983 353 2048 igitur
362 1985 498 2034 montibus
508 1999 579 2050 quae
589 1985 664 2034 fossa
673 1982 707 2033 ad
719 1982 810 2033 lacum

267 2054 431 2104 Maeoticnm
454 2067 540 2118 usque
559 2054 677 2105 deducta
698 2052 811 2115 dicitur,

268 2124 377 2173 minime
395 2122 459 2174 talis
475 2139 535 2173 esse
550 2123 654 2188 potuit,
674 2137 734 2172 mea
754 2123 811 2187 qui·

268 2191 328 2242 dem
347 2207 380 2241 ex
402 2193 553 2254 sententia,
578 2208 648 2258 quac
668 2191 811 2255 Isthmum,

268 2262 491 2325 angustissimum
515 2262 591 2311 illum
614 2261 735 2327 quidem,
757 2277 811 2327 quo

267 2329 452 2381 Chersonesus
479 2346 539 2381 curn
566 2332 719 2381 continenti
747 2346 810 2381 con·

267 2399 409 2463 iungitur,
441 2400 618 2465 interciperet
651 2400 809 2465 aditumque

266 2469 294 2516 in
318 2469 406 2534 ipsam
432 2469 577 2520 Tauricam
604 2468 807 2520 intercluderet.

267 2539 439 2605 Quamquam
458 2538 521 2590 olim
537 2538 594 2591 illic
613 2539 753 2592 exstitisse
768 2541 808 2590 di·

266 2614 364 2658 cuntur
380 2609 547 2660 munimenta
571 2609 605 2661 ad
624 2612 808 2661 Romanorum

266 2683 384 2745 aetatem
400 2680 579 2745 pertinentia,
597 2681 668 2732 unde
680 2680 732 2745 ipsi
747 2680 807 2730 loco

265 2764 361 2799 nomen
378 2751 495 2815 Taphros
509 2748 653 2817 (Taphros)
667 2754 738 2802 teste
752 2750 807 2800 Pli—

265 2819 311 2868 nio
330 2819 366 2869 ll.
383 2821 414 2869 N.
433 2821 485 2882 IV,
502 2821 536 2871 26
555 2819 612 2886 (12)
634 2820 695 2871 coll.
715 2819 807 2870 Strab.

265 2888 439 2952 vulpaus
458 2904 479 2938 s.
500 2904 526 2954 p.
545 2888 651 2953 ⁴173B.,
674 2905 727 2955 quo
745 2889 807 2940 loco

264 2956 336 3021 quod
357 2956 469 3008 dederat
488 2957 664 3010 Caaaubonus
682 2949 808 3024 Τάφριοι

263 3026 324 3090 (pro
345 3018 477 3092 Τάφιοι),
501 3027 528 3076 16
542 3027 697 3092 Groakurd,
709 3044 805 3079 verna·

263 3094 340 3145 culus
352 3096 499 3162 interpres,
513 3112 585 3148 nunc
599 3103 733 3149 mutatum
746 3097 806 3149 vult

264 3164 291 3213 in
316 3162 432 3228 Ταῦροι.
470 3165 541 3218 hdd.
560 3166 623 3220 Mel.
643 3169 686 3231 ΙΙ,
708 3169 737 3231 l,
755 3168 803 3219 39:

263 3233 363 3295 „Quod
378 3236 450 3285 inter
462 3233 587 3299 paludem
605 3242 632 3285 et
648 3237 737 3287 sinum
751 3244 804 3301 est,

266 3303 382 3366 Taphrae
394 3305 581 3355 nominatu1·.“
603 3304 643 3356 hc
652 3320 702 3357 ana
714 3307 803 3359 adhuc

261 3376 355 3423 aetate
371 3372 441 3424 hanc
457 3372 561 3424 fossam
578 3376 652 3425 terrt
667 3375 802 3441 oppletam

261 3441 346 3492 fuisse
358 3444 456 3493 scribit
468 3443 641 3494 Constantin.
670 3446 802 3512 Porphyr.

261 3510 294 3560 de
307 3511 461 3563 administr.
480 3514 573 3579 imper.
592 3530 653 3581 cap.
668 3517 716 3576 42,
737 3518 802 3582 quin

261 3580 349 3631 medio
360 3596 429 3633 aevo
439 3584 605 3635 munimenta
617 3584 698 3635 valde
709 3585 802 3652 ampla

259 3649 315 3700 illic
329 3657 469 3704 exstructa
485 3653 571 3705 fuisse
590 3660 733 3717 esserunt,
754 3657 801 3707 ubi

258 3735 329 3771 nuuc
339 3723 456 3788 Perelrop
468 3740 490 3775 s.
502 3723 538 3774 Or
547 3725 630 3789 Καρὶ,
646 3725 717 3790 quod
731 3726 802 3776 idem

257 3788 348 3841 velere
357 3791 460 3844 dicunt.
475 3793 691 3845 Vid.Renuel.in
703 3794 802 3861 Geogr.

257 3860 360 3912 Herod.
372 3877 434 3928 pag.
445 3863 504 3914 418.
519 3862 579 3924 416,
595 3863 755 3915 'rzsehooke
767 3864 803 3915 ad

257 3927 319 3979 Mel.
338 3929 356 3980 l.
369 3930 386 3980 l.
400 3939 468 3983 nott.
488 3948 580 3998 exegg.
599 3949 624 3997 p.
639 3936 686 3995 22,
706 3941 733 3984 et
752 3935 799 3999 qui

257 3996 291 4047 de
304 3998 356 4049 hac
371 4002 432 4065 ipsa
452 4003 528 4054 losse
546 4003 619 4066 apud
632 4003 799 4054 Herodotum

257 4068 429 4129 cogitandum
454 4085 514 4122 esse
536 4073 649 4133 statuit,
669 4073 798 4125 Danville

257 4134 284 4182 in
295 4136 375 4185 illem.
388 4137 421 4189 de
435 4139 540 4191 l'hcad.
558 4140 586 4189 d.
599 4141 745 4207 luserippt.
761 4144 794 4193 Τ.

255 4202 365 4256 XXXV.
381 4222 443 4272 pag.
456 4210 520 4267 581,
540 4208 709 4273 improbante
719 4212 796 4262 Man·

255 4277 346 4336 nerto,
362 4277 449 4339 quiin
462 4278 559 4342 (ieogr.
574 4278 686 4329 Graece.
703 4285 731 4330 et
743 4281 797 4332 Ro-

255 4356 336 4392 manu
353 4344 400 4396 lv.
411 4362 437 4411 p.
448 4347 499 4397 294
510 4347 543 4397 ab
554 4346 606 4398 hac
617 4347 718 4400 fossae
730 4350 796 4415 Scy·

253 4410 307 4463 this
320 4412 416 4480 dueta,
430 4430 499 4481 quae
510 4416 669 4469 orientalem
684 4420 795 4484 paenin-

862 936 951 988 sulam
963 937 1094 987 minorem
1104 933 1220 986 Kertsch
1232 951 1249 984 a
1260 935 1352 985 maiori
1362 949 1397 986 se·

864 1005 995 1069 creverit,
1015 1004 1085 1055 bene
1105 1003 1325 1070 distinguendam
1345 1020 1397 1055 esse

863 1081 955 1127 monet
964 1090 1033 1136 eam,
1042 1089 1114 1140 quae
1122 1089 1172 1139 per
1180 1074 1314 1125 Isthmum
1324 1074 1397 1124 multo

863 1151 961 1213 postea
974 1146 1058 1195 tuerit
1070 1143 1203 1206 deducta,
1218 1146 1335 1209 itemque
1343 1145 1397 1195 Nie-

864 1216 960 1266 buhrio
967 1213 1150 1279 (Vermischte
1162 1214 1301 1265 Schriften
1309 1214 1330 1263 1.
1339 1228 1395 1279 pag.

865 1288 936 1348 167),
949 1300 1002 1350 quo
1017 1283 1220 1335 auctoreeosse
1232 1283 1299 1334 haec
1313 1283 1397 1333 incri-

864 1371 941 1407 maea
957 1355 1052 1419 utique
1069 1354 1243 1420 quaerenda,
1261 1369 1345 1419 neque
1359 1358 1396 1403 ta·

864 1441 925 1476 men
942 1425 1016 1489 apud
1036 1423 1124 1474 locum
1143 1423 1286 1489 Perelrop,
1306 1423 1351 1474 sed
1366 1421 1396 1471 ab

864 1495 1006 1546 occidente
1015 1494 1144 1558 Bospori,
1156 1508 1237 1558 quem
1251 1495 1326 1560 prius
1335 1492 1395 1542 Cirn-

863 1566 954 1627 merii,
969 1579 986 1614 a
999 1562 1107 1627 Scythis
1124 1564 1221 1625 eiecti,
1241 1563 1395 1614 traiecerint

862 1635 952 1701 Atque
977 1635 1005 1683 in
1030 1632 1082 1683 hac
1109 1636 1251 1684 sententia
1279 1631 1343 1683 mihi
1367 1647 1394 1681 eo

863 1705 951 1769 magis
969 1702 1197 1768 acquiescendum
1211 1718 1272 1754 esse
1290 1702 1395 1762 ridetur,

863 1774 935 1841 quod
948 1773 1059 1823 Taurici
1071 1778 1194 1836 montes,
1208 1788 1225 1823 a
1235 1773 1331 1838 quibus
1341 1770 1394 1820 iude

862 1844 938 1895 fossa
952 1841 1034 1892 ducta
1051 1841 1105 1893 suit
1122 1843 1151 1893 in
1170 1858 1247 1894 mare
1261 1842 1395 1894 risoricum

862 1931 885 1966 s.
904 1914 1083 1974 Maeoticum,
1110 1912 1179 1963 nulli
1203 1912 1251 1963 alii
1272 1927 1330 1962 esse
1344 1926 1396 1976 pos-

862 1987 943 2045 sunt,
954 1982 1009 2032 nisi
1023 1982 1057 2045 ii,
1075 1981 1122 2048 qni
1136 1999 1185 2047 per
1201 1981 1394 2033 meridionalem

863 2052 979 2103 maxime
1007 2056 1125 2102 tractum
1151 2058 1245 2104 terrae
1268 2052 1394 2103 Crimaeae

862 2121 1046 2173 extenduntur
1062 2121 1145 2172 ferme
1166 2137 1256 2189 usque
1274 2122 1307 2173 ad
1319 2121 1394 2171 Theo·

862 2192 981 2253 dosiam,
1001 2192 1048 2241 nbi
1064 2190 1207 2243 desinunt:
1233 2193 1267 2243 ab
1285 2190 1334 2241 hoc
1352 2190 1395 2255 igi·

862 2267 906 2312 tur
925 2260 986 2312 loco
1003 2260 1046 2311 rel
1063 2266 1136 2313 certe
1153 2278 1168 2313 e
1183 2263 1296 2327 regione
1315 2261 1394 2312 ricius

860 2330 929 2381 haec
942 2331 1032 2394 fossa,
1049 2345 1101 2397 qua
1113 2347 1179 2383 suas
1191 2338 1283 2383 terras
1295 2343 1394 2381 securas

859 2401 972 2452 reddere
994 2402 1151 2464 studerent,
1179 2402 1237 2453 fuit
1261 2402 1341 2452 ducta
1365 2398 1393 2449 ed

859 2471 1023 2522 hlaeotidenr
1034 2473 1092 2521 sire
1103 2472 1138 2522 ad
1149 2471 1394 2525 ChersonesumZe

858 2542 955 2606 nonis,
983 2555 1038 2606 qua
1063 2541 1158 2592 eadem
1182 2541 1299 2608 posthac
1322 2539 1392 2593 etiem

859 2612 1048 2677 Bosporanum
1066 2627 1178 2677 regnum
1200 2629 1218 2664 a
1231 2615 1330 2664 Tauris
1342 2615 1393 2663 erat

859 2680 990 2741 divisum,
1008 2680 1127 2747 indeque
1137 2681 1337 2748 longitudinem
1349 2681 1393 2730 ier·

859 2766 902 2801 me
914 2755 1045 2816 quattuor
1059 2751 1125 2802 mill.
1139 2751 1310 2802 Germanice.
1322 2750 1392 2800 habe·

858 2819 922 2883 bat,
947 2825 1059 2871 auctore
1075 2821 1195 2873 Boechh.
1218 2823 1248 2872 in
1263 2822 1393 2884 Inscriptt

859 2889 973 2941 Graece.
987 2890 1067 2955 Corp.
1084 2891 1106 2940 l.
1120 2907 1146 2956 p.
1159 2891 1203 2943 82.
1218 2890 1254 2942 96
1267 2889 1325 2941 coll.
1339 2890 1391 2938 Mu·

857 2958 1113 3023 raview-hpostol:
1135 2962 1219 3012 Reise
1238 2961 1266 3012 d.
1283 2959 1391 3011 Tamion

857 3044 884 3092 p.
897 3029 948 3080 201
961 3027 1024 3080 coll.
1040 3029 1104 3093 167,
1124 3031 1170 3096 qui
1183 3032 1306 3096 vestigia
1320 3043 1390 3094 quae

855 3096 917 3149 darn
940 3098 1021 3149 huius
1040 3098 1129 3151 fossae
1147 3099 1239 3152 adhuc
1261 3111 1390 3164 superesse

855 3166 982 3219 affirmat.
1022 3168 1110 3229 Quam
1138 3170 1171 3220 ob
1194 3187 1252 3221 rem
1272 3168 1390 3221 accedere

854 3252 959 3302 nequeo
979 3237 1117 3290 Lindnero
1138 3239 1289 3306 (Skythien
1309 3256 1336 3290 u.
1351 3236 1388 3286 die

854 3306 975 3372 Skythen
1000 3307 1047 3359 des
1065 3308 1197 3360 Herodot.
1217 3325 1244 3376 p.
1266 3309 1325 3373 67),
1348 3306 1389 3373 qul

853 3375 956 3427 fossam
979 3376 1049 3428 hanc
1071 3378 1206 3445 intelligit
1229 3381 1263 3431 de
1283 3381 1388 3443 augusto

853 3445 899 3496 illo
914 3447 997 3497 maris
1011 3453 1119 3511 tractu,
1141 3464 1194 3514 quo
1210 3448 1284 3516 apud
1300 3448 1388 3505 locum,

853 3515 897 3565 cui
919 3532 991 3566 nunc
1012 3532 1108 3568 nomen
1126 3519 1253 3583 Genitzi,
1274 3516 1387 3584 putidum
1476 3522 1477 3555 i

853 3585 925 3650 quod
943 3591 1044 3637 vocant
1059 3604 1132 3639 mare
1145 3604 1207 3639 eum
1220 3585 1352 3640 Maeotide
1366 3601 1384 3636 s.

852 3656 971 3706 Asovico
985 3658 1053 3706 mari
1070 3658 1216 3722 cohaeret,
1239 3675 1290 3710 nec
1308 3655 1385 3721 magis

851 3726 981 3776 accedere
1000 3741 1108 3790 possum
1126 3727 1253 3780 Kolstero
1269 3725 1384 3792 (Jahrbb.

851 3794 871 3846 1.
888 3793 1024 3862 Philolog.
1042 3812 1069 3846 u.
1088 3796 1207 3863 Paedag.
1225 3797 1316 3863 Suppl.
1328 3794 1384 3845 ΧΠ.

849 3879 876 3927 p·
891 3863 942 3916 622
954 3863 1039 3931 seu),
1062 3867 1110 3931 qui
1127 3866 1180 3918 hac
1204 3868 1280 3919 fossa
1296 3882 1313 3917 a
1329 3864 1382 3914 loco

849 3932 973 4000 Perelrop
998 3950 1084 4000 usque
1111 3937 1147 3987 ad
1172 3938 1282 3989 Genitzi
1309 3936 1383 3985 ducta

850 4003 938 4066 ipsum
955 4005 1006 4055 boe
1023 4005 1164 4070 putidum,
1181 4005 1253 4073 quod
1266 4010 1382 4063 vocatur,

849 4087 923 4123 mere
934 4076 1046 4139 eiusque
1058 4077 1189 4139 originem
1202 4075 1317 4126 indicari
1329 4073 1352 4122 h.
1364 4069 1380 4119 1.

848 4146 937 4205 putat,
952 4149 1050 4208 atque,
1063 4160 1124 4195 curn
1136 4145 1204 4196 bene
1217 4145 1381 4209 intelligeret,

847 4211 936 4263 nullos
946 4212 985 4262 ibi
993 4229 1054 4264 ease
1064 4220 1179 4277 montes,
1190 4231 1207 4266 a
1219 4214 1315 4281 quibus
1325 4208 1379 4261 inde

847 4280 923 4332 fossa
946 4282 1008 4332 duci
1032 4286 1175 4403 potuerit,
1206 4300 1255 4349 pro
1281 4272 1379 4345 οὐρέων

847 4350 929 4401 scribi
943 4351 1029 4402 ruite
1051 4369 1121 4418 ρων,
1142 4357 1173 4405 ut
1186 4357 1252 4418 fines
1267 4348 1378 4409 Taurici,

847 4435 900 4470 non
923 4430 1017 4473 orontes
1041 4423 1236 4489 intelligantur.
1274 4422 1377 4471 Hansen
