3042 5125
495 333 561 392 An
584 331 840 419 aaronem.
860 333 922 407 ιιι,
941 345 966 397 1.
1240 335 1299 396 ιιι

170 527 231 590 160,
244 521 452 577 Brandstaetar.
469 520 605 588 Scythice.
621 538 685 591 pag.
694 525 738 590 90,
753 521 886 575 Dunclrer
901 521 1068 575 Geschichte
1086 521 1112 575 d.
1130 522 1248 576 Alterth.
1264 523 1302 575 ll.

168 630 196 680 p.
215 605 304 674 abab
326 607 386 660 coll.
403 609 465 660 584.
494 606 605 668 Quibus
620 605 688 658 viris
702 606 798 659 merito
819 624 874 659 nou
891 606 1040 660 obsecutus
1054 606 1154 660 Bessel
1167 609 1209 659 De
1223 609 1301 661 rebb.

168 691 276 746 Geticis
291 709 356 761 pag.
371 695 388 746 6
404 708 484 761 quam
502 691 562 760 ipse
576 690 640 743 belli
655 707 765 743 causam
781 692 868 744 luisse
886 691 1029 761 opinatur,
1054 709 1112 744 eam
1126 692 1199 745 haud
1216 692 1302 760 magis

167 776 335 848 probabilem
348 794 410 830 esse
420 775 527 829 iudico:
542 775 692 827 commercii
706 775 778 828 enim
789 776 909 844 augendi
924 792 1008 829 causa
1018 776 1069 829 hoc
1082 776 1181 830 bellum
1190 794 1207 832 a
1217 777 1303 830 Dario

169 869 328 931 susceptum
341 860 430 913 videri
446 860 597 912 contendit.

254 945 389 1016 Equidem
411 944 454 997 vel
476 944 501 996 si
516 944 628 996 Darium
650 942 810 996 crediderim
832 961 886 996 uon
914 962 1031 1014 prorsus
1047 944 1162 998 liberum
1182 944 1272 998 fuisse
1286 963 1303 997 a

168 1030 275 1099 gloriae
290 1029 419 1099 cupidine
434 1027 569 1097 regnique
581 1028 739 1098 proferendi
754 1028 855 1099 studio,
871 1046 925 1100 quo
941 1029 1044 1096 Cyrum
1057 1030 1082 1083 si
1097 1029 1187 1082 minus
1201 1046 1302 1100 aequa-

170 1122 228 1181 ret,
254 1122 283 1166 at
302 1113 486 1167 aemularetur
504 1121 595 1179 certe,
616 1120 705 1165 tamen
731 1112 785 1165 alia
805 1114 937 1182 quaedam
954 1113 1148 1168 intercessisse
1172 1115 1303 1180 arbitror,

169 1216 241 1269 quae
252 1198 374 1265 Darium,
387 1205 417 1250 ut
427 1204 523 1249 contra
532 1197 650 1264 Scythas
665 1197 836 1266 potissimum
847 1216 937 1268 neque
954 1200 1186 1252 contraGraecos
1200 1199 1304 1251 aliasve

169 1291 306 1335 terrarum
326 1292 424 1351 gentes
443 1281 544 1334 bellum
566 1282 737 1351 susciperet,
768 1299 936 1336 commovere
956 1283 1106 1351 potuerint.
1140 1283 1221 1346 Quae
1242 1283 1303 1352 ipsa

169 1367 393 1436 circumspiciens
407 1366 502 1419 inveni
514 1366 587 1436 apud
599 1366 733 1419 lustinum
745 1367 782 1432 ΙΙ,
794 1370 825 1420 5ι
841 1367 939 1421 bellum
950 1367 1061 1434 Scythis
1077 1384 1093 1419 a
1105 1367 1189 1420 Dario
1199 1367 1303 1420 illatum

169 1470 242 1519 esse,
258 1452 331 1522 quod
342 1451 415 1504 filiae
430 1450 549 1518 laucyri,
565 1452 639 1519 regis
649 1451 822 1519 Scytharum,
839 1453 950 1522 nuptias
965 1453 1105 1521 petiturus
1116 1452 1219 1505 Darius
1232 1452 1304 1505 haud

169 1537 337 1589 obtinuerit:
353 1552 424 1607 quae
441 1551 524 1586 causa
539 1536 635 1605 utique
651 1534 756 1588 accedit
770 1535 804 1588 ad
819 1554 886 1604 earn,
898 1555 977 1607 quam
994 1536 1056 1590 belli
1073 1536 1219 1606 Aegyptiis
1233 1536 1303 1589 inie-

171 1621 249 1673 rendi
264 1621 416 1688 Cambyses
440 1620 569 1671 hahuisse
584 1620 719 1686 traditur3
737 1619 789 1674 rid.
808 1621 943 1675 Herodot.
956 1621 1016 1688 Ill,
1039 1625 1051 1673 l
1072 1639 1150 1691 seqq.
1183 1620 1304 1690 Propius

171 1723 236 1758 vero
256 1706 308 1757 huc
320 1707 411 1758 iacere
426 1704 570 1771 videntur,
590 1721 661 1773 quae
676 1703 704 1755 in
720 1703 833 1757 Ctesias
847 1705 991 1775 Excerptt.
1004 1704 1099 1757 Perss.
1117 1709 1143 1769 s.
1161 1707 1193 1759 16
1207 1704 1304 1772 legun-

170 1797 232 1857 tur;
248 1789 292 1841 hic
306 1790 377 1843 enim
390 1805 481 1841 rerum
491 1787 665 1841 Persicorum
682 1787 802 1857 scriptor
812 1788 913 1857 tradit,
933 1789 1046 1841 Darium
1059 1788 1211 1858 imperasse
1226 1788 1304 1841 Aria·

170 1874 269 1941 ramni,
288 1873 479 1944 Cappadociae
504 1880 646 1942 satrapae,
666 1877 699 1925 ut
723 1872 751 1924 in
771 1872 935 1940 Scytharum
951 1881 1042 1926 terras
1058 1872 1146 1926 classe
1165 1872 1305 1925 traiiceret

171 1964 323 2028 captosque
335 1958 400 2011 inde
412 1958 561 2010 abduceret
578 1963 607 2009 et
622 1957 697 2009 viros
716 1962 744 2008 et
755 1957 887 2025 feminas3
905 1958 989 2027 idque
1002 1958 1082 2011 etiam
1093 1963 1230 2027 satrapam
1240 1975 1303 2027 per-

171 2043 272 2097 fecisse
283 2043 427 2113 ipsumque
444 2044 557 2095 fratrem
572 2041 649 2110 regis
660 2041 823 2109 Scytharum
839 2041 988 2096 abduxisse
1004 2048 1120 2112 captum.
1149 2041 1217 2094 Inde
1232 2041 1305 2093 huuc

170 2144 277 2196 regem,
294 2129 340 2197 qui
358 2121 531 2194 Σκυθάριιῃς
547 2134 678 2196 vocatur,
696 2127 795 2179 iratum
811 2127 906 2179 literas
922 2127 1133 2181 contumeliosas
1148 2126 1181 2178 ad
1192 2126 1305 2179 Darium

170 2211 297 2279 dedisse,
315 2213 364 2282 qui
382 2227 462 2280 pares
485 2197 578 2262 literas
599 2211 792 2280 rescripserit,
810 2218 894 2282 atque
913 2212 1011 2265 deiude
1029 2212 1150 2264 exercitu
1170 2218 1263 2263 coacto
1275 2210 1304 2261 in

170 2296 287 2364 Scythes
301 2296 501 2366 expeditionem
515 2295 679 2365 susceperit.

254 2380 331 2433 Haec
341 2397 408 2433 saue
420 2378 601 2448 expeditionis
618 2386 715 2433 contra
725 2380 843 2447 Scythas
858 2388 1005 2451 susceptae
1021 2381 1154 2434 rationem
1169 2379 1305 2449 quandam

171 2465 244 2518 haud
255 2463 456 2535 improbabilem
468 2463 603 2516 reddunt:
621 2481 782 2534 quamquam
799 2482 933 2534 quaenam
950 2466 1036 2518 firerit
1047 2482 1145 2531 causa,
1165 2482 1214 2517 cur
1226 2463 1304 2515 Aria-

170 2568 306 2617 ramuem,
323 2548 514 2620 Cappadociae
526 2552 672 2618 satrapam,
683 2549 803 2618 Scythas
815 2551 930 2619 aggredi
946 2550 1061 2603 iusserit
1071 2550 1183 2616 Darius,
1200 2547 1228 2601 id
1244 2548 1304 2617 qui-

171 2637 231 2689 dem
242 2635 395 2701 nescimus,
416 2651 491 2700 cum,
510 2633 557 2703 qui
575 2634 685 2686 Ctesiae
702 2635 843 2704 Excerpta
861 2635 942 2704 fecit,
961 2636 988 2687 iu
1013 2653 1044 2687 ea
1065 2635 1132 2687 nihil
1150 2632 1305 2686 huiusmodi

171 2720 292 2789 recepit:
306 2718 424 2772 iniurias
440 2718 571 2789 quasdam
585 2735 601 2769 a
616 2718 728 2785 Scythis
745 2719 866 2772 finitimis
878 2719 1023 2772 Persarum
1040 2718 1199 2789 provinciae
1214 2716 1305 2769 illatas

170 2811 220 2859 aut
243 2803 420 2857 incursiones
439 2804 466 2855 in
486 2803 634 2854 Persarum
652 2803 721 2855 fines
746 2805 833 2856 factas
856 2804 1117 2872 controversiasque
1141 2802 1228 2856 fuisse
1249 2807 1304 2853 sta-

172 2897 236 2942 tuas
251 2887 330 2956 licet,
352 2904 421 2958 quae
433 2886 545 2960 Damam
563 2888 775 2956 commoverint,
797 2895 828 2940 ut
844 2887 1036 2957 Cappadociae
1057 2893 1193 2957 satrapam
1207 2883 1305 2938 bellum

172 2973 282 3042 Scythis
294 2973 397 3026 inferre
409 2972 527 3025 iuberet.
558 2970 675 3024 Multum
690 2971 760 3025 enim
775 2973 867 3037 abest,
891 2980 936 3038 ut,
952 2971 1175 3042 quemadmodum
1186 2970 1304 3023 harche-

172 3076 221 3111 rus
238 3057 367 3126 opinatur
385 3058 414 3108 in
430 3062 501 3109 nott.
516 3055 549 3107 ad
567 3055 701 3109 Herodot.
714 3057 748 3108 T.
765 3056 813 3110 Vl.
831 3060 897 3128 271,
922 3057 993 3110 hauc
1006 3056 1174 3110 Ariaramnis
1194 3055 1304 3124 expedi·

171 3143 288 3209 tionem,
300 3142 334 3195 de
349 3157 405 3211 qua
416 3140 526 3194 Ctesias
538 3141 633 3208 refert,
647 3142 681 3193 ab
693 3141 744 3194 hoc
756 3142 892 3212 scriptore
905 3147 1006 3196 temere
1021 3142 1162 3195 confictam
1174 3157 1237 3193 esse
1249 3140 1305 3192 exi-

173 3227 327 3280 stimemus:
347 3227 385 3278 ita
405 3234 437 3278 ut
455 3231 623 3292 statuamus,
649 3225 724 3279 nulla
740 3227 837 3297 utique
857 3243 942 3284 causa
958 3227 1058 3280 idonea
1074 3231 1204 3296 apparet:
1227 3224 1306 3277 immo

173 3327 244 3382 quae
262 3309 372 3364 Ctesias
394 3310 538 3363 memoriae
555 3310 692 3380 prodidit,
716 3312 782 3364 belli
807 3330 823 3363 a
841 3311 926 3364 Dario
952 3312 1014 3380 ipso
1032 3310 1155 3380 suscepti
1174 3308 1306 3377 originem

174 3396 255 3449 nobis
265 3394 402 3465 produnt:
421 3394 465 3447 vel
482 3394 507 3447 si
519 3394 553 3447 ad
566 3394 637 3447 hauc
647 3395 712 3447 belli
730 3413 840 3450 causam
860 3395 912 3447 alia
929 3413 1040 3465 quoque
1057 3394 1209 3448 accessisse
1226 3403 1306 3462 pute-

173 3498 248 3548 mus,
272 3479 483 3549 quaeDarium,
507 3478 859 3548 utipseprosrcisceretnr,
880 3496 1048 3531 commovere
1065 3477 1217 3546 potuerint.
1251 3475 1307 3529 Ite·

174 3582 229 3634 que
249 3564 330 3617 etiam
347 3562 413 3615 Chr.
436 3562 523 3615 Nath.
541 3562 679 3615 Osiander
695 3564 723 3615 in
741 3563 945 3631 Programmate
962 3563 1112 3630 Stuttgart.
1134 3563 1202 3614 1822
1223 3559 1306 3628 edito,

175 3649 248 3719 quod
260 3647 492 3701 Observationum
504 3646 539 3699 ed
554 3646 675 3699 Ctesiam
686 3647 795 3701 Partem
812 3646 864 3699 111.
883 3647 1021 3714 continet,
1037 3644 1152 3715 prolatis
1165 3644 1215 3712 iis,
1235 3661 1307 3712 quae

174 3733 208 3785 de
227 3732 309 3786 huius
326 3731 391 3786 belli
409 3731 501 3785 causis
518 3730 667 3783 traduntur
682 3749 699 3783 a
715 3732 819 3798 Cresia,
832 3730 988 3797 Herodoto,
1009 3728 1134 3797 Iustino,
1158 3745 1222 3799 pag.
1235 3729 1252 3780 8
1267 3729 1308 3781 sic

174 3817 279 3888 pergite
306 3816 442 3885 „Praeter
462 3816 518 3868 ista
542 3814 605 3868 belli
629 3816 747 3883 semina,
767 3815 794 3868 iu
813 3814 1037 3885 quibusliunctis
1058 3814 1162 3884 aliquid
1181 3813 1308 3865 momenti

174 3901 263 3955 fuisse
276 3900 441 3954 credendum
456 3906 515 3970 est,
533 3900 568 3952 ad
585 3899 772 3969 explicandam
783 3899 935 3968 Scythicam
950 3900 1027 3952 Darii
1044 3898 1243 3967 expeditionem
1260 3898 1308 3950 ob-

175 4003 330 4041 servemus:
349 3986 463 4038 Darium
477 3985 510 4037 ad
522 3984 588 4036 talia
602 3984 729 4039 audenda
743 3984 891 4055 proclivem
905 3985 1000 4037 forsan
1012 3985 1115 4048 fuisse,
1128 3988 1185 4035 tum
1196 3986 1227 4034 ut
1237 3982 1308 4053 ipse,

175 4087 263 4123 novae
279 4070 375 4140 stirpis
389 4070 483 4137 regiae
498 4069 624 4121 conditor
638 4087 668 4122 re
689 4070 781 4139 aliqua
800 4070 941 4139 praeclare
955 4076 1035 4137 gesta
1051 4085 1148 4121 nomen
1165 4083 1244 4120 suum
1259 4084 1308 4138 po-

246 4284 274 4347 *J
292 4284 348 4335 Ubi
365 4282 433 4335 haec
446 4282 589 4350 leguntur:
610 4284 748 4346 „Dereion
765 4283 873 4335 scheint
892 4299 922 4336 es
937 4284 966 4334 in
984 4283 1032 4334 der
1045 4282 1117 4336 That
1128 4298 1180 4334 nur
1193 4280 1242 4333 auf
1257 4281 1310 4332 deu

175 4352 265 4404 Rohm
276 4351 430 4418 abgeseheu
441 4369 475 4405 ao
487 4352 591 4415 haben,
608 4352 654 4403 die
666 4353 807 4420 persische
819 4352 984 4406 Herrscheft
994 4353 1037 4404 bis
1051 4369 1085 4404 ru
1099 4351 1150 4403 den
1162 4352 1310 4403 entl'ernte·

175 4427 237 4473 ster
248 4421 370 4474 Vbllrern
382 4421 603 4476 aosrudehnen.“
