3042 5125
414 331 687 393 MELPOMEN
696 335 733 393 Ε.
757 334 812 392 IV.
832 341 963 397 69-71.
1194 333 1257 395 439

132 525 245 611 obiens
259 525 328 592 ἐστὶ
344 521 566 612 προσπλωτός.
600 527 766 609 ἐνθαῦτα,
789 522 892 594 ἐπεάν
909 545 970 611 σφι
989 521 1179 614 ἆαοθᾶνῃὸ
1195 538 1254 617 βα-

131 623 248 712 σιλεὺς,
272 623 411 714 ὄρυγμα
425 629 485 713 γῆς
503 629 588 715 μέγα
607 623 788 714 ὀρύσσουσι
808 625 1025 716 τετράγωνον.
1061 631 1192 719 ἑτοῖμον
1220 632 1255 700 δὲ

131 733 217 797 cedre
231 728 427 817 ποιήσαντες
447 724 720 820 ἀναλαμβάνουσι
742 728 801 798 τὸν
821 727 960 820 νεκρὸν,
983 739 1254 823 κατακεκηρωμέ-

133 859 187 901 νον
197 832 258 920 pie
270 829 307 900 τὸ
322 837 417 921 σῶμα
425 885 434 920 ,
449 831 511 921 τὴν
524 834 562 902 δὲ
576 832 684 922 νηδὺν
695 832 977 921 ἀνασχισθεῖσαν,
997 838 1053 904 καὶ
1068 846 1253 925 καθαρθεῖ-

130 999 183 1048 loco
202 1013 254 1047 non
278 1001 488 1064 praetermisso,
512 1002 603 1066 Zeiiga
621 1003 663 1052 De
713 1002 815 1052 Ritter:
827 999 954 1052 Verhalle
965 1005 1017 1052 etc.
1025 1018 1051 1067 p.
1058 1002 1110 1055 246
1120 1018 1195 1068 seqq.
1204 1005 1255 1055 255

69 1108 72 1114 .
129 1067 243 1119 obelisco.
258 1084 321 1133 pag.
334 1069 400 1134 338,
423 1073 473 1122 aC
478 1088 501 1120 r.
514 1073 661 1122 excitatus.
713 1086 787 1137 seqq.
798 1071 1252 1130 Etmouetbieltebrunshnnalld.

127 1138 179 1187 Hoc
193 1141 280 1188 autem
291 1138 352 1190 loco
366 1156 420 1190 non
431 1139 548 1190 alienum
560 1141 612 1190 erit
624 1142 662 1191 si·
712 1142 818 1205 Voyag.
831 1141 868 1190 ΙΙ.
878 1156 941 1205 pag.
956 1142 1004 1191 152
1017 1139 1079 1192 coll.
1094 1140 1192 1194 Olarke
1203 1143 1223 1193 l.
1235 1144 1254 1194 l.

128 1207 231 1272 gillatim
244 1208 378 1272 quaedam
389 1225 497 1261 monere
507 1210 539 1261 de
550 1209 661 1261 tumulis
710 1208 894 1275 p.432),quae
904 1226 988 1275 nuper
996 1211 1031 1260 ad
1040 1211 1132 1262 urbem
1139 1212 1254 1263 Kertsch

128 1276 175 1327 illis
185 1277 397 1342 sepulcralibus,
416 1279 463 1344 qui
474 1278 553 1329 multi
569 1294 661 1330 nume·
711 1281 744 1342 (s.
756 1278 984 1345 Panticapaeum)
995 1286 1091 1344 aperta
1099 1280 1202 1331 luerint
1214 1297 1255 1333 se·

128 1360 154 1395 re
164 1362 213 1396 nen
229 1347 256 1396 in
266 1347 376 1398 Siberis
387 1353 508 1410 tautum,
525 1348 573 1398 ubi
583 1348 663 1399 huius
710 1348 815 1415 pulcra,
827 1349 863 1399 ad
873 1349 985 1399 formam
998 1364 1031 1399 ae
1044 1350 1254 1415 descriptionem

130 1415 193 1465 medi
210 1417 327 1468 tumulos
345 1422 374 1469 et
394 1419 552 1470 observavit
571 1423 599 1468 et
617 1418 664 1468 de·
712 1419 868 1469 interiorem
889 1433 1018 1484 perquam
1045 1419 1146 1469 similia
1168 1420 1253 1471 luisse

126 1486 173 1603 tl
174 1502 190 1550 Ρ
192 1487 470 1608 6669163951
472 1486 662 1607 ”niihil
710 1487 977 1608 attitulasti
993 1487 1253 1609 tibitibi

77 1679 84 1691 .
128 1570 279 1690 mffip'
296 1572 452 1692 bsslqsqeqq,
472 1628 661 1677 verumetiam
709 1628 742 1677 de
764 1626 944 1692 Meutpe'reux
965 1627 1076 1692 voyage
1096 1633 1195 1678 auteur
1217 1628 1253 1678 du

128 1693 152 1742 iu
168 1694 263 1744 Russia
289 1695 462 1746 meridionali
487 1697 558 1746 inter
577 1698 661 1762 Bery·
710 1696 834 1747 Caucase
851 1697 884 1747 V.
901 1712 927 1760 p.
940 1697 990 1747 194
1002 1710 1088 1761 seqq,
1101 1698 1147 1762 qui
1160 1696 1252 1748 huius·

127 1762 235 1813 sthenem
244 1766 389 1815 etTanain
398 1770 425 1815 et
431 1765 494 1815 inde
504 1765 539 1815 ad
546 1766 660 1831 Volgam
711 1767 785 1817 modi
799 1765 931 1816 tumulum
950 1767 1055 1830 regium
1069 1772 1196 1817 accurate
1208 1768 1253 1818 de·

129 1848 203 1898 nsque
222 1835 251 1883 iu
264 1833 334 1885 locis
353 1835 438 1885 aridis
453 1834 597 1900 planisque
615 1852 662 1899 po·

62 1909 63 1916 ’
129 1903 250 1953 tissimum
272 1903 409 1969 hodieque
436 1908 543 1955 exstare
567 1905 660 1955 dicun·

129 1977 177 2034 tur,
187 1989 238 2022 nna
251 1973 309 2024 fers
320 1975 453 2025 continua
465 1974 536 2026 serie
548 1990 565 2023 a
574 1975 658 2038 Bery-

128 2041 220 2091 sthenis
234 2044 301 2108 ripis
314 2059 403 2108 usque
412 2043 446 2093 ad
458 2044 602 2107 leniseam,
615 2059 659 2094 ee·

128 2126 172 2176 que
185 2112 297 2164 maiores
306 2119 392 2178 atque
403 2113 524 2176 altiores,
537 2129 591 2178 quo
600 2128 661 2177 pro-

129 2181 180 2244 pius
190 2182 287 2232 absunt
305 2198 323 2232 a
338 2183 428 2233 Tanai
444 2184 581 2247 marisque
593 2184 660 2233 Ase-

129 2250 175 2300 rici
188 2267 242 2301 era.
272 2252 394 2316 Lapides
415 2268 497 2317 super
518 2268 565 2303 ees
586 2251 659 2302 haud

129 2334 181 2370 rare
196 2326 299 2371 erectos
319 2321 413 2386 vides,
433 2326 543 2372 statuas
564 2320 658 2387 figuris

130 2390 256 2456 signisque
271 2389 420 2456 insculptis
436 2392 570 2456 insignes:
587 2392 660 2441 vari·

130 2473 165 2507 am
177 2462 203 2508 iu
213 2460 278 2525 ipsis
293 2459 429 2525 sepulcris
447 2461 553 2511 iuuenis
570 2460 660 2526 supel-

130 2526 247 2593 lectilem,
259 2535 419 2596 argenteam
431 2531 500 2582 adeo
514 2535 596 2596 atque
610 2545 659 2581 au-

130 2613 208 2659 reem,
222 2615 284 2652 essa
296 2599 573 2665 equinahumanave,
592 2598 657 2650 alia.

131 2668 226 2720 Tuvid.
235 2670 409 2733 potissimum
417 2668 529 2720 Clarket
544 2669 659 2720 Transis

131 2741 174 2787 etc.
187 2737 207 2790 I.
220 2754 245 2803 p.
255 2738 298 2791 32.
310 2738 355 2790 38.
368 2739 417 2790 199
426 2743 454 2788 et
463 2740 585 2802 inprimis
599 2754 660 2803 pag.

131 2805 173 2856 316
183 2824 252 2874 seqq.
265 2808 317 2859 338
327 2824 387 2872 seq.
396 2808 456 2858 354.
469 2807 530 2860 399.
543 2809 660 2873 tusseq.

131 2874 183 2926 cell.
194 2877 229 2928 ll.
243 2881 268 2928 2.
282 2894 309 2943 p.
319 2877 378 2941 161,
393 2878 440 2928 ubi
454 2876 610 2928 huiusmodi
620 2881 662 2927 tu·

132 2944 205 2997 mulos
221 2947 366 3013 descripsit
382 2946 483 2997 multos
503 2953 530 2996 et
541 2945 660 3011 grandes

132 3014 155 3064 in
174 3014 280 3079 planitie
308 3018 386 3067 eirca
405 3018 514 3067 Tanain
535 3021 563 3065 et
586 3031 660 3066 mare

132 3084 273 3147 lsericum3
287 3087 362 3137 ceni.
375 3088 459 3137 etiam
472 3101 540 3151 quae
556 3086 660 3137 excitat

132 3153 220 3205 Ehert:
234 3157 386 3221 Geegraph.
396 3157 421 3207 d.
434 3155 541 3207 Griech.
553 3172 581 3207 u.
590 3156 659 3205 Ree-

134 3237 180 3272 uer
199 3225 255 3286 111,
271 3227 296 3276 2.
314 3242 381 3291 pag.
398 3225 450 3277 369
466 3230 524 3275 not.
541 3228 569 3274 et
588 3240 658 3289 quse

133 3291 162 3342 ad
171 3294 256 3345 Taciti
267 3295 395 3347 German.
407 3296 440 3345 27
453 3302 482 3346 et
493 3294 604 3359 Dilthey
617 3293 657 3358 (p.

134 3361 185 3423 166)
203 3369 228 3414 et
243 3365 358 3430 Ruperti
370 3364 408 3430 (p.
422 3362 482 3428 129)
497 3364 657 3414 attulerunt.

135 3430 275 3491 cucumula
286 3451 348 3486 cum
359 3450 447 3501 neque
458 3433 591 3485 aGraecis
603 3448 658 3483 ere·

134 3502 166 3550 cti
175 3502 269 3555 inerint
278 3520 365 3571 neque
375 3521 392 3554 a
399 3500 658 3569 Meugelistchin-

134 3570 337 3632 gischauidarnm
350 3574 400 3625 sub
415 3575 528 3638 imperie
542 3572 584 3637 (at
595 3587 657 3637 pro-

134 3637 209 3692 babile
219 3644 325 3694 videtur
333 3645 479 3695 bleiuersie
491 3645 519 3692 in
528 3642 602 3693 Aett.
618 3656 659 3691 se-

135 3708 186 3760 ciet.
197 3713 267 3766 Gott.
284 3714 363 3764 XIII.
380 3729 443 3779 pag.
455 3712 486 3763 71
506 3727 579 3777 seqq.
597 3710 657 3773 74);

136 3781 219 3845 quippe
231 3799 296 3847 quos
308 3784 453 3833 maximam
465 3786 569 3847 partem
584 3780 658 3847 (nam

136 3847 227 3914 aliquos
244 3858 318 3904 certe
340 3868 357 3903 a
377 3852 511 3917 Mougolis
536 3854 658 3901 structos

710 1836 835 1900 scripsit,
858 1835 995 1885 detectum
1020 1850 1104 1899 prope
1122 1837 1251 1887 Pantica-

709 1920 816 1971 paeum.
832 1904 872 1954 Ac
884 1904 1023 1968 nuperime
1036 1903 1073 1953 ad
1089 1906 1180 1955 vicum
1193 1906 1254 1956 Ale·

709 1973 862 2039 sandropol
878 1975 906 2023 in
923 1973 1055 2037 gubernio
1069 1973 1253 2027 Iekateriues·

709 2043 827 2094 lavieusi
851 2042 1005 2093 huiusmodi
1029 2041 1178 2107 tumulum,
1206 2043 1254 2094 du·

710 2118 805 2164 centos
817 2113 998 2178 quadraginta
1012 2112 1095 2176 pedes
1107 2113 1201 2175 altum,
1215 2113 1253 2164 el·

708 2183 813 2234 fessum
827 2181 940 2232 multam
953 2197 986 2232 ec
997 2183 1102 2232 variam
1118 2182 1253 2234 exhibuis-

709 2268 739 2304 se
749 2257 863 2303 narrant
876 2249 1070 2316 supellectilem
1084 2267 1193 2303 auream
1210 2268 1252 2302 ar·

708 2326 902 2388 gentemque,
926 2320 995 2370 alias
1015 2335 1059 2370 res
1073 2323 1108 2373 ad
1127 2327 1252 2373 ornatum

708 2394 892 2457 pertinentes,
916 2405 1140 2455 squammosas,
1164 2392 1252 2456 euspi-

710 2463 771 2524 des,
792 2460 860 2522 elia,
882 2460 953 2510 unde
971 2461 1044 2525 regis
1063 2461 1148 2511 luisse
1165 2460 1253 2526 sepul-

709 2547 786 2583 crum
809 2532 838 2579 in
861 2528 1024 2581 Gerrhorum
1044 2534 1118 2581 terra
1142 2537 1252 2582 conten·

710 2602 794 2650 dunt:
812 2599 848 2650 cf.
865 2598 1045 2661 Maephersen
1065 2601 1093 2649 in
1110 2599 1252 2651 Athenaeo

711 2668 879 2720 Londineusi
892 2668 959 2718 1856
969 2682 1008 2716 nr.
1021 2668 1095 2719 1504.
1106 2684 1169 2733 pag.
1185 2669 1252 2720 1062

712 2754 779 2804 seq,
798 2736 1039 2801 Allgem.Zeitung
1058 2736 1125 2788 1856
1144 2753 1185 2788 nr.
1200 2737 1253 2789 259

711 2825 738 2874 p.
751 2807 829 2870 4135,
848 2808 923 2857 Neue
935 2806 1043 2856 Preuss.
1055 2806 1171 2871 Zeitung
1185 2806 1252 2858 1856

712 2894 753 2928 nr.
776 2877 835 2927 267.
867 2875 999 2939 Equidem
1021 2875 1054 2925 de
1074 2874 1116 2927 his
1135 2891 1253 2940 prenun-

712 2947 782 2996 tiare
796 2944 893 3002 nolim,
906 2959 974 3009 quae
985 2944 1014 2994 iu
1028 2947 1182 2995 universum
1192 2951 1253 2996 tan-

711 3022 767 3066 tum
786 3030 819 3065 ex
838 3012 1064 3078 Ephemeridibus
1081 3014 1185 3065 tradita
1207 3031 1252 3065 ae·

709 3085 777 3149 cepi.
797 3084 941 3133 Caeterum
953 3098 1130 3150 quaecunque
1142 3085 1175 3135 de
1186 3085 1253 3150 Sey-

708 3155 815 3205 thsrum
830 3168 924 3217 regum
939 3152 1071 3218 sepulcris
1083 3155 1158 3220 apud
1167 3156 1253 3206 Hero-

707 3225 801 3275 dotum
819 3223 989 3285 referuntur,
1015 3223 1051 3273 ad
1065 3223 1253 3289 Mangolerum

708 3294 838 3343 instituta
846 3293 978 3343 transfert
987 3293 1104 3359 indeque
1115 3293 1252 3345 illustrare

708 3363 801 3414 studet
817 3364 973 3413 Neumann:
999 3363 1052 3413 Die
1065 3362 1199 3415 Hellenen
1216 3365 1252 3414 im

708 3432 911 3491 Skythenlaude
924 3435 947 3483 I.
960 3448 986 3497 p.
996 3431 1045 3483 281
1060 3448 1117 3498 seq.
1131 3432 1181 3484 237
1195 3450 1252 3500 seq.

743 3496 772 3559 ἐς
788 3490 815 3563 ὃ)
834 3501 931 3552 Struve
949 3502 1134 3566 reponendum
1158 3507 1252 3555 censet

709 3561 739 3628 ἐς
750 3565 791 3620 τό.
804 3572 868 3622 vid.
881 3576 950 3622 nott.
963 3572 998 3621 ad
1010 3572 1057 3630 IV,
1071 3571 1112 3623 56.

743 3634 1011 3705 κατακεκηρωμένον
1030 3635 1082 3704 μὲν
1104 3634 1135 3689 τὸ
1162 3637 1250 3706 σῶμα]

709 3711 751 3762 Ad
766 3716 930 3761 structuram
944 3710 1016 3761 conf.
1029 3710 1128 3762 Matth.
1144 3710 1190 3761 Gr.
1205 3709 1251 3760 Gr.

710 3784 735 3844 5.
752 3781 818 3843 432,
836 3780 852 3830 5
867 3786 893 3832 et
910 3780 1015 3831 Geisler
1025 3782 1066 3830 De
1079 3780 1192 3830 Graeco.
1205 3795 1253 3829 ne-

709 3852 817 3900 minatt.
832 3866 900 3915 ques
913 3854 1013 3901 vocant
1025 3847 1160 3900 absolutis
1173 3846 1252 3911 (Vra-

136 3917 264 3983 aelpetius
275 3923 410 3987 prioribus
425 3920 537 3972 tumulis
551 3920 659 3971 additos
708 3919 799 3971 tislav.
812 3918 887 3982 1845)
898 3935 961 3984 pag.
970 3918 1070 3983 25,qui
1080 3918 1253 3995 accusatives

137 3983 317 4042 fuisseneuest
328 3991 401 4057 quod
413 4007 552 4057 negemus,
566 3995 660 4041 aucte·
709 3995 782 4041 recte
803 3987 898 4039 retulit
913 3987 948 4038 ad
965 3989 1077 4039 verbum
1090 3979 1251 4053 ductanda·

137 4057 268 4111 rellennel.
282 4077 343 4128 pag.
355 4062 407 4113 422
422 4060 492 4126 seq.)
507 4066 571 4110 ante
583 4062 662 4110 blen-
710 4072 800 4122 νονσι,
813 4063 923 4109 servata
933 4058 993 4124 lege
1003 4057 1183 4122 appositionis
1195 4057 1252 4109 vul·

138 4126 245 4186 galerum
259 4131 422 4197 irruptiones
439 4132 660 4194 dominatumque
709 4130 777 4195 gari.
794 4157 828 4165 —
846 4129 888 4178 De
901 4126 1081 4178 cadaveribus
1093 4129 1157 4178 cera
1170 4128 1253 4178 ebdu-

138 4192 223 4247 dudum
241 4205 345 4251 erectos
365 4202 451 4252 fuisse
470 4205 579 4264 pateat,
605 4215 661 4250 nen
710 4198 887 4261 crisconii,
903 4198 952 4249 140
963 4198 1055 4263 ibique
1068 4202 1137 4248 nott.
1153 4198 1203 4249 Or.
1216 4197 1254 4247 ci·

139 4265 184 4315 nisi
193 4267 224 4317 ad
234 4276 337 4334 gentem
349 4271 484 4336 quandam
496 4266 660 4334 indigenam,
710 4273 753 4318 tat
765 4270 883 4334 Zeegam
898 4270 940 4320 De
953 4268 1080 4319 obeliscc.
1093 4285 1119 4333 p.
1133 4266 1195 4329 268,
1206 4265 1255 4315 ubi

62 4370 63 4401 3
140 4333 209 4399 vulgo
221 4338 378 4403 Scytharum
390 4341 498 4390 nemine
509 4341 661 4404 antiquitus
711 4339 745 4389 de
761 4337 949 4389 consimilibus
965 4338 1078 4389 aliorum
1094 4335 1254 4403 populorum

140 4407 661 4471 comprehensamreferendieruut.Vid.
712 4408 845 4460 moribus.
875 4407 978 4474 Sponte
993 4412 1085 4459 autem
1107 4422 1153 4470 ea,
1183 4418 1254 4470 quae
