3042 5125
433 371 757 438 MELPOMENE.
782 375 837 437 IV.
858 387 884 439 2.
905 386 932 441 3.
1193 372 1256 439 289

129 574 270 640 δονέουσι
286 567 324 639 τό
337 565 431 656 γάλα.
459 567 515 636 καὶ
528 564 565 635 τὸ
584 567 647 657 μὲν
665 563 772 637 αύτού
786 568 1006 658 ἐπιστάμενον
1027 565 1257 656 ἀπαρύσαντες

128 670 273 762 ἡγεῦνται
297 671 384 743 εἶναι
405 669 620 760 τιμιώτερον,
644 669 680 740 τὸ
696 668 732 739 ‹l'
746 666 975 760 ὑπιστάμενον
990 678 1090 744 ἕσσον
1108 676 1169 740 τοῦ
1187 674 1254 742 ἑτέ-

128 805 189 864 ρον.
217 775 345 845 τούτων
366 774 429 862 μὲν
450 779 562 843 εἵνεκα
582 771 730 861 ἅπαντα,
752 772 812 845 τὸν
832 772 877 845 άν
896 775 1040 865 λάβωσι,
1067 781 1102 846 οἱ
1116 773 1253 844 Σκύθαι

127 884 332 968 ἐκτυφλοῦσι·
361 874 402 946 ού
424 875 488 966 γάρ
508 873 624 966 άρόται
646 880 726 965 atel,
755 876 840 949 άλλὰ
860 879 1012 969 νομάδες,
1052 875 1105 947 Ἐκ
1126 877 1279 954 τούτων3

127 981 163 1072 δη
181 973 228 1051 άν
246 1004 306 1070 σφι
327 987 396 1051 τῶν
417 980 549 1050 δούλων
570 982 626 1051 καὶ
648 986 715 1051 τῶν
740 988 913 1070 γυναικῶν
939 981 1108 1072 ἐπετράφη
1127 981 1253 1071 νεότης,

124 1180 243 1231 cetillius
259 1181 315 1234 vim
330 1181 524 1232 acnotionem.
561 1183 660 1246 ltaque
710 1183 827 1250 indeque
842 1185 976 1237 Herodoti
999 1184 1083 1234 verba
1099 1182 1155 1233 alie
1174 1181 1254 1233 mode

125 1266 179 1302 cum
197 1266 263 1301 rece.
281 1251 343 1301 edd.
362 1252 464 1301 retinui
481 1247 659 1317 περιστίξαν-
711 1253 849 1319 explicare
868 1256 979 1306 student
1000 1254 1048 1319 (ci.
1069 1254 1181 1304 Hauseu
1201 1252 1219 1302 l.
1235 1251 1253 1304 l.

125 1335 179 1386 τες,
195 1321 274 1386 idque
289 1320 383 1371 eedem
400 1336 496 1384 sensu,
515 1335 568 1386 quo
581 1334 659 1383 περι·
711 1340 737 1388 p.
751 1323 812 1388 69),
829 1326 961 1375 Herodoti
975 1325 1044 1375 haec
1057 1322 1141 1374 verba
1155 1323 1202 1373 vix
1213 1336 1254 1372 re-

125 1381 301 1448 κνκλύοαντες
323 1389 519 1452 (circundantes
533 1396 561 1441 et
583 1394 660 1441 collo·
711 1398 754 1458 ute
767 1394 833 1443 mihi
844 1395 1012 1446 intellexisse
1025 1392 1171 1456 videntur,
1183 1406 1254 1458 quae

125 1458 429 1525 cuntes),accipiendum
442 1464 469 1510 et
484 1459 597 1510 arerbo
611 1472 658 1509 πε·
711 1462 746 1512 ad
775 1463 866 1528 butyri
892 1464 1091 1516 confectionem
1118 1464 1254 1527 pertinere

127 1529 249 1592 ριοτίχειν
265 1531 297 1596 (i.
313 1546 339 1580 e.
352 1533 470 1581 continua
487 1532 556 1580 serie
568 1533 661 1579 circum
711 1534 772 1597 ipsa
789 1533 966 1599 Hippocratis
979 1534 1064 1584 verba
1082 1530 1169 1582 allata
1185 1531 1255 1582 satis

126 1599 251 1665 collocare)
272 1600 451 1664 repetendum
476 1598 559 1662 duco,
582 1613 661 1664 prae·
711 1602 808 1652 decere
827 1609 970 1667 poterunt:
989 1619 1075 1668 neque
1091 1600 1172 1652 aliter
1190 1600 1253 1650 inde

126 1669 387 1733 euuteWesselingio
402 1674 430 1719 et
443 1667 659 1733 probanteGuil.
711 1671 848 1721 intellexit
871 1674 916 1722 Fr.
935 1675 1023 1724 Kruse
1042 1672 1060 1722 l.
1079 1671 1097 1725 1.
1119 1687 1184 1737 pag.
1201 1669 1250 1720 291

126 1737 254 1788 Diudorfie
267 1740 296 1788 in
309 1738 444 1789 Thesaur.
457 1739 489 1789 L.
503 1738 550 1789 Gr.
564 1739 597 1788 T.
611 1737 660 1788 Vl.
711 1740 783 1803 (coll.
794 1741 845 1791 Th.
856 1743 958 1794 Krnse:
972 1743 1083 1793 Indiens
1094 1741 1193 1791 itlteste
1203 1739 1253 1790 Ge-

126 1822 149 1871 p.
158 1807 213 1858 941.
242 1807 496 1874 Schweighaeuser.
512 1807 541 1856 in
557 1807 660 1858 Lexieo
711 1810 834 1861 schiehte
857 1827 883 1875 p.
905 1810 968 1876 405)
993 1812 1026 1863 de
1049 1811 1148 1874 butyro
1170 1808 1252 1859 conii·

126 1877 244 1928 Herodot.
257 1877 308 1940 (Il.
323 1894 351 1943 p.
363 1876 425 1941 206)
438 1877 471 1928 de
483 1877 566 1927 verbo
579 1891 658 1941 περι·
710 1880 807 1930 ciendo
827 1879 898 1945 apud
922 1882 1088 1931 Herodotum
1112 1880 1156 1943 agi
1179 1884 1253 1928 recte

126 1944 214 2006 οτίζαν
227 1949 315 1998 minus
333 1951 409 1997 recte
429 1947 553 2011 cogitans
563 1946 658 1996 eodem
709 1950 905 2015 pronuntians,
929 1952 1048 2015 itemque
1066 1950 1154 1999 Ritter
1174 1947 1253 2009 (Vor-

126 2015 194 2066 modo
204 2017 342 2082 explicat:
360 2019 477 2069 continua
488 2019 556 2067 serie
565 2019 658 2066 circum
708 2018 782 2068 halle
794 2034 821 2083 p.
833 2018 911 2082 357),
928 2020 974 2084 qui
986 2018 1118 2069 Herodoti
1129 2017 1213 2066 rerba
1226 2020 1253 2067 ct

125 2089 251 2146 collocare,
274 2087 425 2138 accedente
445 2085 610 2135 Schneidero
630 2086 659 2133 iu
709 2090 769 2154 ipae
794 2088 830 2137 ad
848 2088 942 2152 butyri
963 2089 1047 2139 refert
1072 2087 1252 2153 parationem,

125 2154 207 2207 Lexic.
221 2156 267 2207 Gr.
300 2156 379 2207 Idem
396 2154 507 2207 verbum
523 2155 595 2204 inira
609 2154 658 2218 lv,
709 2173 779 2225 quae
795 2157 908 2208 Graecis
928 2163 1012 2209 autea
1030 2158 1172 2223 incognita
1187 2155 1253 2220 Scy·

125 2223 177 2278 202.
190 2251 222 2260 —
234 2219 366 2274 δονέουσι
377 2216 408 2273 τὸ
419 2215 489 2288 γάλα
501 2224 590 2275 valet:
605 2227 660 2289 api·
709 2229 764 2277 this
782 2227 864 2277 Ponti
885 2227 987 2279 accolis
1006 2229 1081 2293 prius
1100 2225 1254 2276 innotuisse

125 2303 171 2344 tuat
182 2298 236 2354 luc,·
252 2295 309 2347 vid.
326 2295 438 2346 Homer.
455 2292 498 2345 lli.
515 2292 658 2356 xll,1o7.
708 2298 845 2356 videatur,
854 2313 978 2363 quaeque
989 2298 1061 2363 apud
1069 2298 1187 2347 Graecus
1195 2295 1253 2344 Ari·

124 2363 201 2425 XVII,
213 2364 247 2414 55
261 2370 290 2416 θλ
302 2364 378 2415 00¹1f·
392 2368 462 2415 nott.
478 2363 513 2413 td
524 2362 658 2413 Herodoi·
709 2372 785 2418 steae
799 2366 982 2417 adscribatur.
1007 2369 1049 2418 De
1059 2365 1169 2418 Aristeu
1179 2364 1252 2415 conl.

123 2433 169 2483 v11
197 2433 219 2483 l.
710 2437 751 2487 1v
775 2437 807 2488 13
821 2452 850 2486 se
871 2476 877 2486 .

157 2470 202 2551 ult
222 2493 252 2551 τὸ
275 2494 329 2568 μὲν
352 2490 440 2550 αὐτοῦ
460 2490 658 2566 ἐπιστάμενον]
744 2474 779 2554 <ld
798 2454 971 2571 pdqqdqo'm
987 2500 1055 2571 εἰσι,
1078 2495 1147 2554 ἀλλὰ
1165 2494 1249 2570 vopu-

124 2559 297 2638 interciperent
307 2572 356 2622 hic
365 2577 481 2622 vocatur
491 2571 572 2633 illud,
586 2572 659 2636 quod
710 2573 769 2642 dre]
782 2577 905 2641 „Nempe
915 2593 969 2626 non
979 2578 1032 2627 nisi
1044 2575 1174 2626 nomades
1188 2574 1218 2637 (i.
1228 2590 1253 2623 c.

125 2641 149 2689 in
161 2641 229 2693 laete
242 2657 361 2708 superne
378 2646 435 2691 stat
455 2642 515 2693 sive
528 2656 658 2706 superna·
709 2645 846 2711 pastores)
859 2646 977 2710 Scythae
988 2650 1135 2696 excaecant
1146 2659 1252 2701 servos3

124 2715 177 2774 Μ,
202 2712 272 2777 q1¹⁰d
298 2710 375 2764 Galli
394 2716 496 2761 V⁰⁰⁸¹¹l
518 2715 544 2761 la
566 2711 656 2770 Ore'me,
709 2730 775 2779 agre
802 2714 917 2765 colendo
939 2717 1010 2765 caeci
1031 2729 1127 2778 parum
1147 2711 1253 2762 habiles

112 2780 186 2832 uuile
206 2783 336 2833 Latinam
360 2796 454 2832 vocem
479 2797 577 2831 memus
602 2780 658 2830 for·
708 2790 788 2836 eraut
801 2784 917 2835 futuri.“
945 2784 1172 2848 Scdwciplrueuser.

124 2864 203 2901 masse
213 2852 298 2902 fertur
311 2852 496 2912 Fortunatus,
513 2851 585 2901 sexti
598 2864 657 2901 sae·

125 2919 237 2986 eulipost
247 2919 311 2972 Chr.
322 2938 351 2971 n.
363 2922 455 2985 potita.
475 2920 564 2970 italus
576 2920 658 2969 inter·
911 2955 967 3004 cn
997 2954 1039 3004 m

124 3003 176 3052 pres
196 2991 376 3056 Hippocratis
403 2990 482 3041 affert
502 2988 589 3040 locum
615 2989 658 3038 De
970 2991 977 3004 '
1042 2991 1049 3004 ⁸

124 3059 173 3107 air.
182 3075 223 3125 aq.
233 3061 341 3111 etleec.
352 3059 418 3121 §.94
429 3058 488 3126 [ubi
497 3058 576 3124 plura
586 3073 658 3108 nunc
744 3048 794 3108 Ἐκ
812 3048 920 3106 τούτων
933 3084 966 3092 -
981 3046 1125 3122 ἐπετράφη
1142 3045 1250 3121 νεότης]

125 3128 209 3179 attulit
226 3129 332 3181 Coralis
349 3129 381 3178 T.
397 3129 434 3180 11.
447 3144 511 3194 pag.
522 3128 570 3178 281
586 3125 657 3193 seq.]
708 3117 814 3177 τούτων
841 3143 890 3192 pro
918 3120 1036 3176 τουτέων
1064 3126 1163 3189 scripsi
1191 3140 1252 3175 cum

127 3199 176 3247 sire
188 3213 246 3263 cap.
261 3199 294 3251 18
303 3198 350 3248 fin.
363 3198 397 3247 de
408 3199 532 3263 Scythis:
550 3192 600 3245 καλ
612 3194 657 3246 πί·
709 3197 834 3249 (trister
843 3186 1252 3261 Matthiaee,itemquer'rrrrpu'-

127 3279 195 3316 τουσι
204 3261 381 3332 ηάλαῖππων
394 3264 444 3317 καὶ
453 3257 582 3332 ἱππάκην
591 3257 658 3331 roei-
709 3282 751 3332 φη
761 3282 822 3316 cum
833 3266 985 3331 Schweigb.
998 3272 1025 3316 et
1034 3265 1122 3315 Gaias.
1131 3280 1181 3330 pro
1194 3264 1253 3315 vul-

127 3349 208 3398 peum·
231 3335 313 3387 τοῦτο
329 3326 358 3386 d’
373 3329 430 3385 ἐστὶ
448 3328 532 3402 τύρος
551 3334 656 3399 ἵππων,
709 3341 776 3403 gato
789 3327 911 3401 ἐτράφη,
929 3336 1000 3402 quod
1017 3334 1138 3386 servavit
1153 3333 1252 3384 Mattlr.

127 3407 213 3470 quibus
227 3408 320 3459 verbis
334 3405 435 3457 addere
447 3407 525 3458 iuvat
543 3406 658 3456 alterum
709 3421 765 3456 nen
773 3407 923 3471 respiciens
932 3406 1029 3470 opiner
1037 3421 1095 3455 eam
1106 3404 1171 3465 rim,
1181 3418 1253 3468 quae

126 3476 234 3527 eiusdem
240 3477 421 3543 Hippocratis
429 3475 579 3533 lecumlDe
589 3491 658 3525 mor·
709 3476 736 3527 h.
750 3475 769 3525 l.
784 3476 811 3524 in
825 3476 1033 3540 praepositione
1046 3467 1093 3523 tol
1110 3474 1201 3523 inesse
1214 3473 1254 3523 vi·

127 3545 162 3596 bis
171 3547 213 3597 lV.
225 3563 290 3613 pag.
301 3546 355 3598 508
364 3547 407 3598 ed.
416 3547 497 3597 Foes.
509 3546 567 3597 sive
580 3545 658 3596 Tem.
709 3545 797 3597 detur.
823 3545 902 3595 Coni.
915 3544 953 3606 11,
967 3544 1031 3608 121,
1047 3544 1058 3593 l
1074 3549 1101 3593 et
1115 3558 1183 3608 quae
1198 3540 1255 3592 alia

127 3614 159 3664 ll.
176 3632 234 3695 pap.
248 3616 300 3669 357
318 3631 376 3682 seq.
395 3617 437 3667 ed.
453 3613 587 3680 Kuehn.):
605 3606 658 3662 άλσ-
708 3615 793 3665 habet
804 3614 921 3665 Bredov.
937 3628 999 3679 pag.
1020 3612 1080 3663 350.
1116 3612 1196 3674 Quod
1213 3627 1253 3661 sc·

126 3697 171 3747 περ
185 3697 210 3734 or
222 3676 341 3735 Σκύθαι
356 3680 483 3735 ποιέοντι
501 3676 531 3734 ἐκ
546 3680 597 3733 τοῦ
613 3676 658 3733 irr-
709 3686 801 3749 quitur
827 3678 870 3745 ot,
900 3683 935 3734 ad
955 3673 1052 3747 νεότης
1073 3680 1253 3741 referendum,

127 3752 199 3803 πελου
215 3747 366 3819 γάλακτοςμ
397 3746 540 3818 ἐγχέαντες
557 3745 610 3818 γάρ
630 3744 658 3809 ἐς
709 3755 849 3804 structura
862 3752 897 3802 ad
911 3767 1035 3813 sensum,
1058 3765 1128 3814 quae
1142 3749 1253 3808 dicitur,

128 3813 188 3881 ξύλα
199 3826 279 3901 κοῖλα
291 3821 411 3874 σείουσι·
435 3815 466 3873 τὸ
481 3817 512 3872 dl
525 3814 658 3887 ταρασσό-
709 3823 782 3873 haud
802 3821 973 3902 infrequenti.
996 3820 1051 3899 &Sic
1063 3820 1163 3868 Noster
1174 3817 1254 3901 llm'

127 3904 314 4026 tlttttt‘f
330 3886 659 4029 tidttttttlolll
710 3887 1255 4025 litot‘t‘lttlttttliutsm

127 4020 252 4097 ἐπιπολῆς
264 4030 403 4082 deleratur
415 4023 541 4094 ἐλαφρὸν
554 4022 616 4093 liv,
629 4028 660 4079 τὸ
711 4031 780 4083 alios
790 4045 850 4081 esre
859 4029 1041 4094 atqueSindoa
1049 4026 1178 4092 ignobiles,
1186 4040 1254 4091 quoe

129 4091 154 4148 dl
170 4098 237 4167 βαρύ
248 4098 298 4152 καὶ
314 4094 384 4166 ταχύ
401 4092 477 4151 κάτω
496 4099 619 4163 ἵσταται,
644 4086 661 4147 ὃ
711 4098 1072 4151 commemoratdmmianus
1080 4094 1255 4145 Marcellinus

128 4165 169 4218 nul
180 4162 381 4236 ἀποκρίναντες
391 4167 572 4236 ξηραίνονσι·
587 4160 660 4234 ἐπὴν
710 4171 807 4233 xxll,
819 4171 851 4231 8,
870 4168 968 4219 statuit
980 4168 1011 4217 P.
1025 4166 1058 4216 de
1070 4166 1211 4230 Koeppen.
1227 4165 1255 4214 in

129 4230 156 4285 ll
166 4239 238 4306 παγῇ
248 4237 298 4290 καὶ
308 4237 451 4307 ξηρανθῇ,
469 4229 599 4304 λππάκην
611 4253 660 4303 μιν
710 4239 790 4299 libro,
803 4240 850 4304 qui
861 4238 1034 4289 inscribitur:
1054 4234 1256 4285 Althertlriimer

128 4304 278 4373 καλέουσιν,
295 4300 351 4359 ὁδὶ
364 4297 449 4375 ὄρρος
461 4307 512 4359 τοῦ
524 4300 660 4372 γάλακτος
712 4325 754 4358 am
767 4307 958 4374 Nordgestade
974 4308 1021 4358 dea
1034 4307 1138 4355 Pontus
1153 4304 1255 4365 (Wicn.

129 4365 235 4442 ἶτμέσῳ
249 4371 315 4429 ἔστί.
348 4381 438 4442 Quare
459 4380 494 4442 ii,
517 4379 564 4445 qui
580 4393 661 4443 equa·
713 4377 792 4440 1823)
808 4394 872 4445 pag.
885 4378 932 4441 63,
950 4378 1003 4427 huc
1021 4390 1128 4441 quoquc
1145 4372 1256 4422 trahens

129 4458 181 4495 rum
202 4447 245 4499 lac
264 4449 393 4514 praebere
410 4450 539 4516 butyrum
558 4451 661 4513 negant
712 4463 772 4498 eam
790 4449 942 4514 regionem,
963 4460 1034 4512 quae
1050 4442 1123 4509 apud
1137 4442 1256 4525 Plinium

164 4552 325 4596 uasonor.
348 4556 383 4598 11.
1013 4531 1052 4595 19
