3042 5125
512 382 714 446 THALIA.
737 385 797 447 111.
817 395 862 450 st.
883 398 927 451 35.
1252 393 1301 452 71¹

148 581 244 640 σθαι.
286 569 353 640 Τόν
372 571 437 660 μὲν
456 570 499 663 δὴ
516 576 629 662 λέγειν
647 581 753 645 ταῦτα
772 577 851 663 περὶ
869 581 1049 666 Περσέων,
1081 577 1141 649 τόν
1164 579 1202 650 dl
1222 592 1290 652 θυ-

148 676 311 763 μωθέντα
330 675 446 745 recolis
464 673 681 766 insideretur·
716 685 795 750 Νῦν
814 676 879 767 ἀρα
898 683 943 770 μέ
959 703 1043 769 φασι
1062 685 1189 771 Πέρσαι
1208 695 1291 779 οἴνῳ

149 786 397 866 προσκείμενον
410 785 660 870 παραφρονέειν
680 784 736 852 καὶ
756 779 819 853 οὐκ
835 782 922 855 εἶναι
941 783 1101 874 νοήμονα.
1133 783 1208 856 οὐδ’
1225 786 1291 876 ἀρα

148 883 267 970 σφέων
279 887 316 953 ολ
326 881 484 973 πρότεροι
498 885 592 973 λόγοι
605 877 693 976 ἦσαν
704 884 857 976 ἀληθέες.
892 887 1064 978 Πρότερον
1079 886 1144 977 μάρ
1158 888 1201 979 δὴ
1214 888 1290 980 ἀρα,

96 1000 148 1050 212
156 987 321 1073 Περσέων
333 990 369 1056 oi
379 989 557 1076 συνέδρων
569 988 697 1061 ἐόντων
712 993 770 1060 καλ
784 998 951 1080 Κροίσου,
974 1003 1082 1082 ελρετο
1094 992 1290 1082 Καμβύσης,

147 1089 241 1170 κοῖός
260 1117 311 1171 τις
331 1094 444 1161 δοκέοι
464 1088 551 1181 ἀνὴρ
571 1092 660 1163 εἶναι
683 1093 766 1182 πρός
784 1093 846 1165 τόν
864 1097 991 1184 πατέρα
1005 1097 1135 1166 τελέσαι
1156 1102 1289 1186 Κῦρον·

146 1198 182 1263 οί
194 1193 234 1264 δὲ
247 1191 444 1283 ἀμείβοντο,
470 1191 515 1276 τός
535 1205 588 1286 είη
602 1193 752 1285 ἀμείνων
770 1204 833 1268 τοῦ
845 1198 987 1287 πατρός·
1017 1199 1057 1268 τά
1069 1226 1105 1269 τε
1120 1196 1186 1288 yolo
1200 1203 1288 1270 ἐκεί-

145 1325 211 1367 νου
226 1298 337 1368 πάντα
348 1304 438 1388 ἔχειν
450 1295 571 1386 αὐτόν,
586 1301 643 1370 καὶ
657 1308 907 1392 προσεκτῆσθαι
919 1302 1094 1390 Αἴγυπτόν
1106 1330 1143 1372 τε
1156 1305 1213 1373 καλ
1226 1302 1290 1393 τὴν

145 1399 336 1471 θάλασσαν.
376 1405 505 1488 Πέρσαι
522 1405 586 1492 μέν
598 1410 704 1474 ταῦτα
717 1411 852 1494 ἔλεγον,
872 1414 1017 1496 Κροῖσος
1031 1407 1086 1492 δέ,
1103 1408 1288 1496 παρεόντε

146 1507 205 1574 καλ
218 1502 283 1574 οὐκ
302 1500 526 1594 ἀρεσκόμενος
545 1513 587 1598 τῇ
601 1515 712 1595 κρίσι,
736 1508 810 1580 εἷπε
824 1508 907 1600 πρὸς
920 1507 979 1580 τόν
992 1508 1176 1600 Καμβύσεα
1189 1509 1287 1581 τάδε·

142 1607 235 1696 Ἐμοί
249 1610 314 1697 μέν
328 1636 411 1694 ναν,
434 1600 460 1678 ὦ
474 1626 536 1680 παλ
550 1611 669 1701 Κόρου
677 1665 687 1699 ,
711 1609 752 1681 οὐ
775 1617 903 1694 δοκέεις
921 1609 1033 1703 ὁμοῖος
1055 1612 1142 1683 εἶναι
1163 1619 1210 1707 τῷ
1223 1641 1286 1684 πα·

146 1716 235 1800 τέρι·
270 1708 311 1783 οὐ
334 1712 399 1801 γάρ
423 1741 473 1782 κω
499 1721 554 1784 τοί
571 1719 640 1786 έστι
661 1713 752 1801 υίός,
776 1712 849 1787 οἷόν
874 1739 912 1787 σε
935 1720 1062 1798 ἐκεῖνος
1082 1724 1287 1788 κατελίπετο.

146 1812 239 1905 ἥσθη
254 1844 290 1885 τε
306 1821 412 1886 ταῦτα
424 1815 571 1898 ἀκούσας
589 1813 607 1888 ό
621 1819 821 1909 Καμβύσης,
846 1822 902 1890 καὶ
919 1823 1053 1890 ἐπαίνεε
1066 1818 1128 1909 την
1138 1829 1288 1909 Κροίσου

145 1926 273 2008 κρίσιν.
320 1919 457 1991 Τούτων
479 1919 521 2011 δὴ
541 1913 590 1992 ὧν
610 1925 861 2013 ἐπιμνησθέντα
887 1921 971 2016 ὀργῇ
993 1926 1105 2011 λέγειν
1124 1922 1207 2010 πρὸς
1225 1923 1284 1995 τόν
1294 1929 1334 1989 35

144 2022 370 2114 Πρηξάσπεα·
400 2021 455 2093 Σὺ
473 2030 539 2095 νῦν
553 2025 643 2115 μάθε
658 2023 776 2112 αὐτὸς,
799 2033 831 2095 εί
848 2028 983 2115 λέγουσι
995 2030 1125 2114 Πέρσαι
1145 2023 1285 2116 ἀληθέα,

181 2222 260 2298 ἀνὴρ
276 2222 438 2296 εἶναιπρὸς
455 2224 505 2284 τόν
523 2228 632 2299 πατέρα
650 2250 692 2286 τε-
743 2237 894 2288 bseuserus
909 2234 1018 2285 Latinis
1043 2233 1134 2285 verbis
1158 2233 1287 2296 reddidit,

144 2296 224 2352 λε’σαι
240 2301 348 2368 Κῦρον]
373 2303 535 2392 Ψεεεοίἰαρ.
549 2321 611 2356 enm
629 2304 692 2357 aliis
743 2321 877 2373 quemque
899 2304 1014 2355 eundem
1037 2304 1077 2355 sic
1100 2303 1176 2353 reddi
1198 2303 1287 2354 voluit

142 2377 214 2424 ante
230 2365 337 2422 τελέσαι
356 2372 481 2424 voculam
503 2388 572 2427 ιυστε
590 2377 692 2426 subau-
742 2376 901 2440 Bernhardy
920 2373 1028 2426 Grieeb.
1044 2374 1159 2438 Syntex.
1174 2390 1201 2439 p.
1220 2374 1285 2426 265:

142 2444 224 2494 diens
239 2442 308 2494 baec
323 2443 475 2495 itersddit:
494 2454 542 2508 „ut
557 2447 594 2496 ad
606 2450 693 2511 pan-tr
740 2466 802 2509 „mn
815 2462 896 2512 ηοριιι
906 2446 996 2509 Kyros
1013 2460 1045 2494 ια
1064 2447 1215 2509 τακηὶναιι.“
1242 2445 1284 2496 De

142 2517 280 2580 αυειορλιιτ
300 2516 431 2580 perueniat
450 2530 473 2566 s.
493 2532 547 2569 αιιαι
570 2519 692 2583 aequipa-
742 2534 795 2570 usu
813 2512 1023 2582 praepositionis
1043 2503 1117 2578 πρός
1132 2514 1161 2562 in
1176 2530 1283 2579 compa-

142 2588 216 2636 ret.“
229 2583 691 2652 Schweigb.interpretatnr:,‚qua·
740 2586 893 2638 rationibus
914 2582 1032 2632 diximus
1053 2584 1088 2633 ad
1105 2585 1146 2647 ΙΙ,
1166 2585 1200 2634 35
1221 2584 1283 2635 coll.

141 2657 301 2719 ίίεοὶτίριε
319 2663 453 2706 carettum
466 2656 691 2721 putredisrocol-
740 2656 850 2719 111,94.
935 2707 943 2727 ,

142 2725 250 2776 zatus.“
277 2724 383 2790 Steger.
400 2723 428 2773 in
442 2726 561 2789 praefat.
579 2742 604 2791 p.
620 2725 690 2775 XIII
778 2719 827 2773 sul
848 2712 899 2770 οὐκ
925 2710 1113 2783 ἀρεσκόμενος
1133 2717 1167 2784 τῇ
1193 2718 1281 2786 κρίσι]

142 2793 270 2855 dubitat,
298 2810 334 2844 en
358 2793 474 2859 simplex
492 2795 593 2857 τελεῖν,
617 2791 688 2858 quod
739 2795 757 2844 i.
774 2809 798 2844 e.
818 2800 842 2842 et
861 2791 902 2840 rui
917 2789 1131 2868 displicebatstoo
1146 2790 1285 2840 Perearron

141 2879 207 2914 curn
227 2863 431 2929 praepositione
455 2858 495 2922 τίς
514 2864 688 2913 coniunctum
739 2864 863 2913 indiction.
895 2858 938 2908 De
957 2857 1040 2907 verbo
1059 2852 1233 2920 αρέσκεσθαι
1247 2860 1282 2908 ci.

140 2932 239 2984 valeat
250 2934 358 2996 referri,
377 2938 478 2985 censeri
487 2937 554 2985 iuter
564 2934 633 2983 ciros
646 2929 689 2996 (ut
738 2930 897 2992 Herodlv,
907 2928 950 2978 78.
960 2927 1023 2989 vn,
1036 2925 1086 2977 160
1097 2927 1188 2992 ibique
1199 2933 1283 2987 nott.;

141 3005 187 3065 11,
201 3005 246 3054 51.
259 3003 312 3063 VI,
325 3002 401 3065 108),
415 3002 571 3067 significare
585 3001 687 3065 possit:
739 3001 774 3052 de
791 2999 887 3050 dativo
904 2996 1000 3048 addito
1019 2998 1126 3047 monuit
1144 2996 1281 3048 Kuehner.

138 3073 688 3155 pmenireadalipnid‚aequiporare,curn
739 3071 786 3123 Gr.
802 3070 849 3121 Gr.
863 3072 887 3132 ᾗ.
901 3067 961 3118 584.
988 3066 1091 3131 Scripsi
1110 3071 1202 3118 eutem
1221 3083 1282 3117 cum

142 3141 284 3193 διατελεῖν
295 3155 333 3191 sc.
348 3155 400 3205 την
410 3129 480 3189 ὁδὸν
489 3140 544 3192 dici
553 3138 689 3205 oportuis-
739 3140 801 3191 edd.
809 3142 924 3191 recentt.
932 3134 1018 3201 κρίσι,
1032 3142 1063 3187 ut
1077 3137 1155 3199 VIII,
1165 3136 1208 3197 69,
1221 3153 1283 3201 pro·

141 3218 200 3273 set,
220 3216 252 3260 nt
269 3210 295 3259 in
315 3209 441 3276 Xenoph.
457 3210 544 3261 Anab.
563 3211 593 3271 1,
610 3211 641 3271 5,
661 3212 686 3260 7.
738 3212 822 3261 bante
833 3208 951 3260 Bredov.
965 3223 993 3273 p.
1003 3208 1068 3269 2673
1087 3206 1169 3272 vulgo
1182 3204 1280 3270 κρίσει.

140 3285 235 3345 Quare
251 3279 365 3330 rescribi
381 3279 456 3330 vult:
482 3271 554 3345 πρὸς
569 3268 602 3328 τό
617 3280 646 3341 (i.
662 3295 687 3329 e.
739 3281 773 3332 In
794 3279 917 3346 proxime
937 3276 1164 3329 antecedentibus
1185 3277 1283 3341 scripsi

140 3343 216 3415 πρὸς
236 3346 318 3398 τοῦτο
337 3336 364 3413 3)
387 3340 403 3399 ό
422 3340 516 3415 πατήρ
534 3341 565 3397 οἵ
581 3342 688 3398 τελέσαι
738 3353 926 3401 cnmreeentt.
937 3347 998 3398 edd.
1010 3341 1118 3412 Πέρσαι
1133 3340 1184 3411 μέν
1196 3345 1282 3395 ταῦτα

142 3419 687 3486 Kripoc‚odtd,quods'poiaspaterper-
738 3412 848 3483 ἔλεγον,
877 3418 979 3469 emisse
997 3415 1096 3468 vocula
1117 3408 1169 3479 δὴ,
1199 3432 1282 3482 quum

135 3493 235 3555 secer-it
247 3491 343 3555 θηται,
364 3490 412 3541 ubi
427 3482 533 3539 τελέσαι
547 3504 595 3553 pro
609 3493 687 3553 opta·
737 3496 801 3556 post
812 3482 864 3552 pio
878 3505 912 3540 ex
930 3502 985 3538 nno
1000 3484 1139 3538 Sancrofti
1155 3486 1226 3536 libro
1242 3486 1283 3536 in-

139 3561 200 3612 tivo
210 3559 409 3624 accipiendum.
428 3559 530 3610 Contra
542 3573 621 3624 quem
631 3573 688 3608 mo·
736 3560 825 3613 seruit
842 3557 981 3608 Gaisford.
999 3557 1112 3621 reliquis
1130 3555 1208 3606 libris
1226 3571 1281 3605 non

140 3630 205 3682 nuit
216 3644 313 3681 censor
323 3628 475 3694 Lipsiensis
487 3628 562 3680 1829.
571 3644 612 3679 nr.
627 3626 686 3679 136.
736 3628 939 3680 addicentibus.
968 3628 1001 3676 In
1016 3626 1069 3704 fine
1082 3625 1181 3702 eapitis
1194 3626 1229 3675 ad
1244 3622 1282 3674 lo-

140 3717 206 3768 psg.
225 3699 306 3760 1686,
329 3699 417 3749 τελεῖν
434 3699 529 3764 utique
553 3713 632 3764 posse
651 3697 687 3748 si·
735 3700 872 3751 cntionem
891 3690 1149 3763 ῆσθη-αιιουοας
1166 3694 1283 3744 Valcke-

139 3769 274 3837 gnifioare
288 3771 472 3835 pmcnircud
484 3770 592 3834 ολίριιίά,
613 3771 643 3818 nt
658 3768 687 3817 in
737 3786 797 3820 ner.
814 3768 848 3818 de
862 3783 914 3820 usu
929 3766 1085 3831 participii,
1110 3764 1182 3829 quod
1196 3764 1281 3814 verbo

139 3840 267 3904 Tbnoyd.
281 3839 329 3899 IV,
340 3839 382 3890 78.
395 3839 434 3900 11,
444 3839 478 3891 97
491 3837 606 3902 aliisque
618 3837 686 3888 tocie
737 3827 862 3905 ἥδεσθαι
876 3843 905 3888 et
924 3837 1059 3887 similibus
1074 3835 1186 3899 adiungi
1200 3832 1280 3897 solet,

139 3910 272 3963 excitatis
286 3925 304 3959 a
317 3908 348 3960 C.
361 3909 407 3960 Fr.
417 3910 565 3959 Hermann.
583 3907 620 3958 ad
633 3908 688 3958 Lu·
735 3909 815 3975 plure
830 3909 926 3959 attulit
938 3906 964 3956 h.
978 3906 996 3956 l.
1010 3907 1056 3955 vix
1069 3902 1231 3968 repetenda:
1250 3908 1281 3954 tu

140 3983 215 4032 cian.
236 3980 279 4030 De
295 3979 428 4030 conscrib.
452 3977 516 4030 bist.
531 3994 559 4042 p.
576 3977 687 4029 430011.
735 3979 792 4030 vid.
806 3978 886 4030 modo
898 3976 1035 4028 Kuebner.
1050 3976 1096 4027 Gr.
1110 3975 1158 4025 Gr.
1170 3976 1194 4036 ξ.
1204 3973 1265 4025 659.

140 4052 204 4102 226.
232 4048 327 4100 Naber
345 4049 375 4098 in
393 4049 563 4112 Mnemosyn.
584 4047 636 4098 111.
660 4064 687 4114 p.

139 4121 194 4173 479
215 4119 301 4170 verba
322 4111 428 4168 τελέσαι
450 4115 547 4182 Κῦρον
564 4117 688 4168 insiticia
915 4151 973 4202 off
995 4148 1098 4199 XXXV

138 4190 235 4242 babet.
273 4188 373 4255 Νομία
391 4189 470 4240 uncis
492 4187 603 4239 inclusit
626 4204 688 4239 ver·
975 4187 982 4201 ’
1018 4241 1055 4261 Η
1100 4185 1107 4199 ”

141 4261 206 4311 burn
224 4250 346 4323 τελέσαι,
368 4258 440 4324 qnod
458 4273 545 4324 neque
565 4257 686 4323 spurium
772 4246 815 4306 Σό
828 4251 881 4305 νῦν
898 4251 977 4321 μοίθε
990 4250 1086 4318 notos]
1109 4252 1222 4304 Retinui
1234 4268 1282 4303 vo-

140 4345 231 4396 neque
256 4343 456 4394 supervacuum
482 4343 543 4379 esse
568 4327 685 4391 videtur,
736 4343 796 4379 cem
809 4316 895 4383 αὐτὸς
909 4341 927 4375 a
941 4323 1093 4389 Schweigb.
1105 4321 1281 4373 etGaissord.

141 4400 166 4450 si
179 4399 289 4466 quidem
303 4415 366 4450 eum
381 4400 413 4449 in
428 4398 471 4449 bis
489 4398 581 4449 verbis
596 4398 687 4449 inesse
736 4412 751 4447 e
764 4396 870 4448 duobus
881 4396 960 4447 codd.
973 4399 1125 4460 receptam,
1138 4406 1221 4457 qnam
1232 4405 1281 4440 un-

143 4475 275 4537 pntamus
300 4485 423 4533 sensum,
438 4465 529 4536 lquem
551 4467 685 4535 Schweig-
736 4467 776 4518 cis
791 4465 905 4518 inclusit
914 4464 1057 4528 Dietscb.‚
1077 4474 1188 4529 prorsus
1200 4459 1283 4509 eiecit
