3042 5125
441 408 761 472 MELPOMENE.
785 411 840 473 IV.
862 421 906 476 94.
926 422 971 476 95.
1209 412 1271 475 483

147 601 207 665 τόν
224 594 281 665 τόν
303 592 546 686 Ἑλλήσποντον
565 598 745 670 οἰκεόντων
766 598 935 691 Ἑλλήνων
958 605 1015 673 καὶ
1032 602 1183 692 Πόντον,
1212 602 1271 675 τὸν

146 700 300 787 Ζάλμοξιν
313 705 450 789 τοῦτον,
470 703 568 774 ἐόντα
581 700 783 794 ἄνθρωπον,
805 710 985 775 δουλεῦσαι
999 710 1037 775 ἐν
1049 707 1174 801 Σάμῳ,
1192 712 1270 778 dov-

145 808 250 872 λεῦσαι
265 804 302 872 ei
317 805 506 897 Πυθαγόρῃ
519 813 568 901 τῷ
579 807 807 898 Μνησάρχου·
840 813 1003 879 ἐνθεῦτεν
1023 811 1059 880 δὲ
1074 808 1194 896 αὐτόν,
1215 839 1270 898 γε·

142 905 275 996 νόμενον
288 907 489 998 ἐλεύθερον,
510 911 660 1001 χρήματα
673 912 860 1001 κτήσασθαι
874 910 995 1001 συχνὰ,
1010 914 1218 1004 κτησάμενον
1234 916 1271 985 dt

143 1008 296 1080 ἀπελθεῖν
309 1015 343 1092 ἐς
355 1010 416 1102 τὴν
430 1016 564 1085 ἑωυτοῦ.
592 1013 650 1085 ἅτε
666 1017 703 1086 δὲ
716 1024 886 1104 κακοβίων
899 1044 935 1085 τε
949 1015 1074 1087 ἐόντων
1087 1022 1155 1088 των
1169 1027 1268 1108 Θρηΐ-

143 1141 206 1183 κων
229 1117 285 1184 καὶ
307 1111 612 1210 ὑπαφρονεστέρων
636 1118 696 1188 τόν
717 1119 883 1210 Ζάλμοξιν
907 1125 1027 1190 τοῦτον
1052 1121 1272 1212 ἐπιστάμενον

144 1218 267 1288 δίαιταν
279 1246 315 1288 τε
333 1216 422 1290 'iiia
442 1225 499 1293 καὶ
512 1221 599 1313 ἤθεα
612 1223 787 1312 βαθύτερα
802 1219 825 1311 ἢ
840 1222 924 1293 κατὰ
940 1224 1104 1314 Θρήϊκας,
1128 1222 1183 1295 οἷα
1194 1223 1270 1295 Ἕλ-

142 1419 241 1472 terioris
260 1421 397 1475 Thraciae
421 1425 547 1491 regiones
567 1426 678 1476 minime
727 1422 902 1489 Pythagorae
922 1428 1029 1490 patrem
1050 1429 1272 1489 commemorant,

141 1497 292 1556 penetrasse
305 1492 444 1557 putandus
458 1500 519 1547 erit.
537 1496 677 1560 villena
728 1509 817 1559 neque
826 1494 970 1545 admodum
978 1496 1040 1546 inde
1054 1497 1194 1548 discedere
1204 1502 1272 1561 puto

141 1576 165 1625 p.
179 1561 235 1616 128.
252 1590 286 1598 -
297 1565 461 1629 Hellesponti
471 1582 569 1617 nomen
583 1564 678 1617 latiori
727 1563 923 1628 Iamblichum,
947 1566 994 1631 qui
1012 1568 1065 1630 (De
1083 1569 1133 1619 vit.
1151 1567 1271 1632 Pythag.

142 1644 216 1681 sensu
228 1631 273 1682 hic
289 1633 443 1685 adhibitam
456 1637 573 1689 videtur.
597 1635 677 1687 Conl.
728 1634 772 1697 ΙΙ,
790 1635 816 1684 4.
841 1650 870 1700 ρ.
889 1636 924 1685 ‘20
940 1635 1069 1702 Kuester)
1092 1629 1272 1701 Μνήμαρχον

142 1706 204 1750 nott.
216 1702 250 1753 ed
263 1703 312 1764 IV,
323 1703 367 1755 85.
728 1705 800 1768 (sive
819 1704 920 1754 Dorice
939 1699 1130 1771 Μνόμαρχον)
1149 1705 1273 1771 appellat

174 1762 252 1820 ἐοντα
269 1759 441 1838 ἄνθρωπον]
467 1774 538 1823 Num
560 1773 626 1823 deus
642 1789 678 1823 an
728 1779 834 1838 patrem
857 1773 1040 1839 Pythagorae.
1070 1776 1112 1826 Tu
1135 1776 1192 1825 vid.
1213 1777 1273 1825 Kri-

143 1838 214 1891 homo
225 1842 349 1892 mortalis
361 1842 605 1907 ineritZalmoxis,
625 1843 680 1893 dis·
728 1843 808 1894 eche:
830 1843 871 1893 De
884 1846 1026 1895 societatis
1046 1845 1232 1910 aPythagora
1244 1845 1274 1894 in

143 1912 218 1974 quirit
229 1911 439 1978 Rhouaopoulns
457 1929 485 1978 p.
498 1914 532 1962 2⁴
549 1929 606 1979 seq.
619 1914 678 1978 ipse
727 1912 913 1965 urbeCroton.
923 1915 1052 1964 conditae
1064 1930 1147 1980 scopo
1159 1915 1273 1981 politico

142 1980 177 2029 sic
199 1983 392 2046 pronuntians:
423 1982 582 2034 Gebele'izin
606 1983 679 2033 anti·
727 1998 788 2049 pag.
805 1983 830 2046 3,
844 1983 976 2035 Creuser:
991 1985 1045 2034 Zur
1054 1983 1274 2035 Gemmenlrnnde

141 2050 291 2115 quissimum
316 2053 447 2104 Getarum
476 2053 555 2103 deum
581 2052 677 2113 inisse,
729 2060 782 2103 etc.
798 2067 860 2118 pag.
876 2052 941 2117 134,
955 2055 1002 2117 qni
1011 2054 1082 2105 idem
1095 2054 1130 2105 ad
1140 2054 1274 2104 Herodoti

140 2121 313 2184 probabiliter
323 2113 525 2188 καταχθόνιοι),
536 2121 679 2173 Zalmoxin
728 2122 801 2173 hunc
822 2124 912 2173 locum
934 2124 1055 2173 conferri
1082 2139 1190 2189 quoque
1212 2123 1273 2174 vult

144 2204 214 2254 vero,
242 2195 289 2258 qui
312 2194 486 2258 Pythagorae
508 2194 678 2257 temporibus
728 2192 853 2258 Append.
870 2193 905 2243 ad
921 2191 1040 2258 Etymol.
1057 2210 1147 2260 magn.
1159 2193 1221 2245 Vol.
1234 2194 1271 2243 ΙΙ.

142 2260 242 2325 vixerit,
256 2264 393 2315 hominem
406 2265 503 2326 inisse,
519 2263 616 2313 deinde
628 2262 679 2313 Ge·
727 2279 754 2328 p.
769 2263 829 2326 636,
841 2261 858 2312 5
871 2263 913 2314 ed.
925 2264 1000 2328 Lips.

141 2329 275 2383 beleizidis
303 2334 475 2384 sacerdotem
497 2334 678 2384 constitutum
763 2324 812 2381 dre
826 2325 857 2381 dl
871 2331 1013 2399 κακοβίων
1026 2360 1061 2369 -
1072 2327 1122 2382 καὶ
1138 2323 1271 2395 ὑπαφρο-

143 2414 172 2450 ac
184 2400 296 2470 denique
315 2420 365 2469 pro
382 2404 476 2455 eodem
492 2403 543 2454 deo
555 2403 678 2453 habitum
728 2396 875 2468 νεωτέρων]
888 2403 907 2453 i.
924 2420 948 2454 e.
963 2419 1088 2455 oannem
1101 2405 1191 2454 κιίτεττ
1206 2404 1272 2453 vioe-

143 2486 205 2521 esse.
727 2482 785 2524 rent
796 2474 908 2524 Tiraces
921 2482 945 2524 et
954 2475 1110 2538 stupidiores
1122 2488 1144 2524 s.
1154 2476 1273 2546 ingeniiq-

173 2537 318 2592 δουλεῦσαι
339 2533 370 2591 δὲ
384 2531 554 2608 Πυθαγόρῃ]
573 2540 678 2594 Eadem
728 2545 868 2610 queminus
880 2547 939 2594 culti
952 2551 1042 2595 errent.
1070 2546 1172 2596 Vocem
1188 2556 1272 2592 κακο·

142 2610 252 2677 Hesych.
267 2612 287 2664 l.
302 2611 620 2679 l.etDiog.Laiirt.l.l.
644 2614 678 2664 In
729 2616 803 2681 βιός,
834 2628 906 2677 qnae
930 2613 964 2661 ad
990 2615 1081 2663 victus
1109 2613 1272 2663 tenuitatem

142 2681 385 2748 Pseudo-Origenis
409 2683 640 2748 Philosophorum.
660 2697 678 2733 a
729 2685 850 2748 spectat,
871 2681 934 2731 inde
954 2684 1068 2732 retinuit
1081 2682 1272 2747 Theopompus

142 2749 240 2803 Millero
255 2768 343 2818 nuper
355 2754 436 2804 editis
451 2769 513 2819 pag.
526 2753 561 2804 30
572 2752 679 2804 Zamol·
729 2755 759 2803 in
773 2751 901 2817 Epitome
912 2752 1086 2814 Herodotea‚
1104 2758 1136 2802 ut
1154 2758 1273 2802 testatur

141 2822 186 2885 xis,
196 2822 371 2889 Pythagorae
382 2839 486 2886 servus,
500 2824 580 2874 huius
592 2823 680 2888 ipsius
729 2822 925 2888 grammaticus
935 2820 1054 2871 Beklreri
1064 2837 1091 2887 p.
1106 2822 1216 2886 104,1o‚
1229 2835 1273 2872 ex-

142 2890 284 2943 doctrinam
315 2893 400 2943 Celtis
427 2892 554 2944 attulisse
583 2892 678 2944 fertur.
729 2892 880 2958 plicuitque
899 2890 1034 2940 Frommel
1050 2892 1078 2941 in
1093 2891 1272 2942 Meletematt.

143 2960 234 3012 Valent
247 2967 342 3014 autem
352 2963 421 3014 haec
432 2962 630 3030 quodammodo
643 2962 680 3012 ad
730 2961 857 3012 Crenzeri
871 2960 923 3015 111.
942 2977 968 3027 p.
982 2960 1045 3026 466,
1062 2961 1182 3028 reliquos
1198 2965 1273 3012 vete-

142 3031 268 3084 Zalmoxis
280 3039 405 3099 tempora
417 3034 580 3085 definienda.
598 3034 680 3083 Nam·
727 3046 788 3082 rum
798 3029 874 3081 locos
890 3029 1015 3082 afferens.

142 3115 189 3165 qne
202 3103 389 3170 Pythagoram
413 3105 494 3155 Samo
522 3103 679 3154 discessisse
765 3092 879 3150 δίαιτάν
889 3114 918 3150 τε
927 3094 1015 3166 Ἰάδα]
1029 3101 1070 3151 Ad
1083 3117 1188 3154 omnem
1198 3104 1274 3154 vitae

142 3185 197 3222 cum
208 3179 335 3224 statuant
350 3190 421 3226 anno
443 3175 523 3226 odda
544 3173 603 3224 chr.
616 3187 643 3222 n.
659 3186 680 3220 s.
730 3170 867 3234 cultioris,
895 3186 949 3236 qua
965 3172 1044 3221 lones
1067 3175 1273 3238 praecaeteris

145 3240 245 3310 Olymp,
264 3245 377 3313 LVIII}
398 3245 447 3312 (ci.
463 3245 562 3295 Ritter.
582 3238 680 3292 Gesch.
729 3246 789 3292 tum
809 3239 994 3303 excellebant,
1017 3244 1152 3293 rationem
1174 3245 1273 3296 refero.

144 3310 186 3362 der
204 3314 349 3381 pythagor.
363 3314 518 3379 Philosoph.
539 3328 565 3378 p.
579 3312 595 3360 7
609 3309 680 3374 seq.)
731 3309 812 3362 Conl.
831 3310 859 3374 Ι,
880 3310 999 3363 36157.
1026 3312 1103 3374 Quae
1124 3321 1274 3380 sequuntur

144 3381 191 3433 iter
209 3385 347 3435 iacturum
363 3386 398 3436 ad
412 3390 499 3435 terras
521 3380 679 3447 peregrinas
729 3381 826 3456 verhar
845 3375 894 3429 καὶ
908 3370 985 3445 ἤθεα
1002 3377 1148 3450 βαθύτερα
1164 3399 1182 3448 η
1202 3377 1276 3434 κατὰ

143 3450 292 3504 lustrandas
311 3455 383 3518 sive,
401 3459 432 3505 nt
444 3453 508 3503 aliis
519 3450 625 3517 placet,
643 3448 678 3500 ad
731 3449 872 3516 Θρηϊκας,
898 3450 1049 3516 Schweigh.
1076 3453 1117 3504 sic
1141 3453 1272 3504 reddidit:

144 3523 228 3574 sedem
246 3525 275 3573 in
293 3523 378 3574 Italia
399 3522 535 3588 figendam
559 3520 679 3585 philoso·
727 3523 883 3583 „Zotrnoaein
894 3521 959 3570 donc
971 3548 1005 3557 —
1021 3523 1131 3573 mor-ibor
1139 3525 1273 3575 institution

143 3591 305 3659 phornmque
340 3592 459 3643 scholam
494 3591 532 3640 ibi
561 3588 679 3640 conden·
729 3591 889 3651 cultioribus,
912 3607 985 3656 quoin
1005 3595 1048 3657 qni
1069 3593 1139 3656 apud
1161 3594 1274 3644 lhrocoa

144 3661 214 3725 dam,
232 3677 401 3728 consequens
415 3667 471 3726 est,
491 3658 636 3724 religiones
651 3663 679 3710 et
729 3661 882 3722 obtinerent,
901 3667 933 3709 ut
951 3659 998 3724 qni
1018 3675 1080 3710 cum
1098 3661 1210 3711 Graecis
1228 3663 1274 3713 ha·

143 3745 216 3784 sarra
235 3748 252 3783 a
278 3731 403 3783 Zalmoxi
425 3731 463 3783 ad
484 3730 569 3782 Getas
591 3728 678 3780 allata
728 3731 835 3780 buisset
855 3729 1079 3780 consuetudinem
1096 3734 1123 3780 ct
1142 3746 1203 3781 cum
1220 3732 1275 3798 Py-

144 3800 168 3850 in
184 3807 289 3867 tempus
305 3801 350 3853 vel
370 3804 493 3867 proxime
513 3798 678 3851 antecedens
729 3800 860 3864 thagora,
877 3799 936 3848 viro
950 3800 1022 3848 inter
1037 3798 1156 3849 Graecos
1170 3801 1273 3866 ingenii

143 3869 182 3920 vel
206 3871 372 3938 subsequens
398 3873 506 3923 cadere.
536 3870 578 3919 Tu
604 3868 678 3919 coni.
729 3868 838 3920 cultura
854 3869 1002 3929 eminente,
1028 3871 1208 3921 construendam
1226 3872 1276 3923 ribi

144 3939 272 3993 Schultre.
300 3943 432 4007 Apparet.
455 3940 543 3992 critic.
562 3954 623 4004 pag.
644 3937 678 3991 33
728 3955 835 3990 curasse
846 3940 983 3990 exhedram
996 3938 1070 3989 etc.“
1088 3938 1187 3989 Attulit
1197 3943 1275 3993 Wes-

144 4010 438 4146 :tiridati
451 4008 679 4133 tttlttti?
730 4007 1275 4147 iiiitttiittittitzttt

145 4151 255 4201 monium
274 4151 307 4201 de
320 4151 489 4212 Mnesarcho,
507 4150 679 4215 Pythagorae
730 4149 918 4216 telligendum.
935 4149 980 4199 Sic
992 4163 1099 4215 quoqne
1114 4149 1213 4202 dicitur
1229 4148 1246 4219 β
1264 4180 1276 4189 -

146 4225 229 4282 patre,
246 4221 306 4272 sive
324 4224 426 4275 artifice
445 4224 502 4273 sive
520 4225 680 4281 mercatore,
730 4213 789 4276 βὺς
803 4218 837 4286 τῇ
850 4216 937 4284 ψυχῇ,
951 4216 987 4286 τῇ
1002 4215 1099 4285 φύσει,
1113 4223 1152 4271 oir
1161 4224 1277 4288 prodens

147 4287 179 4337 ad
198 4305 291 4342 rerum
314 4294 431 4345 maxime
456 4290 587 4344 accedere
606 4293 681 4340 recte
733 4294 761 4341 et
778 4293 967 4352 consideratus,
984 4293 1099 4340 notante
1113 4291 1222 4343 Dissen.
1241 4291 1277 4342 ad

147 4361 238 4410 statuit
249 4362 338 4413 Ritter
349 4362 367 4413 l.
379 4362 398 4412 l.
411 4379 476 4430 pag.
490 4365 517 4424 2,
532 4376 549 4411 a
562 4360 608 4411 Cr.
624 4359 682 4409 leu-
732 4360 812 4410 Pind.
826 4364 902 4412 Nem.
914 4360 967 4422 lv,
980 4361 1006 4411 7.
1017 4375 1081 4425 pag.
1095 4359 1157 4423 396,
1169 4363 1218 4412 nbi
1231 4377 1278 4412 no-

147 4426 232 4481 datur.
254 4433 324 4482 Nam
336 4434 366 4484 in
376 4432 429 4484 hoc
440 4433 548 4484 nomine
560 4430 682 4495 plerique
733 4435 821 4482 strum
836 4430 926 4481 locum
942 4445 997 4479 non
1008 4431 1164 4495 praeteriit,
1183 4432 1212 4481 in
1225 4447 1277 4497 quo

148 4505 246 4554 veteres
261 4502 406 4570 scriptores
422 4503 612 4560 consentiunt,
635 4500 683 4565 qui
733 4500 815 4551 simul
829 4501 949 4564 adeam,
963 4514 1044 4565 quam
1059 4499 1168 4564 dicunt,
1184 4499 1277 4552 huma·

1006 4579 1076 4643 31*
