3042 5125
464 427 789 492 MELPOMENH.
813 431 869 494 IV·
890 442 950 498 198.
973 445 1033 499 199.
1256 439 1313 501 661

175 616 237 708 τὴν
250 616 286 688 of
298 619 442 709 νομάδες
455 623 630 711 νέμονται,
645 640 734 713 τρεῖς
748 621 837 716 ὥρας
849 629 887 695 έν
900 628 1009 716 έωντῇ
1022 623 1115 711 ἀξίας
1128 627 1316 719 θωύματος.

175 727 291 811 πρῶτα
305 722 445 812 μὲνγὰρ
459 723 499 794 τὰ
513 727 773 815 παραθαλάσσια
785 733 853 799 roim
865 735 1004 818 καρπῶν
1019 727 1104 823 ὀργᾷ
1116 727 1270 820 ἆμοῖσθαί
1280 761 1316 803 τε

175 829 232 896 καὶ
246 832 449 916 τρυγᾶσθαι·
482 828 612 900 τούτων
627 831 663 899 δὲ
678 830 719 920 δὴ
738 836 1071 923 συγκεκομισμένων,
1093 832 1133 904 ιδ
1147 831 1231 926 ὑπὲρ
1247 840 1316 905 των

174 936 408 1000 θαλασσιδίων
422 930 541 1021 χώρων
561 931 601 1002 τὰ
614 934 698 1021 μέσα
718 932 804 1026 ὀργᾷ
817 945 1095 1025 συγκομίζεσθαι,-
1116 936 1155 1006 mi
1168 937 1314 1026 βουνοὺς

174 1037 346 1103 καλέουσα
378 1035 639 1125 συνκεκόμισιαί
649 1064 684 1105 τε
701 1029 798 1119 οὗτος
811 1035 830 1106 ὁ
842 1042 941 1128 μέσος
954 1038 1098 1128 καρπὸς,
1119 1042 1175 1109 καὶ
1190 1036 1208 1109 ὁ
1222 1045 1259 1111 έν
1272 1048 1315 1131 τῇ

173 1240 270 1286 centos
292 1235 375 1300 pedes
397 1251 480 1301 supra
502 1252 576 1286 mare
598 1236 671 1287 elato
690 1239 719 1288 in
770 1238 836 1289 duxi
848 1229 1124 1304 dodpetooaslaisf.
1137 1244 1271 1292 mutatum
1283 1242 1312 1292 iu

173 1305 289 1371 planitie
304 1309 433 1355 montana
445 1305 555 1356 tabulae
572 1323 594 1357 s.
608 1321 718 1357 mensae

173 1375 291 1424 formam
305 1374 440 1425 referente
460 1376 513 1425 fnit
529 1376 613 1438 (conf.
625 1376 716 1427 Strab.

172 1444 263 1498 XVH.
283 1459 310 1509 p.
332 1444 396 1495 llll-f
405 1442 452 1506 A.)
472 1444 577 1510 Cyrene
596 1444 717 1509 condita,

172 1512 227 1564 soli
245 1512 391 1564 fertilitate
412 1519 494 1579 atque
513 1514 640 1566 ubertate
662 1531 718 1567 ma·

172 1584 245 1634 xime
259 1582 383 1648 insignis.
402 1585 505 1649 Attigit
516 1583 631 1651 Thrige:
642 1586 716 1637 Hist.

172 1653 457 1718 Cyren.p.102.103.
490 1652 574 1704 Plura
593 1659 621 1705 et
638 1670 717 1706 accu-

171 1723 280 1779 ratiora
303 1737 337 1773 ex
358 1722 439 1773 Della
457 1721 548 1774 Cellae
571 1726 716 1776 Itinerario

171 1791 250 1842 dabit
261 1792 364 1842 Ritter:
378 1793 460 1842 Erdk.
473 1793 496 1844 1.
507 1808 570 1858 pag.
583 1793 635 1845 945
648 1810 716 1860 serp,

171 1860 715 1930 quihusnunoaddePcchmVoyageetc.

171 1947 235 1998 pag.
243 1929 277 1981 83
286 1946 361 1996 seqq.
375 1930 453 1997 ohap.
461 1932 486 1982 V
495 1934 616 1998 regionis
628 1949 718 1984 amoe-

171 2002 287 2052 nitatem
299 2000 398 2051 eximie
413 2001 573 2053 laudantem
594 2008 623 2054 et
635 2003 714 2068 chap.

170 2072 261 2122 XVII.
283 2085 346 2135 pag.
364 2070 415 2122 238
434 2071 606 2123 fertilitatem
626 2074 715 2139 regio-

170 2141 215 2191 nis
228 2139 398 2205 Cyrenaicae
415 2156 506 2191 raram
519 2140 713 2203 celebrantem,

170 2225 252 2277 quam
286 2213 392 2260 veteres
424 2211 480 2259 iam
512 2212 631 2262 maxime
657 2212 716 2262 lan-

170 2279 252 2331 dasse
265 2279 399 2331 novimus.
430 2281 506 2331 Inter
518 2296 601 2347 quos,
615 2286 647 2332 ut
659 2297 714 2333 uno

169 2350 222 2401 hoo
242 2352 307 2399 utar
325 2352 410 2408 teste,
432 2349 538 2403 Plinius
557 2351 715 2402 conferatur

169 2420 205 2469 Η.
218 2420 251 2470 N.
266 2420 299 2479 V,
312 2420 337 2470 b.
355 2422 379 2482 ξ.
393 2418 435 2470 33.
462 2419 565 2471 Eadem
577 2421 610 2472 de
626 2421 716 2487 regio·

170 2489 213 2539 nis
231 2487 377 2539 fertilitate
394 2493 421 2538 et
433 2489 560 2542 ubertate
576 2490 714 2541 affirmant

168 2556 306 2624 Beeohey:
327 2558 455 2622 Expedit.
472 2565 525 2611 etc.
544 2559 623 2626 chap.
639 2562 713 2612 XIV.

168 2646 196 2694 p.
215 2627 268 2679 ⁴09
284 2643 341 2693 seq.
355 2629 415 2679 XV.
435 2644 462 2694 p.
481 2629 532 2681 465
550 2636 579 2682 et
592 2630 713 2682 Russell:

168 2699 284 2763 History
293 2698 323 2748 of
331 2697 376 2750 the
384 2699 508 2765 Barbary
520 2703 607 2751 states
617 2699 714 2762 (Edin-

168 2766 266 2833 burgh.
288 2766 366 2833 1835)
385 2782 445 2831 cap.
460 2771 492 2820 V.
511 2784 538 2833 p.
556 2770 713 2830 too-171,

169 2836 270 2888 Barth:
288 2836 492 2903 Wanderungg.
505 2843 558 2889 etc.
578 2839 600 2889 I.
620 2856 648 2905 p.
660 2840 713 2891 403

168 2922 226 2972 seq.
237 2907 287 2958 421
300 2921 376 2973 seqq.
387 2908 425 2957 Et
434 2906 506 2959 conf.
523 2923 629 2975 quoque
642 2924 713 2974 quae

168 2977 203 3027 de
213 2976 320 3042 Cyrene
333 2981 360 3027 et
373 2992 439 3041 agro
452 2977 603 3040 Cyrenaico
616 2983 714 3029 notata

169 3051 233 3096 sunt
246 3045 280 3096 ad
291 3061 353 3110 cap.
368 3045 429 3098 158.
452 3047 543 3098 Unum
556 3048 636 3098 modo
650 3048 714 3098 affe-

168 3131 241 3179 ram,
261 3114 333 3182 quod
350 3116 445 3166 Barth.
463 3115 481 3167 l.
499 3116 517 3167 l.
536 3122 661 3190 enarrat,
683 3132 713 3169 se

151 3200 323 3253 permeasse
340 3190 455 3248 terram,
477 3187 505 3236 in
523 3202 577 3252 qna
595 3187 712 3238 frumen-

168 3260 225 3306 tum
239 3255 274 3306 ad
287 3257 474 3306 maturitatem
485 3256 605 3307 nondum
617 3273 712 3322 perre-

167 3330 260 3386 uerat3
285 3325 407 3390 proxime
425 3326 604 3377 antecedente
618 3327 663 3378 die
682 3327 711 3377 in

169 3412 202 3447 ea
213 3400 301 3461 terra,
323 3410 393 3461 quae
412 3392 447 3444 ad
464 3396 546 3446 maris
560 3412 634 3447 oram
653 3405 712 3462 μοι·-

168 3465 247 3528 tinet,
255 3481 284 3516 se
294 3465 397 3515 vidisse
405 3464 568 3515 frumentum
579 3467 634 3516 iam
643 3482 712 3517 mes-

167 3551 227 3586 sum
250 3538 278 3585 et
306 3536 335 3585 in
359 3533 513 3599 manipnlos
537 3533 711 3601 colligatum:

168 3604 239 3670 quod
252 3618 334 3669 quam
347 3609 412 3671 apte
424 3619 485 3654 cum
497 3603 631 3654 Herodoti
648 3621 711 3655 nar·

770 1300 910 1388 θώματος.
935 1309 978 1362 cf.
990 1314 1060 1362 nott.
1073 1308 1110 1360 ad
1121 1325 1182 1374 cap.
1193 1310 1236 1361 28.

803 1375 876 1443 ορμᾷ
891 1369 1026 1443 σμᾶοθαί
1037 1393 1065 1427 ιε
1080 1373 1129 1428 καὶ
1142 1377 1312 1445 τρυγᾶσθαι]

768 1447 934 1513 Schweighr
954 1488 973 1509 „
982 1450 1126 1500 Maritimus
1141 1458 1239 1501 tractm
1252 1451 1313 1512 fru-

768 1518 849 1569 ctibus
859 1527 977 1583 impetet
989 1521 1025 1569 od
1039 1534 1141 1570 messem
1154 1521 1312 1571 vindemiam·

768 1604 816 1652 que
828 1596 940 1639 maianis
952 1591 1020 1639 est.“
1046 1588 1165 1638 Verbum
1176 1580 1265 1652 ὁρμᾶν
1277 1588 1311 1639 σο

766 1660 874 1721 plantis,
892 1674 957 1721 quae
971 1666 1071 1722 turpent
1087 1667 1112 1707 ot
1127 1658 1163 1707 od
1180 1661 1309 1709 nsaturila·

767 1736 813 1776 tem
820 1734 1001 1789 pervenerunt,
1021 1725 1093 1788 dici,
1113 1725 1165 1775 hoc
1176 1727 1237 1790 ipso
1249 1725 1311 1777 loco

767 1793 852 1845 allato
865 1796 1030 1845 monstravit
1039 1793 1183 1845 Ruhnken.
1193 1796 1229 1845 ad
1239 1795 1309 1845 Tim.

767 1865 833 1915 Lex.
847 1863 917 1916 Plat.
930 1879 957 1929 p.
973 1862 1038 1927 193,
1058 1864 1107 1914 ubi
1125 1855 1198 1931 ὀργᾷ
1206 1880 1211 1890 ·
1236 1855 1309 1913 ἕποι’-

768 1948 857 1997 γειαι,
871 1925 1013 1998 ἐπιθυμεῖ.
1032 1932 1260 1984 Add.Herod.1V
1275 1935 1310 1986 64

767 2004 823 2068 ibiq
845 2007 914 2053 nott.
936 2002 1054 2055 Verbum
1066 1992 1144 2067 οἷμοῖν
1154 1971 1269 2070 (meiere)
1279 2007 1311 2053 ut

769 2073 802 2122 ad
818 2089 920 2124 messem
936 2072 1057 2137 proxime
1069 2076 1182 2136 'spectat
1196 2072 1241 2137 (do
1254 2088 1310 2137 quo

766 2142 851 2192 multa
874 2141 961 2192 allata
986 2142 1068 2193 video
1091 2142 1119 2192 in
1140 2140 1223 2192 Thea.
1241 2140 1308 2208 ling.

765 2212 1050 2277 Graeo.1‚2.pag.49.
1061 2211 1095 2262 50
1105 2209 1146 2261 οσ.
1158 2209 1308 2275 vinnom),

763 2284 804 2332 ita
823 2278 928 2346 τρυγᾶν
954 2281 989 2331 οσ
1005 2281 1152 2332 viridantem
1174 2281 1308 2345 pertinet3

764 2367 826 2403 oum
849 2352 920 2401 enim
947 2351 1056 2402 omniuo
1080 2350 1186 2401 valeat:
1208 2351 1309 2414 fruetus

764 2426 882 2488 colligere
901 2425 1030 2482 cereales,
1052 2419 1123 2470 alios
1148 2417 1186 2484 (r.
1208 2435 1231 2473 o.
1252 2424 1308 2482 mel,

762 2494 854 2555 flores,
873 2490 957 2554 alia),
972 2489 1148 2555 peculiariter
1160 2494 1310 2554 usurpatur

765 2561 798 2613 de
815 2564 870 2612 nnis
892 2561 1029 2624 carpendis
1053 2560 1211 2624 indicatque
1231 2558 1308 2609 Lati-

764 2646 859 2682 norum
868 2632 1031 2682 vindemiare.
1043 2628 1230 2680 Plurima'vid.
1240 2628 1307 2681 ibid.

764 2702 796 2752 T.
810 2700 873 2751 Vll.
887 2714 951 2764 pag.
963 2697 1041 2750 2531.
1061 2698 1125 2748 Mox
1138 2713 1197 2748 oum
1208 2696 1308 2748 Sohae-

763 2770 837 2833 fero,
858 2766 1115 2834 Schweighaeusero
1136 2773 1164 2817 et
1180 2766 1307 2817 Dindori.

763 2839 826 2891 dedi
847 2833 953 2887 τούτων
977 2828 1012 2885 δὲ
1032 2828 1074 2901 δὴ
1096 2834 1307 2900 συγκεκομισμέ-

764 2923 837 2972 νων,
859 2907 931 2972 quod
948 2905 1062 2971 praebet
1079 2904 1219 2956 Sancrofti
1239 2904 1309 2957 liber

765 2983 793 3029 et
810 2977 880 3027 alter
897 2974 993 3027 codex.
1010 2974 1210 3041 Wesselingius
1228 2973 1307 3026 σοσο-

763 3052 808 3097 rat
830 3060 863 3095 re
881 3044 931 3110 δὴ,
950 3044 1021 3110 qnod
1042 3046 1157 3095 retinuit
1172 3043 1307 3107 Dietsch.,

762 3132 823 3168 cum
836 3115 1007 3167 Gaisiordius
1021 3114 1191 3166 exhibuisset
1201 3105 1309 3163 τούτων

764 3180 800 3236 sl
819 3179 1086 3250 συγκεκομισμένων.
1121 3185 1198 3247 Quae
1222 3185 1308 3234 couti-

761 3271 816 3307 nuo
827 3260 988 3321 sequuntur,
1000 3253 1119 3319 exhibui,
1135 3253 1308 3319 quemadmo-

761 3327 826 3377 dum
834 3341 867 3376 ex
874 3324 974 3376 Aldina
984 3325 1121 3376 fluxerunt
1129 3328 1157 3375 et
1164 3339 1182 3374 a
1192 3327 1306 3375 recentt.

763 3396 824 3447 edd.
836 3399 948 3446 serrata
960 3399 1039 3445 suut:
1056 3386 1090 3443 τὰ
1103 3385 1175 3458 ὑπὲρ
1186 3390 1242 3442 τῶν
1252 3391 1307 3443 δα-

763 3462 915 3514 socordiam
930 3456 1027 3527 χώρων
1041 3455 1075 3511 τὰ
1087 3458 1173 3526 μέσα,
1186 3478 1257 3527 quae
1270 3461 1308 3512 le-

762 3536 819 3585 ctio
841 3532 1019 3598 complurinm
1042 3531 1120 3582 codd.
1140 3532 1308 3581 auctoritate

763 3602 969 3665 comprobatur,
991 3602 1147 3666 intorques
1165 3600 1306 3651 Medioeus

167 3675 274 3725 ratione
287 3679 434 3736 congruat,
446 3674 579 3724 neminem
589 3672 712 3736 profecto
764 3677 791 3724 et
803 3670 994 3732 Florentinns,
1013 3670 1068 3720 nisi
1078 3668 1152 3736 quod
1164 3668 1194 3718 hi
1204 3671 1307 3720 articu-

168 3744 250 3808 fugit.
262 3770 298 3780 -
324 3744 377 3794 Pro
394 3738 458 3807 τὴν
476 3736 507 3792 oi
525 3739 647 3804 νομάδες
668 3740 711 3793 vi·
761 3741 819 3792 lum
832 3738 888 3789 τῶν
901 3740 1046 3803 omittunt,
1061 3754 1114 3804 quo
1127 3754 1193 3790 sane
1204 3740 1250 3788 vix
1261 3755 1307 3790 ca-

167 3828 268 3876 μονται
283 3813 346 3863 Eltz
358 3811 484 3874 (Jahrbb.
501 3813 519 3865 f.
533 3812 666 3878 Philolog.
683 3828 711 3865 a.
761 3825 821 3862 rere
833 3810 936 3876 poterit
949 3809 1048 3861 oratio.
1074 3807 1249 3872 significatur
1260 3823 1307 3859 au·

167 3883 325 3949 Paedagog.
345 3883 440 3949 Suppl.
459 3884 508 3934 IX.
528 3899 555 3948 p.
574 3882 627 3934 328
641 3884 711 3950 seq.)
763 3888 817 3933 tem
829 3881 924 3932 medius
938 3887 1025 3930 imae
1035 3877 1149 3944 Libycae
1157 3886 1256 3931 trames
1263 3896 1306 3955 su:

167 3951 273 4003 mavult
292 3952 461 4005 eSancrofti
477 3952 550 4004 libro
569 3952 712 4018 alteroque
759 3969 811 4018 pra
828 3953 966 4001 moriibnas
989 3965 1051 4000 oras
1076 3948 1158 4012 (quae
1184 3952 1248 3998 sunt
1271 3962 1306 3996 τα

168 4037 301 4084 reponere
314 4019 375 4087 τῆς
392 4016 422 4071 os‘
438 4014 559 4088 νομάδες
570 4020 711 4088 νέμονται,
762 4010 995 4085 παραθαλάσσια)
1009 4026 1153 4083 porrectos.
1194 4018 1219 4067 A
1236 4017 1305 4068 San-

168 4091 284 4142 affereus
308 4091 454 4144 nonnullos
475 4091 609 4144 Herodoti
636 4093 711 4145 locos
761 4090 845 4142 croiti
863 4087 958 4140 codiee
969 4088 1069 4140 absunt
1082 4086 1166 4138 verba
1177 4078 1212 4135 τὰ
1227 4079 1305 4152 μέσα,

166 4162 237 4222 (ΙΙΙ,
256 4161 314 4212 131.
333 4163 390 4212 142.
408 4163 462 4223 IV,
475 4164 501 4213 2.
517 4162 542 4214 9.
559 4163 603 4214 78.
617 4164 640 4211 V
650 4200 656 4224 ‚
666 4162 710 4214 40.
763 4175 833 4227 quae
844 4159 880 4209 ad
896 4159 985 4223 ipsam
993 4156 1126 4208 Herodoti
1140 4157 1307 4208 sententiam

166 4232 210 4282 49.
219 4232 253 4291 V,
263 4231 305 4283 92.
316 4232 444 4294 §.mvii
456 4230 625 4295 164.1x,90.
637 4232 709 4298 120),
761 4228 953 4281 declarandam
979 4243 1064 4294 aeque
1087 4229 1243 4278 necessaria
1266 4227 1307 4278 vi-

168 4315 281 4367 quorum
298 4305 390 4352 tamen
406 4302 478 4354 ratio
493 4300 558 4351 mihi
569 4317 624 4353 non
637 4317 711 4367 pror·
761 4301 869 4351 dentur.
894 4300 927 4350 In
939 4295 1006 4348 edit.
1016 4296 1268 4363 Schweighaeuseri
1279 4301 1307 4346 et

167 4385 214 4420 sua
229 4370 328 4421 similis
341 4370 459 4423 ridetur.
495 4373 592 4437 Itaque
610 4372 712 4423 retinui
761 4368 901 4423 Gaisiord.
928 4366 1220 4445 expressum'legiturs:
1252 4362 1306 4414 τῶν

166 4440 323 4505 vulgatam,
348 4456 430 4506 quam
448 4445 475 4492 et
492 4441 663 4493 Dindorflnm
683 4446 711 4491 et
761 4433 1031 4502 σιιερδαλασσιδίων
1056 4451 1153 4502 popone
1172 4450 1206 4484 ια
1227 4430 1305 4498 μέσα.

166 4509 289 4561 Dietsch.
304 4511 451 4564 retinuisse
468 4510 559 4564 rideo.
592 4512 657 4563 Mox
669 4527 711 4562 re-
797 4505 831 4559 τὰ
854 4500 975 4578 βουνοὺς
998 4501 1143 4571 καλέουσι]
1176 4502 1254 4556 Conf.
1273 4502 1307 4554 de
