3042 5125
339 488 343 499 Ι
423 391 745 456 MELPOMENE.
769 395 825 457 Ν.
844 405 993 461 99-101.
1217 395 1280 458 495

141 577 178 647 τὸ
191 579 385 672 κατύπερθε
398 588 466 652 των
483 584 626 676 Ταύρων
639 588 695 655 καὶ
708 584 749 655 τὰ
761 584 845 676 πρὸς
859 585 1031 676 θαλάσσης
1046 591 1104 677 τῆς
1117 585 1209 677 ἠοίης
1224 591 1279 659 νί-

141 710 278 772 μονται,
298 691 359 755 τού
378 714 414 756 τε
426 688 602 778 Βοσπόρου
619 695 681 760 τού
696 697 885 782 Κιμμερίου
906 690 946 760 τὰ
966 691 1049 780 πρὸς
1068 695 1207 782 ἑσπέρης
1224 697 1280 762 καὶ

141 790 197 873 τῆς
210 795 329 877 λίμνης
341 795 398 879 τῆς
411 792 616 882 Μαιήτιδος,
630 798 725 884 μέχρι
743 795 908 875 Τανάιδος
920 798 1088 885 ποταμοῦ,
1102 792 1139 875 ὃς
1152 800 1283 866 ίιιδιδοί

141 893 174 969 ἐς
199 889 306 978 μυχὸν
333 899 390 983 τῆς
410 903 528 986 λίμνης
548 897 677 987 ταύτης.
718 896 808 987 Ἤδη
836 889 886 968 οἶν
907 895 971 968 iud
998 899 1060 988 μὲν
1080 896 1213 986 Ἴστρου
1239 898 1280 970 τὰ

141 993 333 1083 κατύπερθε
357 1002 391 1078 ἐς
409 996 470 1088 την
488 1000 671 1090 μεσόγαιαν
687 1006 834 1094 φέροντα
853 1000 1068 1092 ύποιιληΐεται
1087 1000 1279 1094 ἡΣκυδιιιὴ

141 1093 208 1166 ὑπὸ
222 1098 365 1188 πρώτων
382 1098 616 1194 Ἀγαθύρσων,
636 1104 719 1196 μετὰ
733 1107 770 1176 δὲ
783 1111 946 1198 Νευρῶν,
963 1114 1076 1176 ἔπειτα
1093 1108 1130 1176 δὲ
1143 1104 1277 1196 Ἀνδρο-

140 1200 279 1290 φύγων,
301 1212 501 1275 τελευταίων
523 1209 559 1277 δὲ
578 1216 856 1298 Μελαγχλαίνων.
888 1209 978 1280 Ἔστι
1001 1202 1050 1280 οἷν
1072 1215 1128 1300 τῆς
1143 1219 1274 1281 Σκυθι-
1287 1228 1343 1289 101

140 1403 296 1469 Maeotica,
322 1405 356 1456 ab
379 1406 520 1459 occidente
536 1409 622 1459 Ister:
646 1409 687 1459 in·
734 1412 845 1465 videtur
862 1413 1001 1464 hominum
1021 1429 1122 1480 genus,
1144 1415 1199 1465 alia
1221 1415 1278 1467 fere

141 1478 185 1524 tra
202 1474 254 1525 hoa
269 1478 399 1527 terminos
411 1479 541 1543 utrinque
557 1478 687 1529 conclusa
736 1483 824 1533 natio.
852 1484 906 1544 Qui
916 1485 988 1534 idem
1005 1487 1046 1533 vir
1065 1486 1161 1536 doctus
1174 1486 1279 1536 Andro·

139 1544 248 1609 longius
263 1546 293 1596 in
305 1547 519 1612 septentrionem
532 1549 687 1598 extenditur
735 1551 840 1617 phagor
853 1555 947 1618 quaeri
957 1553 1018 1603 vult
1031 1555 1059 1604 in
1071 1556 1210 1620 guberniia
1219 1557 1278 1606 Mo-

141 1614 271 1678 Scythia,
284 1632 366 1681 quam
376 1618 463 1681 ipsam
473 1619 686 1683 aseptentrione
735 1621 830 1684 hiiew,
844 1622 1038 1690 Tachernigow
1052 1634 1080 1675 et
1091 1626 1162 1688 Oret,
1175 1625 1279 1676 Melan-

141 1686 291 1736 terminant
301 1686 458 1752 Agathyrsi,
474 1688 499 1739 N
501 1689 569 1751 euri,
583 1687 688 1738 Andro·
735 1689 866 1740 chlaenoa
878 1694 907 1740 in
923 1694 1063 1757 guberniis
1076 1695 1139 1745 Orel
1152 1704 1179 1745 et
1191 1695 1276 1756 'sula3

140 1753 243 1821 phagi,
256 1755 465 1807 Melanchlaeni.
491 1757 560 1808 inde
569 1774 634 1810 vero
648 1757 687 1808 ei·
735 1758 857 1826 finesque
869 1760 998 1826 Scythiae
1010 1779 1066 1814 non
1075 1764 1147 1814 ultra
1163 1764 1278 1829 gradum

140 1824 231 1875 ficitur
244 1826 380 1891 quadrata
390 1826 519 1891 Scythiae
534 1828 637 1891 forma,
653 1828 686 1878 de
736 1831 991 1895 quinquagesimum
1019 1833 1062 1883 vel
1088 1835 1278 1899 quinquagesi-

141 1909 196 1961 qna
206 1895 263 1945 vid.
273 1902 343 1948 nott.
357 1896 392 1947 ad
403 1912 463 1962 cap.
475 1896 534 1948 101.
556 1900 599 1948 Tu
611 1898 685 1952 conf.
735 1915 808 1950 mum
821 1902 938 1965 primum
957 1903 1167 1967 septentrionem
1182 1918 1277 1955 versus

143 1966 227 2016 etiam
242 1966 384 2018 Voelclrer.
399 1966 486 2032 Myth.
501 1967 599 2032 Geogr.
617 1968 641 2019 1.
657 1984 685 2033 p.
735 1971 890 2035 promoveri
898 1986 979 2036 posse
988 1975 1089 2023 censet.

142 2035 210 2097 173,
230 2040 257 2086 et
276 2036 309 2086 de
321 2038 410 2087 ‘sanai
423 2041 495 2089 nott.
516 2037 551 2087 ad
568 2039 623 2101 Ν,
641 2039 685 2089 57.

140 2104 275 2155 Voculam
285 2098 315 2154 τό
327 2106 403 2171 (ante
415 2099 687 2173 ιιατύπερθε),ροιιε
943 2142 964 2193 c
1026 2143 1062 2194 CI

141 2175 688 2243 aduobusabeetlibris‚Sohweigh.mu·
966 2158 1009 2193 ω’
1065 2179 1072 2194 ’

143 2249 232 2296 tatam
244 2245 334 2298 voluit
345 2249 374 2297 in
385 2239 427 2296 τύ.
760 2234 842 2295 Ἐστι
865 2230 903 2297 ὧν
919 2245 970 2312 τῆς
987 2244 1138 2313 Σινδικῆς
1157 2263 1184 2299 ιι.
1198 2265 1221 2299 τ.
1238 2247 1274 2315 L]

166 2305 243 2380 ¹qu
256 2303 296 2365 ὧν
309 2309 365 2366 ἀπὸ
380 2304 544 2382 μὲνἼστρον
555 2306 589 2365 τὰ
602 2306 686 2365 ιιατύ-
735 2315 906 2368 structuram
921 2317 976 2368 loci
988 2318 1013 2368 ai
1027 2334 1157 2383 quaeras,
1176 2318 1220 2369 hic
1232 2335 1277 2385 ge·

140 2384 234 2447 περδε
248 2401 274 2436 ιι.
287 2402 311 2435 τ.
322 2385 358 2452 L]
383 2386 485 2438 Sensus
502 2385 556 2437 loci
569 2386 614 2436 hio
628 2386 686 2437 fere
735 2389 839 2438 nitivus
851 2387 902 2453 τῆς
913 2386 1063 2452 Σκυθικῆς
1079 2388 1180 2454 pendet
1198 2404 1216 2439 a
1232 2406 1278 2456 ge·

141 2471 202 2508 ease
220 2457 344 2507 videtur:
374 2458 434 2508 Iam
457 2458 541 2522 igitur
562 2456 626 2507 inde
649 2456 685 2506 ab
736 2459 832 2508 ninivis
843 2457 898 2507 τῶν
910 2451 962 2506 δύο
973 2459 1080 2521 μερέων
1088 2455 1276 2523 κατηκόντων,

139 2527 214 2578 Istro
227 2541 314 2594 nsque
325 2527 360 2578 ad
371 2527 481 2579 Tanain
492 2528 520 2577 in
528 2527 686 2593 regionibus
737 2529 783 2594 qui
795 2528 851 2593 ipsi
860 2527 998 2580 referendi
1006 2535 1070 2580 sunt
1082 2529 1117 2579 ad
1131 2530 1228 2582 verba:
1246 2520 1280 2579 τό

140 2597 351 2649 mediterraneis
359 2598 564 2650 disterminatur
573 2597 687 2662 Scythia
737 2613 767 2648 τε
785 2592 814 2655 ἐς
831 2591 883 2661 τὴν
904 2594 1057 2663 μεσόγαιαν
1077 2594 1167 2663 φέρον
1182 2598 1231 2650 καί
1245 2595 1277 2649 τὸ

140 2668 686 2735 ρεὶιιεοωαοΑμαιίιητεὶε(ι1οηιιίΙ)αενίι1.
736 2661 815 2732 παρὰ
833 2664 885 2735 τὴν
903 2661 1066 2732 θάλασσαν,
1089 2676 1121 2718 ut
1137 2670 1204 2720 haec
1221 2671 1278 2720 fere

140 2743 211 2789 nott.
221 2737 318 2802 cdlv,
329 2739 373 2789 49.
385 2740 462 2799 104),
480 2738 579 2789 deiude
594 2741 688 2790 aNeu·
735 2738 799 2790 inde
820 2742 925 2789 oriatur
939 2737 994 2788 loci
1013 2740 1163 2789 sententia:
1181 2740 1279 2805 squi-

140 2811 179 2859 ria
190 2808 236 2872 (de
246 2808 347 2874 quibus
361 2808 418 2858 vid.
433 2812 503 2859 nott.
517 2808 553 2858 ad
561 2808 616 2870 IV,
631 2809 686 2872 17),
736 2824 782 2859 cae
799 2812 875 2875 igitur
889 2817 989 2868 terrae,
1009 2817 1094 2875 utpote
1112 2812 1181 2860 cuiue
1190 2809 1277 2872 formu

141 2883 200 2929 tum
220 2878 257 2927 ab
278 2879 458 2944 Andropuapu
474 2876 519 2942 (de
533 2878 631 2943 quibua
647 2877 684 2928 cf.
736 2880 863 2944 quadratu
875 2887 923 2938 eat,
941 2894 994 2928 cum
1010 2881 1076 2930 duae
1086 2883 1233 2941 simparree
1243 2880 1279 2929 cd

139 2953 213 2999 nott.
226 2948 262 2998 ad
275 2949 330 3012 IV,
350 2949 393 3011 le)
412 2963 445 2998 ac
465 2948 581 3013 denique
598 2963 615 2997 a
628 2949 687 2999 Me-
734 2965 805 3000 mure
817 2953 986 3014 pertinenter,
1005 2958 1112 3015 utruque
1119 2966 1186 3014 pure
1203 2950 1280 3000 citeri

139 3020 309 3079 ίααοίιίιιεαίε,
341 3018 375 3069 de
394 3019 494 3083 quibus
513 3016 631 3069 diximus
649 3016 685 3068 ad
733 3035 844 3082 prorsus
855 3021 970 3085 aequalia
985 3027 1036 3082 eat,
1049 3028 1097 3070 troc
1111 3036 1157 3078 eu,
1174 3021 1277 3085 quaein

139 3087 188 3152 Ν,
202 3087 246 3140 20.
269 3088 349 3139 Unde
363 3088 391 3138 id
402 3093 476 3139 certe
487 3092 617 3153 apparet,
634 3088 684 3138 haa
705 3089 709 3094 ’
735 3091 922 3140 mediterranea
940 3092 1095 3155 pecipitur,
1119 3098 1168 3139 tum
1184 3094 1276 3151 ultera,

139 3163 235 3224 gentes
257 3158 293 3209 ab
311 3159 359 3222 iis,
378 3159 424 3224 qui
443 3159 552 3224 proprie
566 3158 686 3224 Scythae
736 3174 801 3225 quoe
817 3160 950 3210 secumdum
966 3176 1036 3210 mere
1048 3162 1199 3225 porricitur.
1235 3160 1277 3209 De

140 3235 170 3279 et
183 3228 321 3279 habentur
337 3233 365 3279 et
383 3230 526 3292 dicuutur,
553 3243 613 3280 esse
633 3230 687 3279 dia·
736 3243 804 3279 voce
820 3223 1006 3294 τετράγωνος,
1027 3244 1097 3295 quae
1115 3229 1151 3279 ad
1164 3231 1278 3296 quodra-

139 3299 301 3362 eernendas,
314 3298 514 3365 earundemque
523 3299 602 3350 aedes
612 3303 687 3350 certe
735 3309 785 3351 ren
803 3299 935 3364 Scythiae
953 3299 1068 3349 formam
1082 3304 1203 3364 spectat,
1221 3300 1277 3350 He·

139 3370 230 3434 magis
252 3370 282 3418 in
304 3369 460 3434 regionibus
480 3368 686 3421 mediterraneis
736 3368 1059 3434 rodotilocoa(1,170.
1080 3370 1138 3421 186.
1160 3369 1277 3432 181.11‚

139 3439 356 3504 septentrionem
372 3454 469 3490 versus
490 3439 526 3490 ab
545 3454 593 3489 ora
605 3439 687 3490 Ponti
737 3440 798 3492 124.
824 3440 877 3503 Ν,
895 3440 941 3504 71)
968 3444 1032 3504 apte
1055 3439 1150 3489 attulit
1167 3439 1278 3490 Kolster

139 3510 244 3560 Euxini
255 3509 316 3559 sitia
326 3524 386 3560 esse
396 3508 580 3575 quaerendas:
594 3525 687 3575 quam·
736 3507 860 3574 (Jahrbb.
882 3508 927 3558 iiir
948 3509 1082 3575 Philolog.
1107 3524 1134 3559 u.
1155 3509 1276 3575 Paedag.

139 3594 240 3644 quam,
261 3578 334 3645 quod
351 3580 421 3630 satis
441 3579 522 3631 docet
539 3579 607 3631 haec
623 3579 685 3644 ipsa
735 3579 830 3644 Suppi.
846 3580 911 3629 XII.
928 3594 956 3644 p.
969 3578 1021 3629 604
1035 3578 1125 3644 seqq.)
1141 3579 1211 3629 bene
1232 3579 1278 3629 ad·

140 3655 232 3699 terrae
244 3649 389 3715 Scythicae
409 3649 571 3715 descriptio,
592 3650 625 3701 de
641 3649 685 3700 his
735 3662 862 3711 monens,
875 3663 936 3698 oum
950 3648 993 3697 bis
1006 3648 1112 3711 verbis,
1132 3663 1201 3713 quae
1213 3663 1279 3713 qua-

140 3720 252 3772 sedibus
266 3735 317 3770 nec
333 3719 394 3784 ipse
404 3725 483 3784 pater
495 3721 626 3770 historiae
640 3734 685 3770 ac·
735 3718 842 3768 dratam
854 3717 999 3783 Scythicae
1010 3722 1100 3769 terrae
1111 3718 1225 3767 formam
1233 3717 1279 3768 de·

140 3790 265 3841 curatius
282 3790 395 3840 edoctus
407 3790 461 3839 fuit
470 3805 615 3856 nequepro
626 3788 685 3840 illo·
734 3788 850 3850 clarent,
858 3788 1050 3853 coniungenda
1059 3802 1206 3852 esse‚quae
1215 3803 1278 3839 mox

140 3876 200 3910 rum
214 3866 365 3925 temporum
380 3862 487 3911 ratione
503 3861 611 3910 omuino
624 3875 684 3911 esse
736 3864 895 3924 sequuntur,
910 3873 980 3923 quae
989 3871 1056 3908 sane
1066 3857 1100 3907 ad
1109 3856 1180 3907 hauc
1188 3859 1277 3922 ipsam

140 3932 241 3996 potnit.
253 3957 287 3966 -
300 3930 443 3981 Caeterum
455 3931 479 3981 si
491 3946 551 3981 cum
560 3931 604 3994 iis,
614 3944 686 3994 quae
735 3929 851 3979 formam
863 3929 1019 3979 accuratius
1031 3925 1220 3992 explicandam
1231 3929 1278 3978 ad·

140 4000 193 4052 hoc
213 3999 275 4051 loco
296 4000 453 4064 traduntur,
479 4015 620 4052 mensurae
637 3999 685 4063 Ν,
736 3999 795 4049 dita
804 3998 946 4049 videntur:
960 3987 1031 4047 οὕτω
1041 3986 1079 4046 ἂν
1089 3994 1133 4061 εἴη
1145 3994 1194 4062 τῆς
1204 3996 1276 4047 Σκυ-

141 4071 190 4122 101
204 4069 332 4136 prolatae
343 4076 549 4136 comparentur,
563 4070 687 4121 Herode·
737 4066 826 4133 θιιιῆς
842 4061 876 4117 τὰ
889 4060 1038 4131 ἐπικάρσια
1051 4067 1278 4132 τετρακισχιλίων

142 4146 216 4192 team
235 4140 375 4206 Scythiam
400 4157 433 4193 eo
453 4157 539 4207 usque
564 4140 622 4191 iere
640 4157 687 4192 ex·
737 4137 860 4188 σταδίων
876 4130 980 4187 καὶτὰ
1001 4126 1090 4201 ὄρθια
1111 4128 1213 4202 ἑτέρων
1233 4152 1278 4188 το-

45 4250 46 4253 ,
140 4212 219 4262 tendi
235 4214 334 4262 statuit
344 4213 488 4277 Koeppen:
501 4214 525 4262 N
527 4210 647 4276 ordgest.
659 4211 685 4260 d.
736 4199 843 4258 τούτων
853 4205 988 4273 σταδίων,
998 4207 1031 4257 de
1038 4208 1136 4274 quibus
1145 4209 1200 4261 vid.
1207 4214 1276 4259 nott.

141 4281 224 4333 Pont.
243 4297 306 4348 pag.
324 4284 357 4332 12
375 4298 449 4347 seq,
473 4296 527 4348 quo
543 4296 616 4332 nuuc
638 4296 686 4345 per
736 4277 907 4341 Quadratum
922 4294 983 4329 cum
1001 4278 1055 4328 sibi
1071 4279 1171 4330 Noster
1187 4284 1278 4331 terrae

140 4351 270 4403 Rusaiam
288 4352 492 4402 meridionalem
515 4354 626 4402 exstant
644 4355 686 4400 tu·
735 4348 883 4416 Scythicae
899 4349 1023 4402 fluxisset
1037 4349 1166 4409 formam,
1185 4351 1277 4415 singn-

142 4422 208 4473 muli
227 4421 257 4471 in
270 4421 401 4487 gubernio
413 4421 520 4483 Kurak3
538 4437 601 4472 uam
612 4420 684 4484 inde,
734 4418 770 4471 lia
780 4426 910 4485 quattuor
919 4421 1043 4486 partibus
1053 4434 1075 4470 s.
1083 4419 1215 4472 lateribus
1225 4419 1279 4469 sibi

45 4556 47 4559 v
140 4492 215 4557 quod
233 4492 354 4557 mireris,
371 4491 545 4560 plane—aliud
566 4492 685 4557 incipere
734 4492 846 4557 paribus
865 4491 1035 4555 longitudine
1058 4494 1189 4555 quattuor
1206 4488 1279 4540 mille
