3042 5125
273 396 335 458 274
702 391 973 457 HERODOTI

273 584 384 677 χρόνςο
406 585 519 673 καλιῇ
539 588 666 674 ταραχῇ
686 588 719 665 ἐς
739 581 802 672 την
816 592 1013 673 πολιορκίην
1033 580 1317 671 παρεσκευάδατο·
1348 590 1399 652 καλ

233 697 244 714 “
274 716 340 769 νοις
359 692 462 758 ταῦτα
482 692 654 769 ποιεῦντες
671 687 870 758 ἐλάνθανον.
909 687 1001 757 Ἐπεί
1015 713 1050 756 τε
1069 687 1105 756 ei
1121 690 1157 756 ἐκ
1173 689 1234 754 τοῦ
1248 688 1396 774 ἐμφανέος

274 790 482 880 ἀπέστησαν,
505 795 666 881 ἐποίησαν
678 791 825 861 τοιόνδε·
853 790 910 872 τὰς
923 792 1065 881 μητέρας
1080 788 1246 873 ἐξελόντες
1267 805 1396 877 γυναῖκα

274 901 411 975 ἕκαστος
423 903 505 985 μίαν
517 899 785 984 προσεξαιρέετο,
803 893 866 984 τὴν
887 895 1060 985 ἐβούλετο,
1079 896 1115 962 ἐκ
1136 897 1204 962 τῶν
1224 894 1345 962 ε’ωντοῦ
1355 900 1396 962 οἰ-

275 1009 376 1086 κίων,
393 997 450 1080 τὰς
468 999 504 1068 δέ
523 998 639 1080 λοιπάς
657 995 787 1078 άπάσας
801 997 1048 1088 συναγαγόντες
1067 992 1269 1080 ἀπέπνιξαν·
1294 994 1351 1085 τὴν
1366 996 1397 1064 σέ

275 1111 356 1193 μίαν
371 1107 507 1183 ἕκαστος
519 1101 690 1173 σιτοποιὸν
706 1106 878 1192 ἐξαιρέετο.
907 1100 1093 1184 ἀπέπνιξαν
1108 1101 1144 1171 di
1159 1096 1280 1186 αὐτάς,
1296 1106 1349 1170 ἴνα
1360 1096 1397 1186 μό

210 1222 262 1282 151
276 1228 392 1296 σφεων
411 1203 470 1276 τὸν
490 1222 583 1277 σῖτον
602 1205 859 1298 ἀναισιμώσωσι.
898 1204 1101 1295 Πυθόμενος
1121 1205 1159 1274 di
1178 1208 1283 1273 ταῦτα
1301 1198 1319 1272 ὁ
1337 1212 1397 1271 Δα-

277 1327 365 1400 ρεῖος
389 1313 445 1380 καὶ
465 1314 622 1396 συλλέξας
646 1309 780 1381 ἅπασαν
802 1309 863 1399 τὴν
884 1313 1013 1382 ἑαυτοῦ
1033 1306 1180 1397 δύναμιν
1201 1305 1397 1396 ἐστρατεύετο

277 1409 331 1484 ἐπ’
346 1410 483 1500 αὐτοὺς,
505 1414 665 1495 ἐπελάσας
684 1417 720 1484 di
739 1417 793 1484 ἐπὶ
813 1413 874 1504 τὴν
887 1417 1074 1502 Βαβυλῶνα
1096 1410 1287 1500 ἐπολιόρκεε
1306 1437 1396 1500 pposk

276 1525 423 1603 τιξοντας
448 1514 550 1587 οὐδὲν
575 1523 631 1607 τῆς
658 1526 859 1608 πολιορκιής.
901 1514 1143 1607 άναβαίνοντες
1168 1513 1234 1605 γάρ
1261 1516 1314 1585 ἐπὶ
1332 1510 1396 1594 τοὺς

276 1625 514 1713 προμαχεῶνας
526 1627 587 1691 τοῦ
599 1631 722 1710 τείχεος
734 1628 771 1691 οἱ
780 1622 992 1712 Βαβυλώνιοι
1006 1623 1235 1708 κατωρχέοντο
1249 1621 1305 1688 καὶ
1316 1620 1396 1689 κατέ·

276 1824 323 1874 nia
332 1824 430 1876 iterum
437 1821 537 1889 (5.13)ι
547 1822 581 1874 de
590 1822 688 1888 quibus
696 1824 820 1876 rebellio-
871 1824 933 1875 nuit
944 1823 1041 1876 Grote:
1054 1823 1169 1889 History
1183 1821 1394 1885 oiGreeceIV.1a

275 1894 356 1946 nibus
370 1893 448 1959 plura
462 1898 573 1944 cunrat
584 1910 647 1957 rex,
666 1894 714 1959 qui
726 1894 820 1946 decem
871 1893 931 1946 309.

275 1969 303 2014 ct
323 1979 421 2016 novem
442 1964 543 2029 pugnis
560 1963 711 2015 commissis
731 1965 820 2015 victo·
906 1956 956 2020 τάς
980 1955 1101 2028 μητέρας
1125 1951 1266 2021 ἐξελόντες
1294 1959 1396 2023 γυναῖκα

274 2050 332 2085 rem
347 2050 376 2086 se
392 2034 531 2085 exstitisse
542 2049 693 2099 novemque
705 2049 785 2101 reges
796 2051 819 2086 s.
870 2027 986 2090 ἕκαστος
999 2030 1069 2096 μίαν
1085 2047 1111 2082 κ.
1125 2047 1148 2080 τ.
1159 2027 1198 2095 λ.]
1217 2031 1235 2083 i.
1249 2047 1272 2082 e.
1292 2029 1397 2080 masto

275 2104 427 2170 principes,
454 2103 500 2169 qui
519 2103 674 2156 rebellionis
693 2109 820 2155 auctores
871 2106 993 2168 exemptis
1007 2104 1099 2166 superii
1116 2104 1209 2166 quique
1223 2113 1397 2152 aceruum

275 2173 387 2236 suerint,
399 2174 478 2227 visos
488 2173 595 2238 cepisse
605 2172 739 2239 gloriatur
749 2173 820 2236 (Col.
867 2183 1006 2238 praetereo
1018 2173 1049 2234 (i.
1062 2186 1086 2222 e.
1099 2178 1210 2236 praeter
1222 2177 1328 2228 matres,
1339 2179 1397 2233 quas

277 2243 323 2292 lV.
338 2245 362 2305 ξ.
376 2241 413 2307 2).
436 2243 479 2292 De
491 2243 589 2307 quibus
607 2242 734 2294 omnibus
752 2242 821 2296 nihil
870 2240 1037 2304 retinebant)
1046 2242 1096 2291 sibi
1103 2240 1254 2300 sciscebant,
1265 2240 1394 2305 qumque

276 2311 311 2364 ab
323 2311 464 2363 Herodoto
481 2311 612 2362 traditum
629 2313 745 2377 reperiri
762 2312 821 2362 noli
871 2329 919 2378 pac
930 2312 1036 2370 solebat,
1052 2328 1088 2360 επ
1101 2310 1208 2360 oedibus
1219 2312 1280 2368 ειιίε,
1294 2306 1397 2372 reliquo

276 2380 383 2431 mirari:
406 2396 494 2446 neque
516 2381 587 2432 enim
606 2381 706 2432 Noster
723 2383 820 2432 Persa·
871 2397 965 2433 omnes
982 2379 1108 2432 mulieres
1126 2379 1196 2442 (sive
1216 2394 1326 2438 uxores,
1348 2376 1397 2427 sive

276 2465 336 2501 rum
352 2465 395 2501 res
414 2456 470 2500 ism
488 2455 617 2501 accurate
634 2451 761 2516 persequi
780 2452 821 2502 in·
871 2450 978 2514 servas)
1011 2453 1197 2515 congregatas
1235 2448 1396 2519 suffocarunt¹

276 2519 381 2585 stituit,
395 2523 427 2571 ut
446 2518 514 2571 nihil
532 2520 682 2588 quidquam
702 2521 819 2586 deesset,
871 2521 904 2572 in
925 2519 1022 2587 quibus
1036 2518 1127 2571 serbis
1143 2519 1247 2570 retinui
1262 2511 1314 2584 τὴν
1332 2511 1397 2582 ἐβοι-

275 2590 386 2658 potiors
398 2594 504 2642 tantum
514 2591 577 2641 iude
590 2590 734 2656 allaturus,
749 2608 821 2658 quae
872 2591 947 2655 λετο,
963 2591 1036 2657 quod
1053 2589 1181 2640 librorum
1194 2590 1350 2655 scriptorum
1364 2584 1397 2636 ef·

276 2676 336 2713 oum
355 2660 520 2712 Graecorum
543 2663 639 2724 rebus,
661 2677 732 2728 quas
753 2665 821 2714 scri·
872 2661 927 2713 fert
946 2675 1095 2711 cousensus
1113 2675 1163 2724 pro
1185 2659 1249 2710 olim
1266 2658 1337 2723 vulg.
1354 2669 1396 2719 την

275 2730 381 2783 hendor
394 2731 449 2782 sibi
465 2737 638 2797 sumpserat,
658 2732 754 2797 aliqua
776 2747 819 2782 ra·
871 2719 891 2781 d
897 2748 914 2780 ν
927 2721 1070 2798 ἐβούλετο,
1080 2743 1161 2794 quam
1170 2730 1244 2780 tueri
1256 2728 1323 2779 veile
1333 2725 1397 2803 ride

275 2802 351 2852 tione
379 2802 527 2853 coniuncta
555 2807 647 2854 essent
670 2808 719 2853 aut
745 2806 820 2853 certe
872 2806 917 2852 tur
937 2799 1006 2851 (iod.
1024 2799 1173 2850 Hermann.
1192 2799 1236 2850 De
1257 2799 1349 2864 partic.
1365 2808 1396 2842 us

276 2871 441 2922 Graecorum
459 2872 565 2925 animos
585 2872 702 2923 maxime
721 2872 819 2923 adver·
870 2885 898 2936 p.
912 2869 946 2921 26
959 2885 1035 2934 seqq.
1050 2868 1183 2935 (Opuscc.
1198 2867 1396 2930 v01.1V),om

275 2945 376 2993 terent.
869 2938 1018 3005 significet:
1030 2939 1180 3004 qumasostc
1190 2940 1397 3003 scitiusque·

309 3006 358 3060 καλ
371 3006 405 3075 τῇ
413 3006 531 3075 ταραχῇ]
549 3009 653 3061 Eodem
672 3010 751 3060 modo
765 3012 820 3062 No·
869 3026 966 3076 ιαπρνε
985 3009 1097 3069 calcium
1123 3002 1175 3072 τὴν
1196 2999 1319 3075 ἐβούλετο
1336 3006 1396 3055 idem

276 3083 333 3131 ster
344 3079 466 3143 loquitur
476 3078 530 3141 111,
542 3078 601 3129 126.
623 3079 688 3129 Mox
707 3095 767 3130 cum
781 3094 822 3130 re·
868 3079 974 3130 reddit:
993 3096 1046 3129 eom
1063 3096 1136 3144 ριιιοπ
1153 3080 1259 3131 colebat.
1283 3076 1395 3141 Sequitur

276 3153 361 3200 centt.
379 3145 441 3199 edd.
463 3163 511 3213 pro
539 3139 819 3211 παρεσκευάσαντοο
868 3149 1053 3199 Hermaouum
1066 3147 1175 3199 Fritsch
1197 3148 1237 3198 iu:
1260 3145 1363 3198 Jahrbb.
1377 3142 1394 3193 f.

274 3218 395 3294 Floreat:
409 3231 519 3282 unoque
530 3217 620 3269 Paris.
642 3218 754 3269 exhibui
766 3234 819 3268 uo·
868 3218 1004 3284 Philolog.
1015 3233 1042 3269 u.
1051 3218 1212 3283 Paedagoq.
1223 3217 1313 3282 Suppi.
1323 3216 1394 3278 lup

277 3282 477 3353 ρεσκεναὸατο,
505 3287 639 3351 probante
665 3287 819 3353 Schweigb.
870 3287 913 3339 73.
937 3288 1005 3339 Mihi
1016 3302 1081 3339 vero
1096 3286 1148 3339 hac
1168 3288 1196 3337 in
1214 3292 1345 3337 structura
1355 3286 1394 3333 im-

277 3362 304 3409 et
319 3355 479 3407 conserente
491 3357 525 3418 V,
539 3354 582 3407 34.
595 3355 658 3419 VII,
671 3357 733 3407 218.
746 3357 822 3409 Reli·
869 3359 986 3424 perfecti
996 3345 1033 3407 ds
1043 3356 1117 3407 baud
1129 3372 1266 3423 quaquam
1276 3356 1336 3413 terri
1344 3366 1395 3419 pot·

276 3442 345 3493 quos
356 3425 433 3477 locos
445 3424 521 3476 dabit
536 3425 652 3477 Bredov.
664 3427 763 3507 pete.
777 3428 820 3478 Ad
870 3443 900 3479 se
911 3429 1030 3481 videtur.
1049 3455 1084 3465 -
1099 3421 1201 3477 αἰτίαν
1216 3443 1249 3477 ex
1266 3428 1356 3478 iisdem
1369 3422 1394 3471 ii·

274 3497 453 3549 locutionem:
463 3486 493 3544 ἐκ
504 3491 554 3544 τοῦ
562 3486 701 3559 ἕμφανεος
711 3496 820 3561 (palma)
870 3498 928 3550 bris
942 3497 1053 3564 scriptis
1067 3497 1131 3548 dedi
1147 3512 1196 3562 pro
1209 3496 1272 3548 oiim
1284 3495 1352 3561 vulg.
1361 3485 1394 3540 σέ·

275 3566 347 3619 conf.
362 3566 429 3628 Vll,
446 3566 506 3617 205.
521 3564 549 3628 1,
570 3564 617 3616 ill
639 3564 732 3632 ibique
747 3573 820 3618 nott.
869 3564 967 3633 κηλων.
986 3568 1027 3618 Ad
1037 3572 1202 3619 structuram
1213 3559 1394 3619 sociatmque

276 3642 304 3688 et
323 3636 488 3686 Pausaniam
513 3633 564 3685 hoo
583 3635 711 3701 loquendi
732 3651 819 3701 genus
869 3638 941 3691 cous.
955 3639 1007 3701 111,
1026 3637 1083 3688 158.

274 3707 427 3757 imitantem
440 3706 489 3768 IX,
506 3705 530 3755 1.
547 3707 573 3768 5.
586 3704 617 3767 3,
630 3705 678 3755 ubi
691 3706 746 3757 vid.
761 3707 820 3757 Sie-
906 3698 1061 3772 σιτοποιὸν]
1078 3706 1139 3758 Ηοο
1151 3707 1260 3758 omuino
1269 3704 1393 3757 mulierum

274 3775 352 3828 belis.
383 3774 472 3841 Atque
494 3773 558 3825 inde
585 3775 669 3825 stiam
684 3776 820 3841 Procopio
870 3776 934 3828 olim
951 3776 1037 3828 fuisse
1054 3775 1182 3841 officium,
1202 3781 1234 3828 ut
1249 3791 1339 3842 panem
1356 3786 1393 3837 pt·

274 3845 344 3897 banc
354 3844 519 3897 locutionem
530 3844 611 3897 valde
624 3844 761 3911 placuisse
780 3847 819 3913 (v.
870 3851 977 3910 rorent,
992 3853 1084 3897 mouet
1093 3847 1182 3899 Wess.
1195 3862 1228 3897 ex
1240 3846 1300 3909 vn,
1313 3845 1355 3896 187
1370 3844 1393 3889 ei

275 3933 299 3966 c.
310 3917 343 3968 B.
357 3914 437 3967 Goth.
450 3915 477 3967 I.
498 3915 539 3966 il.
553 3913 606 3978 12.)
622 3923 714 3967 monet
724 3917 816 3969 Wess.
869 3916 1144 3983 Eurip.Hecub.3ss3.
1157 3918 1230 3968 -In
1242 3932 1314 3981 seqq.
1325 3907 1393 3962 α’ται·

276 3986 353 4048 Quae
366 3986 490 4051 sequitur
507 3985 630 4035 namatio
649 3985 682 4036 dc
696 3986 816 4053 Babylo·
867 3978 1005 4052 σιμάοασι
1031 3987 1147 4049 retinui3
1176 3977 1338 4051 άναισιμολσι
1354 3995 1393 4055 ⁰¹3

274 4054 328 4104 niis
338 4053 462 4105 mulieres
473 4070 566 4105 omnes
575 4052 710 4121 (exceptis
724 4058 817 4107 matri·
866 4057 962 4109 hibent
973 4057 1072 4108 Suidas
1086 4063 1115 4106 et
1123 4055 1252 4108 Euststh.
1268 4055 1301 4105 ad
1309 4047 1387 4103 Odi

273 4123 325 4173 bus
339 4128 366 4172 et
378 4138 433 4172 una
442 4125 574 4188 cuiusque
583 4123 678 4175 domus
691 4126 818 4192 muliere)
867 4142 930 4192 pag.
945 4127 1020 4179 1595.
1036 4125 1067 4176 10
1077 4142 1100 4177 s.
1112 4126 1164 4178 306
1175 4131 1242 4177 extr.

273 4191 507 4255 interficientibus,
514 4192 557 4244 vel
566 4198 732 4259 exaggerata
742 4196 768 4245 si
777 4197 817 4246 si·

273 4261 379 4321 deatur‚
387 4264 477 4311 tamen
484 4263 680 4314 satisoeteudit
687 4263 819 4316 ferociam
1062 4246 1128 4297 ⁰³¹²·
1147 4246 1216 4299 CLI·

273 4330 347 4381 illam
360 4330 452 4391 animi,
465 4332 588 4382 inustam
599 4332 655 4383 iere
669 4333 818 4387 Semiticae
901 4323 947 4382 ini
959 4324 1024 4391 τοὺς
1037 4329 1248 4400 προμαχεῶνας]
1263 4330 1303 4382 Cf.
1316 4329 1336 4389 Ι,
1350 4323 1391 4375 lbi

273 4400 366 4466 stirpis
380 4400 506 4465 gentibus
530 4406 558 4452 et
578 4400 671 4453 multis
685 4404 816 4470 exemplis
866 4402 959 4469 ibique
973 4406 1043 4455 nott.

270 4470 400 4522 Iudaicae
422 4470 552 4523 historiae
571 4473 723 4538 probatam.
756 4476 815 4527 Mo·
900 4467 1102 4540 κατωρχέοντο]
1121 4473 1139 4525 i.
1154 4490 1178 4526 e.
1191 4470 1347 4525 tusiauubant
1359 4466 1389 4513 5¹⁸
