3042 5125
216 385 275 448 156
647 383 917 448 ΗΕΒΟΠΟΤΙ

212 577 274 666 μὲν
293 574 421 665 οὕνομα
446 575 583 646 πάντων
602 573 781 646 κάλλιστον
806 582 891 664 ἔχει,
918 581 1110 665 ἰσονομίην·
1143 572 1285 661 δεύτερα
1311 573 1349 644 δέ

213 680 341 750 τούτων
355 685 423 749 τῶν
443 675 462 749 ὁ
478 677 665 769 μούναρχος
684 684 790 750 ποιέει
804 676 914 748 οὐδέν.
943 678 1038 771 πάλῳ
1051 680 1114 767 μέν
1126 674 1228 764 ἀρχὰς
1242 675 1348 763 ἄρχει,

212 779 412 855 ὑπεύθυνον
430 783 466 853 δὲ
486 781 593 873 ἀρχὴν
613 781 929 872 ἔχει,,βουλεύματα
951 782 987 852 dl
1007 782 1115 852 πάντα
1135 785 1169 861 ἐς
1182 778 1219 850 τὸ
1233 777 1350 848 κοινὸν

212 885 382 976 ἀναφέρει.
435 894 577 976 Τίθεμαι
597 875 645 957 οἶν
668 885 823 977 γνώμην,
843 890 999 976 μετέντας
1023 883 1123 975 ἡμέας
1143 891 1352 974 μουναρχίην

213 1056 286 1123 pidia
302 1054 399 1106 Medea
418 1054 556 1107 119-130
580 1054 692 1106 fluxisse
716 1055 756 1104 ri·
808 1054 907 1105 liberas
926 1051 1087 1106 habebatur.
1112 1052 1153 1102 Ae
1170 1052 1239 1103 satis
1254 1058 1352 1102 notum

213 1126 271 1178 deri
289 1130 380 1176 monet
396 1124 538 1190 Wyttenb.
559 1123 670 1175 Selectt.
690 1124 755 1176 hist.
809 1130 861 1182 est,
876 1122 990 1174 Athenis
1000 1123 1172 1188 potissimum
1185 1136 1278 1173 omnes
1293 1122 1351 1172 iere

214 1211 278 1261 pag.
294 1194 361 1256 351,
383 1208 462 1259 quem
483 1192 596 1245 eundem
613 1194 649 1244 ad
668 1194 756 1246 Cicer.
808 1194 986 1260 magistratus
999 1194 1040 1244 sie
1055 1197 1129 1243 sorte
1143 1190 1230 1243 fuisse
1242 1190 1351 1243 deletos

213 1266 255 1316 De
275 1269 332 1314 nat.
352 1265 429 1315 deor.
446 1264 474 1326 Ι,
501 1266 536 1315 44
558 1263 676 1314 conferri
697 1265 757 1315 vult
808 1266 836 1314 in
853 1278 939 1329 eoque
956 1264 1017 1328 ipso
1033 1262 1115 1314 valde
1137 1261 1191 1311 sibi
1211 1261 1352 1326 placuisse

215 1336 263 1386 Cr.
281 1333 323 1384 Ad
334 1334 418 1385 verba
429 1330 527 1397 πρῶτα
537 1325 588 1396 μὲν
598 1360 630 1369 -
640 1329 756 1396 δεύτερα
807 1331 944 1401 populum.
954 1331 1023 1382 Aliis
1031 1330 1101 1383 locis
1112 1332 1185 1382 idem
1196 1330 1351 1382 obtinuisse

213 1397 244 1453 di
258 1402 331 1457 coni.
345 1402 462 1453 Werier.
480 1401 497 1452 Ι.
516 1401 534 1452 Ι.
550 1417 613 1468 pag.
624 1405 684 1454 254.
702 1404 756 1454 He·
807 1407 885 1469 patet
915 1417 948 1453 ex
971 1402 1124 1454 Tittmauu.
1146 1400 1277 1452 Darsteil.
1300 1401 1352 1452 dor

213 1471 401 1536 rod.lII,‹18.
807 1470 975 1524 Grieohisch.
1006 1470 1171 1523 Staatsrerf.
1202 1486 1265 1537 pag.
1296 1469 1351 1522 538

248 1535 407 1607 ἰσονομίην]
426 1538 505 1603 Quod
525 1538 588 1591 olim
604 1540 678 1605 apud
694 1539 755 1591 Sto·
807 1541 866 1593 coil.
886 1557 950 1607 pag.
967 1541 1129 1604 308-314,
1154 1540 1202 1591 ubi
1226 1539 1352 1606 singulus

213 1611 310 1663 haeum
325 1611 343 1662 1.
362 1611 380 1661 Ι.
397 1610 538 1676 legebatur
553 1603 709 1675 ἰσοτιμιήν,
727 1610 755 1660 id
807 1611 1000 1678 magistratus,
1020 1615 1094 1662 sorte
1107 1609 1223 1661 Athenis
1237 1610 1353 1673 electos,

213 1680 318 1732 meliori
328 1674 476 1746 ἰσονομίην
490 1694 561 1730 nunc
575 1680 668 1739 cessit,
683 1681 754 1744 quod

213 1757 287 1803 reete
307 1750 430 1802 exhibuit
448 1748 582 1800 Meineks.
617 1750 660 1799 Τιι
679 1749 752 1799 coni.

213 1819 316 1872 Herod.
329 1819 382 1884 111,
393 1819 435 1871 33.
447 1819 505 1871 142.
519 1819 556 1881 V,
568 1819 612 1870 37.
629 1819 708 1880 Nam,
723 1823 754 1869 ut

213 1895 286 1942 recte
307 1890 413 1942 monuit
432 1887 564 1952 Wessel.,
587 1892 614 1939 ιἰι
634 1892 757 1954 populari

211 1969 279 2013 statu
290 1962 410 2012 laudatio·
420 1961 484 2009 iuria
494 1962 561 2011 iuter
570 1975 653 2010 omnes
662 1975 755 2025 aequa·

213 2031 308 2083 bilitas.
333 2029 409 2081 Idem
425 2029 493 2079 citat
514 2027 638 2092 Euripid.
659 2027 753 2093 Suppl.

213 2099 274 2152 433.
302 2099 434 2165 Hyperid.
453 2096 525 2163 apud
543 2096 627 2149 Rutil.
648 2098 753 2161 Lupum

213 2170 250 2220 11.
264 2172 288 2232 5.
304 2169 320 2217 2
341 2169 399 2231 (ubi
412 2166 520 2219 Ruhnk.
539 2172 680 2233 comparat
695 2167 754 2217 Sal·

213 2238 276 2289 lust.
286 2238 368 2290 Catii.
380 2238 409 2300 u)
421 2237 481 2288 Lir.
494 2237 533 2298 ΙΙ,
548 2235 565 2286 3
579 2241 607 2288 et
619 2234 753 2287 Valcken.

211 2307 247 2357 ad
260 2307 385 2373 Euripid.
397 2305 539 2357 Phoeniss.
554 2306 614 2358 541.
633 2305 677 2355 Tu
689 2305 754 2357 add.

210 2376 354 2426 Aristotel.
379 2375 461 2426 Polit.
490 2374 545 2437 lV,
574 2378 599 2426 4.
624 2375 684 2439 §.2
710 2375 752 2426 ed.

212 2444 338 2495 Schneid.
360 2449 389 2496 et
406 2443 492 2494 Cicer.
521 2443 564 2494 De
585 2459 641 2510 rep.
660 2445 689 2508 1,
709 2445 752 2496 31.

806 1687 937 1733 recenset.
958 1681 1001 1731 Tu
1009 1680 1064 1730 rid.
1075 1680 1248 1745 potissimum
1260 1681 1290 1730 C.
1299 1681 1348 1730 Fr.

804 1752 954 1802 Hermann.
977 1748 987 1799 l
1012 1750 1030 1801 Ι.
1051 1753 1076 1814 ᾖ.
1095 1750 1143 1814 37,
1161 1751 1186 1801 4.
1206 1754 1234 1800 et
1251 1753 1275 1813 ς.
1299 1749 1352 1800 148

806 1822 944 1885 edquart.
959 1820 1008 1871 Gr.
1021 1817 1352 1884 conscrtHarsncnrspelr

806 1890 848 1941 Dc
859 1890 959 1941 tribun.
973 1888 1061 1955 plebia
1074 1889 1258 1949 institutione,
1271 1890 1351 1939 Trai.

806 1959 840 2011 ad
857 1959 944 2011 Rhen.
960 1958 1026 2037 18241
1041 1974 1105 2025 pag.
1119 1960 1145 2038 2.
1164 1986 1196 1996 -
1210 1959 1250 2010 Ad
1260 1959 1352 2024 ipsam

806 2029 971 2080 locutionem
982 2029 1061 2095 παλρι
1072 2054 1107 2064 -
1120 2041 1200 2093 αρχει
1219 2030 1293 2083 eunt.
1310 2029 1353 2078 al-

805 2098 863 2149 lata
875 2114 893 2150 s
906 2098 1057 2151 Blomiield.
1070 2099 1099 2147 in
1112 2098 1233 2150 Glossar.
1246 2099 1282 2149 ad
1295 2100 1351 2150 Ae·

805 2169 893 2233 schyli
907 2169 983 2233 Sept.
993 2184 1018 2220 c.
1033 2167 1120 2220 Theb.
1134 2170 1176 2221 55.

839 2229 1007 2289 ὑπεύθυνον
1017 2231 1048 2286 dl
1060 2228 1226 2303 ἄρχηνέχει]
1240 2237 1354 2289 Consti-

804 2309 920 2360 tuehant
936 2308 1004 2360 haec
1024 2306 1068 2359 vel
1090 2313 1163 2358 certe
1180 2308 1353 2359 constituere

804 2378 974 2443 putabantur
990 2382 1116 2428 naturam
1132 2376 1299 2443 reipublicae
1317 2378 1353 2428 li-

804 2448 887 2499 berae
905 2449 977 2513 apud
996 2448 1129 2509 Graecos,
1150 2453 1181 2498 ut
1202 2447 1352 2512 magistra-

214 2517 290 2576 Quae
303 2512 371 2566 iuris
388 2512 571 2579 aequabilitas
590 2528 650 2565 cum
663 2529 695 2567 eo
707 2530 754 2580 po·
805 2523 849 2571 tus
863 2518 962 2584 singuli
972 2518 1090 2569 muneris
1101 2517 1233 2569 rationem
1246 2517 1351 2583 populo

213 2585 349 2635 tissimum
364 2584 515 2647 reseratur,
533 2588 565 2635 ut
578 2584 675 2651 cuique
689 2585 754 2648 civi,
804 2588 957 2640 redderent.
984 2587 1063 2652 Quod
1083 2588 1197 2640 Athenis
1215 2590 1352 2652 imprimis

214 2655 322 2722 quando
334 2654 367 2706 de
379 2653 461 2706 rebus
475 2653 592 2719 publicis
603 2660 711 2721 agatur,
725 2657 754 2706 in
804 2657 924 2709 valuisse
942 2673 1021 2709 nemo
1040 2662 1100 2720 est,
1120 2659 1167 2724 qui
1185 2660 1298 2709 nesciet.
1313 2688 1351 2697 —

212 2727 343 2776 concione
366 2724 451 2776 animi
478 2740 559 2776 sensa
584 2724 670 2777 libere
693 2741 754 2790 pro·
804 2728 1006 2780 Plurimahano
1020 2729 1048 2778 in
1063 2743 1119 2778 rem
1131 2729 1281 2780 Tittmanu.
1297 2728 1316 2782 i.
1330 2729 1350 2780 1.

212 2795 284 2847 terre
300 2792 399 2857 liceat,
421 2793 530 2846 aceedit
547 2794 610 2847 inde
628 2795 676 2846 ilia
695 2797 754 2860 qui·
805 2814 867 2864 pag.
881 2798 933 2849 324
950 2813 1025 2864 seqq.
1044 2802 1071 2849 et
1086 2797 1117 2848 C.
1136 2798 1182 2850 Fr.
1196 2799 1347 2853 Hermann.

212 2866 273 2917 dem
290 2865 326 2916 sd
344 2859 507 2931 ἰσηγορίαν,
528 2870 643 2930 utraque
664 2870 754 2916 autem
804 2868 822 2919 1.
836 2867 855 2919 Ι.
873 2868 945 2919 Hine
961 2883 1008 2919 rex
1029 2883 1051 2919 s.
1069 2871 1204 2931 tyrannus
1223 2859 1349 2919 ἀνεύθυ-

212 2936 329 2986 maxime
342 2934 462 3000 pertinet
479 2933 514 2984 ad
532 2934 689 3000 popularem
704 2936 755 2985 im·
806 2951 868 3001 νος,
883 2937 946 2988 vide
957 2953 1040 3003 supra
1052 2941 1122 2988 nott.

212 3006 281 3071 perii
315 3009 417 3055 statum
455 3003 515 3054 sive
548 3005 767 3057 democratiam'
840 2997 1012 3074 βουλεύματα
1030 2999 1061 3056 dl
1079 2999 1171 3056 πάντα
1192 2995 1222 3063 ές
1241 2999 1272 3056 τὸ
1289 3021 1349 3055 κοι-

211 3074 275 3125 Vid.
288 3073 317 3124 (i.
330 3076 376 3125 Fr.
388 3074 537 3124 Hermann.
550 3073 692 3124 Lehrbuch
707 3073 755 3124 der
806 3066 857 3126 νόν
868 3067 1017 3143 ἀναφέρει]
1031 3078 1065 3127 In
1077 3075 1209 3128 Graeciae
1224 3077 1349 3128 civitati·

212 3141 536 3194 Griech.Staatsaiterth.
554 3145 579 3206 g.
595 3143 754 3207 titi,potissi·
805 3147 856 3197 bus
867 3146 961 3198 liberis
974 3149 1065 3197 omnia
1081 3145 1117 3197 sd
1130 3145 1259 3211 populum
1277 3149 1349 3199 eius-

213 3228 284 3263 nrum
295 3214 351 3262 not.
360 3212 383 3263 1.
392 3213 441 3262 cti>
450 3216 478 3262 et
488 3210 649 3263 coni.etiam
656 3213 753 3264 Grote:
806 3230 857 3282 que
870 3217 1015 3267 conciones
1033 3215 1120 3268 relata
1138 3215 1256 3282 indeque
1266 3218 1347 3269 unice

213 3281 327 3344 History
348 3280 379 3331 os
389 3282 492 3332 Greecc
510 3281 549 3330 lv
563 3297 591 3346 p.
603 3281 663 3332 233.
686 3282 754 3334 Inde
805 3301 939 3351 suspensa
953 3285 1052 3349 inisse,
1072 3287 1113 3337 ita
1131 3290 1162 3336 ut
1178 3286 1248 3338 liber
1262 3304 1348 3353 popu·

210 3348 401 3413 Maeandrius,
433 3350 586 3401 Samiorum
609 3356 752 3417 tyrannus,
804 3355 846 3406 lua
864 3356 892 3405 iu
911 3356 1043 3407 concione
1062 3356 1096 3407 de
1116 3356 1255 3420 omnibus,
1275 3373 1348 3422 quae

210 3420 383 3484 depositurus
406 3418 579 3484 tyrannidem
606 3436 673 3471 suae
692 3421 754 3472 fldei
804 3424 840 3474 aci
854 3426 1010 3487 civitatem,
1023 3425 1059 3476 ad
1070 3426 1210 3491 regiminis
1221 3426 1346 3491 formam,

210 3507 227 3541 a
239 3489 385 3554 Polycrate
397 3489 568 3540 commissam
581 3490 680 3541 Samiis
693 3506 754 3556 pro·
804 3495 839 3545 ad
849 3494 964 3559 iudicia,
974 3494 1031 3546 alia
1040 3496 1222 3561 pertinerent,
1241 3512 1346 3548 summo

210 3560 287 3626 ponit
300 3552 509 3624 ἰσονομίην,
531 3562 602 3611 teste
612 3561 752 3612 Herodoto
802 3564 864 3614 loco
895 3565 1066 3631 decerneret,
1098 3569 1231 3617 neminem
1263 3568 1346 3633 fugit.

211 3630 330 3691 ΙΙΙ,142,
338 3629 384 3680 ubi
394 3630 466 3679 inter
475 3627 531 3679 elia
541 3627 662 3696 loquitur
669 3629 752 3681 haee:
803 3634 865 3685 vid.
885 3635 916 3685 C.
932 3637 979 3687 Fr.
998 3636 1147 3687 Hermann.
1165 3635 1183 3690 i.
1196 3636 1214 3686 Ι.
1235 3641 1263 3688 et
1273 3638 1347 3688 Titt-

209 3692 262 3762 ἐγὼ
281 3691 312 3748 dl
330 3690 358 3757 ἐς
375 3691 461 3777 μέσην
479 3689 532 3764 τὴν
554 3689 647 3764 ἀρχὴν
660 3697 752 3778 fistule
804 3718 893 3754 mann.
907 3703 925 3755 i.
940 3705 958 3757 l.
972 3721 998 3771 p.
1017 3706 1066 3757 144
1085 3722 1142 3771 seq.
1166 3707 1232 3772 ibiq.
1246 3707 1346 3759 Demo-

210 3764 223 3819 ἰ
230 3768 385 3834 σονομίη
393 3784 417 3847 νι
427 3769 497 3832 υμῖν
512 3782 710 3851 προανοριοωε,
725 3775 753 3821 et
803 3773 890 3825 athen.
908 3775 937 3825 in
949 3776 1049 3827 Neaer.
1062 3791 1090 3843 p.
1108 3776 1174 3827 1375
1193 3765 1208 3825 ὁ
1225 3768 1278 3842 γὰρ
1294 3775 1345 3841 δῆ-

209 3839 320 3891 deinde:
340 3854 439 3904 -ιην
455 3830 668 3905 ἐλευθερίην
685 3842 752 3904 cpia
802 3856 855 3908 μσς
884 3833 899 3892 ὁ
923 3833 1081 3910 Ἀθηναίων
1108 3836 1279 3909 κυριοίτατος
1304 3841 1346 3897 ι’ἰν

210 3906 393 3974 περιτίθημι,
408 3908 480 3974 quod
492 3907 527 3957 ad
543 3908 614 3958 idem
627 3910 706 3960 redit.
801 3910 857 3961 τῶν
870 3904 900 3962 έν
917 3912 951 3980 τῇ
966 3905 1044 3964 πόλει
1064 3905 1200 3964 ἁπάντων
1217 3912 1265 3966 καὶ
1278 3906 1346 3978 ἐξὸν

244 3969 323 4043 πάλῳ
335 3971 386 4042 μὲν
397 3969 487 4043 dordr
499 3966 590 4042 ἄρχει]
609 3980 629 4026 i.
642 3995 665 4030 e.
681 3989 752 4030 sorte
802 3973 878 4050 αὐτῷ
887 3985 981 4033 ποιεῖν
990 3973 1033 4034 ὅτι
1049 3972 1086 4033 ἂν
1102 3976 1234 4051 βούληται
1246 4001 1272 4035 ιι.
1286 4003 1309 4036 τ.
1321 3988 1343 4038 1.

163 4076 167 4085 ·
206 4052 274 4111 perir
288 4050 467 4119 magistratus:
484 4051 686 4112 quatenussc„
704 4049 750 4114 qui
801 4053 892 4115 Quare
922 4054 1008 4105 Cicer.
1034 4055 1077 4105 De
1101 4054 1205 4120 republ.
1236 4055 1264 4119 Ι,
1294 4059 1342 4108 27;

210 4117 386 4181 magistratus
400 4120 511 4183 gerunt,
530 4121 604 4167 sorte
614 4117 750 4183 eliguntur
801 4120 1004 4184 „Athenienses
1026 4125 1190 4189 quibusdam
1214 4128 1344 4191 tempori-

208 4186 280 4235 inter
297 4185 373 4236 cives
390 4203 453 4248 eos,
481 4186 527 4250 qui
546 4188 669 4238 examine
686 4192 751 4238 ante
800 4191 968 4244 bnssubiato
982 4194 1124 4259 Areopago
1141 4193 1211 4245 nihil
1230 4196 1283 4246 nisi
1297 4213 1345 4262 po·

207 4255 335 4305 instituto
358 4256 429 4306 satis
454 4254 557 4305 inerint
575 4258 698 4322 probati,
721 4258 749 4308 id
800 4260 859 4326 puli
878 4263 955 4313 scitis
975 4263 1124 4329 agebant.“
1154 4264 1275 4316 Athenas
1295 4282 1343 4317 au-

209 4324 297 4389 quod.
318 4328 389 4374 teste
401 4323 550 4377 Aristotele
565 4326 593 4376 in
606 4326 687 4378 Polit.
701 4327 749 4390 IV,
802 4337 856 4382 tem
876 4337 958 4399 atque
974 4333 1181 4386 Atheniensium
1196 4336 1343 4401 rempubli-

208 4395 271 4457 ue.
284 4391 456 4456 eschaeta,
477 4410 525 4458 pro
541 4398 659 4448 maximo
671 4395 750 4448 iiber·
801 4417 862 4452 cam
880 4402 909 4452 in
928 4403 1091 4455 Herodoteis
1106 4405 1279 4470 potissimum
1301 4422 1344 4459 re·

207 4462 276 4514 tatis
289 4461 392 4516 indicio
406 4479 454 4531 per·
467 4464 599 4517 Graeciae
618 4466 750 4520 civitates
802 4470 944 4538 spiciende
957 4488 1032 4538 esse,
1045 4474 1092 4525 rix
1104 4475 1209 4527 monitu
1223 4491 1301 4542 opus.
