3042 5125
492 356 820 418 MELPOMHNE.
841 358 897 418 IV.
919 368 963 423 36.
1234 361 1294 424 371

152 546 268 612 πᾶσαν
281 540 344 633 τὴν
357 549 422 634 γῆν
435 542 537 616 οὐδὲν
550 544 747 635 σιτεόμενος.
791 555 836 617 Εἰ
850 550 892 616 δέ
903 555 971 617 εἰσί
981 576 1068 630 τινες
1082 546 1294 642 ’Ῥτερβόρεοι

150 643 347 737 ἅνθρωποι,
364 652 428 719 εἰσ)
442 652 498 719 καὶ
511 646 702 742 ὑπερνότιοι
717 647 821 720 ἄλλοι.
852 656 940 738 γελῶ
955 651 992 721 dt
1008 649 1115 743 ὁρέων
1126 659 1187 744 γῆς
1199 683 1292 747 περι-

149 749 253 834 όδους
266 750 460 841 γράψαντας
474 753 617 836 πολλοὺς
632 750 696 842 ἤδη
710 755 766 823 καὶ
779 750 903 824 οὐδένα
918 754 1000 825 νόον
1015 765 1149 846 ἔχοντας
1164 763 1291 850 [ἐξηγη-

147 952 233 1003 Kiiln.
249 951 329 1017 1866)
347 968 389 1004 nr.
404 954 427 1005 1.
445 955 520 1006 vatis
540 970 562 1005 s.
577 954 696 1007 fascina-
745 953 828 1006 Alteu
841 954 864 1005 1.
886 970 912 1020 p.
932 956 996 1020 116,
1018 957 1113 1009 Grote:
1130 959 1246 1025 History
1264 960 1295 1010 oi

148 1023 220 1073 toris
232 1022 460 1087 significationem
478 1026 568 1075 inesse
585 1024 696 1076 docens.
747 1023 850 1076 Greece
867 1025 890 1078 I.
908 1040 934 1089 p.
946 1026 1006 1077 492.
1018 1029 1078 1080 525.
1096 1029 1230 1079 Herodoti
1245 1044 1293 1079 au·

185 1085 226 1140 Εἰ
238 1090 270 1142 δέ
288 1086 345 1142 eloi
360 1107 433 1151 τινες
444 1083 624 1160 Ὑπερβόρεοι
645 1081 695 1144 όν·
747 1097 802 1144 tem
822 1099 913 1145 aetate
925 1095 1044 1147 Graecos
1064 1097 1154 1161 deiis,
1175 1114 1244 1163 qnae
1256 1098 1292 1150 ad

149 1160 284 1226 θρωποι,
300 1157 352 1211 eloi
371 1160 420 1211 να)
432 1153 595 1229 ὑπερνότιοι
606 1151 696 1229 ἄλλοι]
747 1168 837 1214 terrae
845 1164 963 1215 formam
969 1169 997 1215 et
1006 1166 1136 1217 ambitum
1146 1170 1293 1232 pertinent,

149 1231 208 1294 Qui
220 1231 273 1283 hoc
285 1247 317 1281 ex
330 1231 390 1283 loco
406 1230 500 1300 colligi
510 1234 621 1297 volunt,
642 1235 698 1284 He·
749 1232 845 1284 melius
863 1233 976 1285 edoctos
994 1235 1133 1302 ipsiusque
1152 1237 1225 1288 orbis
1242 1243 1294 1289 ter·

149 1301 278 1354 rodotum
289 1302 399 1352 omuino
408 1301 558 1368 dubitasse,
570 1318 633 1354 uum
642 1301 699 1352 ulla
749 1318 839 1353 rarum
878 1306 1076 1356 accuratiorem
1110 1308 1293 1373 cognitionem

149 1386 274 1437 unquam
301 1372 438 1423 exstiterit
463 1373 699 1438 Hyperboreomm
748 1372 864 1438 adeptos
876 1389 945 1439 ease,
959 1375 1020 1439 ipsa
1033 1375 1101 1426 haee
1112 1377 1205 1443 prodit
1217 1392 1294 1429 acer·

149 1443 239 1505 natio,
253 1442 289 1492 iis
297 1441 422 1507 equidem
432 1444 561 1493 accedere
570 1458 625 1493 uon
637 1457 698 1506 pos·
749 1442 784 1492 ha
795 1443 929 1494 Herodoti
940 1446 1116 1509 vituperatio.
1142 1447 1195 1511 Qui
1208 1447 1294 1497 histo-

149 1510 310 1577 sum(coui.
323 1510 696 1564 etiamPerizon.adAelian.
749 1511 807 1563 riae
832 1517 926 1578 pater,
949 1514 1123 1566 Maunertum
1149 1518 1173 1566 si
1197 1516 1293 1567 audias

148 1581 184 1631 V.
198 1582 236 1632 H.
250 1581 292 1644 11,
307 1581 341 1631 to
359 1585 387 1629 et
402 1580 545 1632 Schubsrt.
566 1580 584 1631 l.
596 1580 612 1631 l.
632 1596 695 1647 pag.
747 1581 785 1646 (I.
801 1597 829 1646 p.
847 1583 908 1646 12),
926 1582 978 1634 hoc
991 1583 1051 1635 loco
1063 1585 1174 1637 decreta
1190 1601 1292 1650 eorum,

148 1651 212 1715 28),
232 1666 294 1702 cnm
307 1649 463 1699 Herodotus
476 1650 545 1702 talea
560 1650 640 1702 modo
651 1666 698 1702 ne·
748 1651 795 1716 qui
819 1667 834 1701 e
859 1651 983 1702 Thaletis
1007 1654 1154 1719 disciplina
1175 1657 1293 1721 proiecti

148 1725 199 1786 get
218 1735 279 1771 osse
295 1717 502 1783 Hyperboreoe,
522 1719 618 1785 quales
633 1723 697 1785 poi·
747 1719 821 1785 globi
837 1724 990 1773 statuerent
1007 1724 1204 1775 rotunditatem
1219 1725 1292 1790 (curn

149 1796 197 1840 tae
212 1794 262 1840 aut
280 1785 433 1838 fabularum
452 1794 626 1841 enarratores
643 1805 698 1840 me·

149 1872 274 1910 morasse
282 1858 418 1921 videntur,
431 1857 622 1910 ultraBoream
632 1875 696 1910 veu-

747 1788 806 1839 seil.
831 1791 892 1855 ipse
920 1807 1010 1843 rerum
1036 1793 1291 1845 mathematicorum

746 1858 855 1909 omuiuo
865 1858 964 1911 inisset
972 1861 1091 1927 expers),
1099 1862 1222 1915 confudit
1231 1879 1292 1916 cum

149 1934 208 1979 tum
222 1928 283 1980 scil.
293 1926 379 1985 sitos3
393 1928 420 1978 id
435 1929 507 1993 qnod
519 1944 536 1979 a
548 1944 638 1982 rerum
648 1944 697 1979 ua·

150 2005 214 2049 tura
224 1995 300 2062 patri
310 1995 442 2047 historiae
454 2013 540 2065 aeque
551 1999 696 2051 abhorrere

148 2070 239 2120 uisum
260 2070 303 2117 est
319 2081 352 2116 ac
370 2067 395 2117 si
411 2068 472 2131 quis
487 2069 610 2121 homiues
623 2068 696 2120 ultra

146 2140 263 2189 ventum
272 2134 696 2205 meridionalemfflyperuotios)

146 2206 249 2272 ringere
267 2204 363 2269 vellet,
386 2220 447 2257 cum
469 2209 634 2275 Hyperborei
650 2224 698 2274 po·

148 2277 204 2326 tius
232 2273 426 2340 perhibeantur
450 2282 558 2330 maxime
582 2281 699 2330 borealee

147 2344 288 2407 homines,
304 2344 323 2394 i.
338 2359 361 2396 e.
378 2348 590 2411 septentrionem
601 2362 697 2399 versus

148 2416 269 2465 maxime
286 2413 459 2476 habitantes,
476 2419 633 2483 Hyperuotii
650 2432 697 2468 au-

149 2491 205 2536 tem
219 2486 258 2547 ii,
282 2485 332 2549 qui
352 2492 488 2537 extremas
506 2492 596 2538 terrae
617 2487 697 2537 meri-

148 2554 269 2607 dionalis
285 2570 347 2605 oras
364 2556 494 2608 incolant.
519 2557 607 2608 Multa
625 2556 696 2608 hane

149 2626 177 2676 in
192 2640 251 2676 rem
269 2624 413 2689 disputans
424 2626 524 2678 Strabo
537 2628 563 2691 Ι,
576 2627 602 2679 3.
613 2643 640 2692 p.
651 2626 695 2678 61.

148 2695 182 2746 62
194 2712 216 2746 ο.
231 2694 283 2746 loo
295 2693 326 2745 G.
339 2713 395 2761 seq.
408 2696 629 2760 Eratosthenem,
642 2697 697 2746 He·

148 2764 241 2816 rodoti
260 2764 337 2815 dicta
354 2765 544 2832 cavillantem,
565 2773 592 2818 et
606 2769 696 2833 ipsum

147 2835 318 2901 perstringit.
340 2835 443 2903 Attigit
455 2851 562 2902 quoque
573 2834 696 2888 Herodo-

148 2912 192 2956 tea
217 2903 310 2956 Schol.
335 2905 423 2971 Apoll.
448 2905 537 2957 Rhod.
561 2907 608 2967 ll,
635 2906 696 2967 675,

147 2975 269 3041 itemque
293 2976 388 3026 nostrt
415 2976 545 3026 memorit
569 2976 695 3042 Wytteu-

147 3044 228 3096 bach.
257 3044 375 3108 praeiet.
404 3045 438 3096 ad
464 3044 603 3097 Phaedon.
630 3061 694 3111 pag.

148 3112 295 3174 XXXVII,
311 3120 341 3165 ut
354 3117 459 3166 monuit
469 3114 558 3166 Gaisf.

181 3178 254 3248 γελῶ
267 3177 297 3233 δὲ
308 3174 398 3247 ὁρέων
406 3181 458 3248 γῆς
469 3175 619 3250 περιόδους
628 3174 695 3250 γρό-

148 3262 263 3316 eunuc
282 3270 308 3303 τι.
325 3269 350 3304 τ.
374 3251 410 3317 t]
435 3255 569 3306 Herodoti
588 3255 695 3321 vitupe-

147 3324 285 3374 rationem
307 3322 345 3374 ad
367 3323 538 3375 Hecataeum
557 3324 695 3377 Milesium

149 3394 300 3459 praecipue
313 3398 437 3459 spectare
450 3400 481 3444 ut
493 3393 612 3457 credam,
623 3410 696 3446 com-

148 3468 263 3514 movent
273 3478 316 3514 me
328 3478 370 3525 ea,
386 3477 458 3529 quae
469 3463 573 3530 scripta
585 3468 696 3515 exstant

149 3533 193 3595 11,
205 3533 255 3593 21,
269 3533 318 3584 ubi
334 3533 391 3583 vid.
407 3537 477 3583 nott.
507 3534 603 3598 Neque
616 3534 696 3586 aliter

149 3601 288 3667 placuisse
299 3602 379 3653 video
391 3602 526 3655 Bredorio
544 3602 656 3671 (Geogr.
669 3607 697 3655 et

149 3671 300 3739 Uranolog.
314 3672 415 3723 Herod.
428 3672 538 3737 specim.
553 3688 616 3739 pag.
632 3673 697 3725 XVI

150 3741 221 3806 not.)
249 3750 332 3808 atque
355 3757 460 3808 nupero
483 3741 698 3807 fragmentorum

150 3812 287 3864 Hecataei
297 3812 408 3875 editori,
421 3811 552 3875 Klauseu,
562 3813 631 3865 bene
642 3829 699 3865 ruo·

149 3883 228 3933 uenti
253 3882 328 3949 (pag.
350 3882 386 3934 39
406 3879 494 3948 seq),
519 3883 698 3948 Hecataeum,

151 3967 230 4018 quem
249 3967 318 4017 opus
335 3952 364 4002 iu
383 3951 450 4003 duos
467 3951 551 4004 libros
568 3953 697 4017 divisum,

746 1943 839 1979 eorum
852 1928 993 1994 doctrina,
1006 1933 1053 1997 qui
1065 1933 1102 1982 ed
1111 1934 1223 1984 Homeri
1233 1949 1292 1985 sen-

746 1999 862 2049 tentiam
883 1999 1006 2050 nonnihil
1028 2001 1222 2067 amplificatam
1239 2007 1294 2054 ter·

747 2068 927 2133 ram,qualem
938 2075 1047 2134 norant,
1060 2071 1291 2124 haberentrotun-

747 2138 810 2188 dam
817 2137 983 2206 Oceanoque
992 2140 1186 2194 circumfluam.
1197 2145 1292 2209 Neque

747 2224 812 2260 vero
824 2224 915 2260 veram
927 2212 1090 2263 senteutiam
1102 2211 1136 2263 ds
1148 2216 1236 2264 terrae
1248 2228 1291 2264 ro·

746 2279 885 2330 tunditate
902 2281 1072 2332 Herodotum
1089 2281 1218 2334 habuisse
1240 2298 1291 2334 nec

747 2363 809 2411 eos,
827 2364 895 2415 quos
913 2350 1050 2412 derideat,
1066 2351 1137 2403 idem
1154 2353 1289 2404 Manuert.

745 2417 868 2482 iudicat,
886 2421 1010 2486 quamvis
1027 2422 1197 2487 Herodotus,
1221 2437 1291 2489 quae

746 2488 834 2552 ipsius
852 2489 934 2541 tuerit
951 2494 1084 2541 terrarum
1100 2491 1244 2543 multarum
1257 2507 1291 2542 ac

747 2558 915 2610 diversarum
939 2561 1076 2627 cognitio,
1099 2560 1168 2613 bene
1186 2561 1291 2613 intelie-

746 2628 830 2690 xerit,
848 2629 997 2693 Hecataei,
1019 2631 1134 2681 aliorum
1146 2646 1226 2697 quam
1242 2631 1292 2682 ial-

747 2712 779 2749 sa
790 2698 826 2746 sit
839 2699 939 2763 opinio.
962 2701 1024 2750 Hoc
1035 2700 1106 2751 euim
1120 2700 1291 2765 potissimum

745 2765 821 2818 illum
829 2767 883 2817 sibi
890 2770 1037 2834 sumpsisse
1045 2768 1290 2834 vultprobandum‚

745 2841 777 2887 ut
804 2843 893 2888 terrae
921 2838 1096 2889 latitudinem
1118 2839 1291 2904 longitudine

747 2908 871 2970 superari
884 2912 1028 2974 appareret
1045 2909 1209 2975 minimeque
1226 2908 1290 2960 hinc

746 2974 819 3027 eiiici
830 2980 920 3029 terrae
931 2978 1130 3029 rotunditatem
1145 2979 1290 3042 quandam,

746 3061 808 3097 enm
820 3047 932 3113 Europa
950 3047 1009 3099 sola
1025 3047 1140 3113 reliquis
1151 3049 1224 3101 orbis
1240 3054 1292 3100 ter·

745 3131 836 3166 rerum
850 3118 974 3181 partibus
984 3117 1028 3170 vel
1039 3119 1193 3170 coniunctis
1205 3120 1292 3171 maior

746 3188 784 3238 sit
798 3185 912 3239 ambitu.
937 3188 1061 3255 Namque
1073 3204 1088 3239 e
1103 3193 1193 3241 mente
1205 3190 1291 3241 Hero·

747 3257 806 3307 doti
821 3261 895 3307 terra
912 3258 965 3308 fuit
982 3257 1079 3324 plana,
1099 3258 1176 3309 coelo
1193 3275 1292 3311 conea·

745 3331 812 3377 vato
829 3327 858 3378 in
874 3327 982 3378 modum
1004 3326 1197 3393 hemisphaerii
1218 3329 1292 3381 obte-

747 3401 807 3459 cta,
827 3412 881 3448 nou
894 3400 1051 3448 accuratam
1064 3397 1160 3449 circuli
1175 3398 1290 3450 formam

747 3465 894 3530 exhibens,
906 3466 954 3517 sed
968 3467 1112 3533 oblongam
1126 3470 1233 3533 potius,
1246 3469 1291 3519 hic

747 3535 803 3587 illic
817 3536 962 3599 inflexam3
982 3537 1054 3588 nude
1067 3536 1183 3599 iactum,
1195 3543 1226 3590 ut
1237 3539 1292 3590 Eu·

746 3621 842 3671 ropem
858 3605 971 3672 reliquis
987 3607 1093 3658 duabus
1114 3606 1189 3658 orbis
1206 3613 1291 3659 terra·

748 3690 808 3725 rum
821 3677 945 3740 partibus
962 3675 1009 3727 ille
1021 3677 1076 3728 sibi
1088 3676 1225 3743 cogitaret
1236 3693 1292 3729 ma-

749 3746 833 3796 iorem
845 3760 946 3812 eosque
957 3745 1119 3798 deridendos
1134 3761 1195 3797 esse
1211 3752 1290 3812 puta-

748 3818 805 3877 ret,
823 3815 869 3879 qui
880 3814 961 3880 plane
971 3814 1117 3866 rotundam
1129 3830 1188 3864 cum
1199 3817 1292 3867 existi-

748 3888 854 3935 marent
863 3889 973 3948 terram,
984 3900 1077 3949 parem
1087 3899 1193 3950 quoque
1199 3886 1291 3937 Asiam

749 3958 777 4005 et
806 3955 943 4020 Europam
973 3955 1187 4018 constituerent,
1219 3962 1292 4007 omui

153 4022 247 4073 Asiam
272 4022 402 4072 nimirum
431 4025 459 4071 et
481 4023 621 4088 Europam
649 4023 696 4090 (ci.
748 4030 880 4075 terrarum
898 4023 963 4076 orbe
978 4024 1088 4075 induas
1101 4039 1293 4091 easquepares

154 4090 220 4147 ibid.
229 4107 294 4158 pag.
311 4090 366 4157 13),
379 4090 535 4143 condidisse
548 4092 698 4144 Oceanum·
748 4099 776 4146 et
790 4092 916 4160 aequales
925 4098 1018 4159 partes
1027 4093 1132 4146 diviso:
1146 4109 1227 4160 quam
1237 4097 1294 4147 He—

155 4176 204 4226 que
217 4177 269 4227 pro
282 4161 393 4213 flumine
410 4176 515 4212 omnem
528 4165 629 4214 terram
642 4165 699 4214 cin-
748 4165 840 4216 cataei
854 4164 956 4215 Milesii
969 4179 1075 4231 quoque
1087 4163 1174 4216 inisse
1187 4167 1293 4231 opinio·

154 4236 234 4295 geute
245 4231 375 4283 habuisse
386 4232 647 4298 novimus,saepius
658 4238 700 4283 ta·
749 4249 810 4286 uem
829 4235 990 4286 monuimus.
1021 4235 1063 4285 Tu
1085 4233 1156 4285 coni.
1178 4234 1291 4288 Reuuel.

154 4300 210 4352 cita
219 4300 433 4366 reprehensione
442 4300 478 4350 ab
486 4301 626 4354 Herodoto
638 4319 699 4369 per·
748 4320 812 4370 pag.
834 4304 894 4366 383,
914 4304 1018 4356 Ulrert:
1039 4304 1139 4370 Geogr.
1154 4305 1179 4354 d.
1199 4305 1245 4357 Gr.
1264 4321 1291 4354 u.

155 4370 700 4437 stringirldd.Rsinganumrtiesohichte
749 4374 843 4425 Roem.
866 4375 895 4438 1,
913 4377 937 4425 2.
957 4391 1020 4442 pag.
1038 4374 1082 4437 uo,
1099 4374 1215 4424 Bredov.
1237 4373 1255 4424 l.
1273 4372 1292 4426 l.

156 4439 257 4492 dErd·
272 4439 634 4510 unsttnderabbilduugeu
652 4442 700 4495 der
749 4459 814 4510 pag.
833 4444 887 4496 VII
907 4444 1011 4511 (ibique
1025 4443 1157 4494 Herodot.
1177 4442 1232 4506 111,
1250 4442 1292 4493 98.

1027 4523 1098 4588 24*
