3042 5125
221 290 282 353 408
659 283 925 346 HERODOTI
950 339 955 347 .

222 485 323 551 ἐοῦσα
336 479 455 567 πικρὴ,
471 476 648 568 ἢμεγάθει·
657 475 779 566 σμικρὴ
793 480 894 545 ἐοῦσα
907 481 1007 567 κιρνᾷ
1021 475 1080 544 τὸν
1087 474 1246 559 Ὕπανιν,
1262 473 1355 543 ἐόντα
1364 493 1405 543 3115

222 683 303 733 huius
310 681 388 732 fluvii
395 678 589 741 amaritudine,
597 678 674 728 cuins
681 677 769 742 ipsius
820 681 896 726 ratur
908 674 1095 736 lacus'saleua,
1108 692 1155 741 per
1165 692 1249 742 quem
1259 676 1288 725 in
1298 690 1367 724 mare

222 767 308 804 causa
319 753 356 801 eit
369 748 527 813 tous,niliil
540 747 687 813 quidquam
696 762 770 796 nuuc
821 747 889 795 fluat
911 746 1019 810 Teligol,
1041 747 1097 796 nisi
1118 747 1154 795 sit
1181 745 1266 796 huius
1286 751 1367 795 mater

223 822 355 872 traditum
366 820 529 885 reperiatur.
556 816 689 868 Ponticae
701 831 770 867 ⁴orae
819 813 915 880 (lons).
946 816 1023 866 Haec
1043 816 1127 882 igitur
1148 830 1181 865 eo
1202 816 1322 877 ducunt,
1340 820 1367 864 ut

223 892 313 942 fontes
330 905 385 940 non
402 890 456 940 uiai
469 888 562 938 laticis
574 901 661 951 paene
670 886 771 936 marini
820 883 941 935 fluvialis
953 900 1042 949 aquae
1052 884 1278 947 amaritudinem,
1292 899 1368 949 qnam

223 965 354 1011 memorat
365 958 446 1009 Ovid.
459 959 501 1008 Ex
515 959 596 1007 Pent.
613 955 671 1018 ΙΙΙ,
688 955 710 1017 l,
727 956 769 1008 ΙΙ.
820 956 921 1006 Noster
935 954 1034 1016 tradit,
1056 970 1070 1004 e
1088 955 1215 1004 marinae
1237 970 1326 1020 aquae
1342 953 1367 1002 ri

224 1031 410 1081 AdMannerti
421 1029 586 1078 senteutiam
596 1025 705 1075 accedit
715 1025 771 1075 iere
821 1040 869 1091 per
883 1025 956 1074 ostia
967 1024 997 1073 in
1017 1024 1127 1075 fluvium
1142 1025 1279 1075 irruentis
1298 1039 1368 1087 repe

222 1098 365 1152 Eiehwald
382 1097 454 1163 (Alte
469 1094 623 1162 Geograph.
643 1094 669 1143 d.
688 1094 772 1159 Casp.
821 1099 926 1144 tamus:
940 1094 1048 1158 quodsi
1061 1110 1110 1159 per
1122 1094 1234 1160 aliquot
1247 1093 1369 1142 milliaris

223 1171 328 1220 Meerer
353 1183 379 1233 p.
403 1167 453 1218 297
480 1165 570 1232 seqq.)
591 1166 719 1229 cogitans
738 1164 773 1213 de
821 1163 976 1227 fieripoese
994 1163 1190 1224 concedamus,
1214 1169 1309 1213 tamen
1327 1178 1369 1227 per

224 1235 362 1302 naphthae
379 1236 518 1299 fontibus,
538 1235 586 1300 qui
602 1233 676 1284 haud
690 1234 773 1284 inire·
822 1238 953 1299 quattuor
965 1232 1069 1283 dierum
1087 1234 1299 1298 navigationem
1316 1232 1369 1281 deri

224 1312 340 1373 queutes
354 1307 428 1356 eirca
444 1305 506 1355 illas
526 1305 652 1369 regiones
669 1303 772 1367 reperi·
821 1305 867 1354 vix
878 1303 982 1369 potnit:
1001 1303 1071 1353 adeo
1091 1308 1122 1353 nt
1133 1304 1313 1364 Herodotus,
1329 1302 1369 1367 qui

224 1382 322 1436 antur,
337 1390 424 1440 ecque
435 1389 556 1424 amarum
569 1373 673 1424 iontem
685 1374 773 1423 Hero·
821 1373 903 1423 Ponti
916 1387 990 1423 oram
1002 1373 1098 1438 attigit
1110 1378 1196 1437 atque
1211 1373 1247 1423 de
1264 1372 1307 1423 his
1323 1371 1369 1420 uti·

225 1445 282 1496 doti
304 1444 438 1506 reterens,
458 1458 537 1508 quem
556 1459 640 1509 prope
658 1442 772 1493 Michai·
820 1458 873 1508 que
891 1448 1021 1495 accurate
1041 1444 1149 1494 edoceri
1170 1445 1286 1507 potuit,
1304 1441 1370 1490 talto

225 1512 334 1565 towslra
347 1512 434 1562 inisse
448 1513 624 1578 vigintimill.
638 1518 772 1563 remotum
821 1511 949 1565 retulisse
971 1512 1110 1577 putandus
1139 1513 1192 1574 sit,
1218 1513 1271 1578 qui
1288 1524 1370 1580 aquae

226 1584 261 1635 ab
276 1583 347 1633 ostio
361 1581 503 1646 Hypanis,
521 1582 659 1633 meridiem
677 1597 772 1634 versus
822 1582 1033 1633 amaritudinem
1046 1599 1101 1633 nou
1110 1583 1196 1632 maris
1210 1597 1287 1647 aqna
1299 1580 1370 1631 influ-

226 1654 309 1703 situm
324 1652 358 1701 ab
379 1652 445 1700 urbe
459 1651 660 1714 Wosneseuslr‚
681 1651 773 1703 decla·
823 1659 899 1716 ente,
914 1651 963 1703 sed
981 1652 1071 1716 fonte,
1093 1654 1140 1718 qui
1155 1668 1220 1703 oum
1232 1652 1317 1702 fluvio
1329 1650 1372 1698 mi-

226 1728 271 1773 rat
288 1722 393 1772 Krnse:
417 1720 613 1785 Urgesehiohte
629 1720 656 1772 d.
673 1721 772 1772 Ertha.
823 1729 927 1784 scetur,
948 1721 1020 1772 effici
1038 1722 1140 1774 diserte
1159 1721 1264 1778 tradit;
1283 1719 1369 1769 malim

226 1790 446 1842 Volksstamrnea
472 1805 498 1853 p.
524 1788 584 1841 283.
616 1790 682 1840 Cum
709 1791 772 1840 iens
823 1793 908 1857 igitur
927 1792 962 1841 ab
981 1791 1121 1842 Herodoto
1139 1795 1237 1853 stare,
1251 1804 1369 1855 praeser-

226 1864 280 1913 iste
298 1859 332 1911 ab
348 1859 490 1909 Herodoto
518 1857 666 1910 collocetur
690 1876 723 1910 oa
743 1862 772 1910 in
823 1864 944 1912 timeum
957 1862 1055 1924 tontes,
1074 1862 1119 1926 qui
1132 1876 1237 1927 squaru
1254 1874 1368 1909 amaram

227 1932 352 1997 regione,
373 1929 420 1978 ubi
436 1929 525 1992 Tyras
538 1931 566 1978 et
577 1929 702 1992 Hypanis
715 1931 773 1982 exi·
821 1948 855 1983 ao
878 1931 979 1981 salsam
1007 1932 1154 1996 praebent,
1180 1929 1275 1981 adhuc
1301 1930 1369 1979 circs

226 2016 281 2067 guo
295 1998 441 2049 intervallo
454 1998 541 2048 fluunt
556 2012 577 2046 s.
592 1997 691 2074 limites
708 2015 773 2050 suos
822 2001 884 2051 illas
895 2001 1021 2065 regiones
1031 2001 1148 2051 inveniri
1163 2002 1290 2061 tradant,
1305 2003 1370 2048 teste

228 2069 393 2121 contrahunt
413 2059 459 2130 (τὰ
475 2061 596 2129 τέρματα
611 2069 774 2131 σνναγονσι)
823 2070 974 2122 Eiehwald.
990 2070 1009 2120 l.
1025 2070 1140 2136 supral.
1171 2070 1255 2121 Ocni.
1270 2083 1370 2134 quoqne
1454 2087 1455 2090 ¹

226 2141 304 2190 iuxta
316 2137 450 2188 Alazones
460 2135 528 2198 (rid.
540 2139 601 2184 nott
617 2135 708 2197 adIV,
721 2137 773 2202 17),
823 2138 991 2191 Kolatorl.l.
1008 2155 1070 2205 pag.
1088 2139 1129 2191 19.
1159 2142 1201 2190 De
1217 2138 1370 2204 ipsosoutis

228 2209 349 2260 Hannon,
364 2205 382 2255 l.
395 2206 413 2256 Ι.
427 2221 491 2271 pag.
505 2203 546 2253 19.
561 2203 594 2254 nt
604 2203 675 2252 hanc
688 2207 773 2269 regio·
823 2212 932 2260 nomine
944 2209 1073 2273 Scythico
1083 2209 1159 2261 varie
1172 2209 1369 2274 quaesiverunt

227 2272 773 2336 neminterurbesltlogilewetBraelaw
822 2279 985 2339 virid00215
1007 2279 1114 2329 Dubois
1141 2278 1174 2327 de
1189 2276 1369 2342 Montpdreux
1454 2325 1455 2330 ,

228 2363 250 2398 s.
269 2343 406 2396 Bratalaw
428 2344 512 2394 facile
539 2342 667 2404 cognosci
685 2356 773 2405 posse,
824 2349 948 2414 (v0yage
964 2353 1063 2399 auteur
1082 2348 1118 2399 du
1134 2349 1265 2400 cauom
1279 2347 1326 2397 IV.
1345 2362 1369 2411 p.

227 2430 311 2481 prope
336 2412 438 2478 oppida
459 2410 585 2475 Olviopol
613 2416 641 2460 et
665 2409 776 2460 (laisein
824 2418 887 2483 396)
898 2420 1084 2484 Exampaeum
1098 2434 1120 2470 a.
1136 2435 1233 2470 sacra,
1248 2422 1304 2470 „503
1315 2431 1370 2468 ω.

228 2485 301 2535 lraud
313 2483 385 2534 male
398 2486 520 2533 statuere
532 2479 650 2531 ridetur.
669 2477 775 2529 Addam
825 2485 884 2537 dem
902 2488 959 2538 dici
974 2489 1047 2549 vult,
1068 2488 1167 2553 quibu,
1186 2503 1265 2538 nunc
1279 2500 1368 2536 nomen
1454 2511 1455 2522 2

228 2554 270 2605 his
287 2552 416 2606 Koehleri
430 2550 596 2604 sententiam
616 2547 708 2616 (Μόνη.
730 2564 776 2599 snr
826 2557 968 2623 Ozorny—
980 2560 1067 2621 szlalr,
1084 2560 1101 2609 i.
1115 2574 1139 2610 e.
1162 2570 1247 2610 arrroa
1261 2560 1322 2615 iter,
1343 2558 1366 2606 in

228 2625 255 2675 la
268 2641 366 2676 course
383 2628 437 2674 cet.
456 2638 578 2673 consecr.
598 2618 727 2671 anchin.
748 2635 774 2683 p.
826 2628 930 2689 mappis
949 2628 1138 2695 geographicis
1156 2627 1251 2678 adhuc
1273 2626 1368 2678 indica·

230 2695 279 2745 126
293 2693 354 2745 coll.
365 2692 446 2745 Mem.
461 2693 495 2742 de
506 2690 612 2742 l'Acad.
627 2691 659 2741 de
671 2691 779 2739 Peters-
827 2697 892 2741 tum.
909 2695 1005 2748 Ritter.
1020 2697 1160 2764 (Vorhalle
1172 2713 1237 2763 pag.
1250 2697 1313 2759 345)
1325 2712 1367 2745 no·

227 2766 314 2830 bourg
325 2766 357 2814 T.
372 2764 404 2813 X.
420 2780 444 2828 p.
460 2761 592 2826 052),q11i
608 2758 729 2810 fabulam
744 2759 777 2807 de
827 2776 888 2810 men
898 2761 981 2813 fontis
991 2770 1133 2833 Eoemapaei
1142 2769 1367 2831 suspicaturerse

228 2836 387 2899 Exampaeo
408 2833 484 2882 iente
505 2831 570 2882 inde
582 2835 676 2882 censet
688 2834 776 2878 ortam
828 2832 996 2894 Heoeenpsad.
1013 2837 1158 2903 ΑεριιρῙαᾱ,
1180 2837 1267 2902 idque
1279 2834 1368 2886 referri

229 2919 303 2965 esse,
322 2902 396 2967 quod
413 2915 503 2966 aquae
523 2901 617 2965 stagni
631 2898 777 2963 Borysthe-
827 2899 862 2949 ad
873 2900 1011 2964 antiquam
1024 2907 1095 2957 riam
1108 2922 1228 2969 sacram,
1243 2903 1367 2972 quaBud·

228 2971 442 3037 nicialiquando
453 2972 481 3019 in
492 2972 582 3034 ipsum
592 2969 702 3019 fluvium
713 2983 777 3018 ren·
828 2969 946 3019 dhistiea
973 2986 1052 3022 sacra
1080 2976 1249 3027 occidentem
1276 2988 1366 3026 sersus

228 3046 318 3092 torum
343 3040 374 3090 ri
403 3039 507 3089 fuerint
539 3040 674 3098 reiectae,
714 3053 775 3087 cum
827 3040 930 3089 tuerint
950 3041 1084 3092 traducta.
1105 3047 1241 3096 Ritterum
1256 3046 1313 3096 fere
1330 3059 1367 3094 se-

230 3126 300 3175 quae
316 3108 349 3159 de
366 3108 448 3159 hocce
461 3114 606 3157 narrentur
616 3107 693 3157 fonte
704 3122 777 3157 ama·
827 3109 922 3172 quitur
933 3107 1126 3161 Brandstaeter
1136 3114 1277 3179 Scythice.
1289 3131 1315 3180 p.
1327 3112 1365 3164 39.

229 3195 276 3241 ro,
298 3176 434 3228 Herodoti
454 3180 547 3229 aetate
565 3178 588 3225 si
607 3192 673 3227 vera
691 3176 776 3228 fuisse
827 3178 965 3229 Boeckhic
985 3176 1080 3240 (Corp.
1096 3179 1237 3247 Inscriptt.
1259 3185 1365 3236 Graece.

229 3263 377 3312 ponamus,
396 3262 468 3296 nuuc
480 3246 589 3296 minime
602 3246 643 3294 ita
656 3260 716 3297 sese
729 3245 776 3295 ha·
826 3237 1366 3318 114).111)νοιἘξαμπαῖοςιὶςῃ16ωε

228 3318 320 3367 beant.
350 3316 440 3380 Atque
460 3331 477 3365 a
495 3315 657 3365 recentioris
674 3315 777 3366 aetatis
829 3316 975 3369 videbatur
988 3309 1069 3365 ἐννέα
1082 3308 1160 3378 ὁδοὶ,
1180 3323 1253 3384 quoa
1264 3322 1326 3374 inde
1341 3323 1364 3370 in

229 3388 433 3453 peregrinatore
457 3384 574 3436 relatum
595 3385 703 3447 inveni,
729 3386 778 3434 flu·
830 3387 917 3453 ipsius
932 3385 1066 3438 Herodoti
1083 3385 1174 3436 verbis
1191 3392 1364 3453 reponendum

228 3457 302 3506 vium
322 3455 456 3519 Hypanin
477 3470 562 3520 prope
581 3455 688 3515 urbem,
708 3470 778 3521 qnae
829 3447 961 3520 pro‘ipel
977 3446 1055 3518 troi,
1074 3471 1135 3506 enm
1154 3446 1222 3516 ἔξὰν
1236 3475 1318 3511 norea
1333 3461 1363 3511 ri·

228 3541 301 3577 nune
331 3529 448 3575 vocatur
475 3524 624 3590 Nilolnjef,
653 3525 777 3590 quamvis
828 3525 955 3591 gnifieet;
985 3526 1033 3576 sed
1064 3530 1161 3591 postea
1180 3526 1363 3593 (Archaeolog.

229 3594 412 3660 suptuaginta
435 3597 553 3661 quinque
582 3593 639 3645 iere
662 3594 778 3644 Russica
829 3596 1092 3662 Zeitung.1847nr.
1113 3597 1139 3646 Ι.
1160 3610 1187 3660 p.
1203 3597 1251 3657 rt)
1269 3598 1310 3646 vir
1324 3598 1363 3646 do·

228 3665 357 3716 milliaria
370 3663 596 3729 (vocantWerst)
616 3679 633 3714 a
649 3665 720 3714 mari
735 3679 776 3713 re·
828 3670 889 3715 ctus
914 3665 1079 3716 sententiam
1102 3680 1181 3715 suam
1199 3667 1364 3721 retractavit,

228 3740 346 3798 motum,
384 3734 484 3786 selsam
524 3738 616 3785 tamen
646 3734 778 3799 praebere
828 3750 896 3786 voce
915 3726 984 3797 ἒξὰν
1005 3752 1105 3787 sarriens
1121 3734 1273 3800 significari
1290 3740 1366 3785 ratur.

228 3802 777 3940 11111111111111113111
828 3802 1367 3940 illsti?‘tistitltlizl‘tltl

230 3943 289 3994 129.
324 3943 399 3993 Idem
423 3961 455 3995 ex
480 3942 535 3993 alio
556 3943 643 3993 diario
663 3943 799 3993 allatum¹
828 3944 948 3995 Zendica
960 3944 1070 4009 lingua,
1085 3946 1114 3994 in
1126 3960 1181 4010 qua
1192 3959 1247 3995 vox
1259 3946 1333 4009 rodja
1345 3958 1365 3992 s.

228 4011 345 4075 posthac
364 4012 422 4061 vidi
437 4027 454 4061 a
472 4012 627 4063 Tzsehuelr.
645 4011 662 4063 l.
681 4012 776 4076 [ραν.
830 4016 888 4065 ercli
916 4013 1036 4065 declaret
1057 4031 1159 4065 sacrm
1182 4020 1210 4064 et
1238 4031 1290 4066 vox
1309 4013 1365 4062 Pate

228 4079 271 4139 38,
292 4079 404 4129 flurium
427 4080 590 4131 milliaribus
614 4081 777 4145 quibusdam
829 4087 1044 4146 oicm‚semitcm,
1063 4083 1107 4134 rel
1119 4099 1134 4133 e
1148 4084 1260 4135 Persica
1273 4084 1364 4146 lingna

228 4153 308 4211 ante,
338 4163 418 4212 quam
445 4154 572 4199 excurrat
598 4150 627 4198 in
649 4151 774 4212 Pontum,
828 4153 855 4202 in
867 4168 920 4216 qua
936 4156 987 4204 Par·
997 4153 1067 4203 idem
1080 4152 1173 4204 valeat
1185 4159 1267 4218 atque
1277 4166 1364 4219 pegus:

229 4233 348 4269 amarum
377 4232 502 4281 saporem
532 4219 664 4282 traxisse,
697 4235 775 4284 quem
828 4222 900 4273 nude
910 4211 1089 4286 Ἐξαμπαῖον
1101 4224 1218 4276 verteris
1227 4240 1315 4289 pagum
1327 4236 1362 4271 rr·

228 4288 296 4338 mari
309 4287 441 4337 tribuunt.
460 4286 493 4335 In
506 4302 558 4351 quo
571 4288 664 4336 eodem
676 4290 775 4352 princi·
827 4310 910 4356 mum,
943 4308 1023 4358 quam
1056 4292 1271 4358 appellationem
1299 4288 1360 4341 haud

227 4360 270 4424 pis
283 4356 562 4422 Wnertembergensir
576 4358 663 4407 diario
676 4375 775 4409 memo·
827 4360 944 4412 alienam
953 4362 1041 4414 rideri
1053 4364 1086 4413 ab
1096 4361 1218 4415 hocloco
1234 4362 1358 4414 existimat
