3042 5125
279 366 338 426 114
385 391 390 399 ·
706 353 980 425 HERODOTI

278 562 432 641 ἔκτισαν,
454 550 515 624 ούκ
530 557 584 624 ἐπὶ
603 557 701 622 τοῦτο
714 557 891 638 πλέοντες,
911 547 997 622 itti
1011 555 1225 630 Ζακυνθίους
1243 552 1399 633 ἐξελῶντες

279 661 317 728 ἐκ
331 664 387 746 τῆς
400 656 513 747 νήσου.
547 666 684 748 ἔμειναν
699 654 731 725 d'
746 662 785 728 ἐν
803 654 907 743 ταύτῃ
927 656 984 724 καὶ
1005 649 1251 742 εὐδαιμόνησαν
1270 647 1321 724 ἐπ’
1335 659 1399 723 ἔτεα

279 764 396 848 πέντε,
424 760 508 832 ὥστε
528 759 568 832 τὰ
589 759 644 849 ἱρὰ
671 758 711 829 τὰ
733 764 772 830 ἐν
792 764 954 846 Κυδωνίῃ
975 756 1072 826 ἐόντα
1094 761 1159 826 νύν
1183 747 1278 827 ούτοί
1294 762 1351 825 εἰσι
1367 762 1437 825 citio

280 864 477 954 ποιήσαντες
489 867 545 935 καὶ
559 862 618 933 τὸν
630 869 687 953 τῆς
701 862 871 951 Δικτύνης
886 859 978 950 νηόν.
1009 864 1095 954 ἕκτῳ
1111 860 1148 929 bi
1162 865 1230 930 ἔτεϊ
1241 865 1399 948 Αἰγινῆται

279 1031 416 1098 Aeginett.
434 1048 459 1098 p.
471 1032 519 1082 112
529 1047 585 1097 seq.
596 1036 670 1090 not,
688 1046 770 1097 quarn
781 1030 825 1080 Io·
875 1024 955 1077 modo
967 1025 1039 1092 apud
1046 1025 1214 1093 Cydoniatae
1225 1029 1254 1077 in
1265 1042 1342 1077 unum
1350 1041 1402 1077 coa·

279 1117 344 1152 num
375 1106 403 1152 et
435 1101 605 1153 Achaeorum
640 1103 825 1153 inveteratum
874 1095 975 1158 luisse,
1000 1096 1042 1146 ita
1063 1101 1095 1147 ut
1113 1098 1231 1162 posteris
1253 1098 1401 1178 temporibus

280 1170 389 1234 odium,
413 1188 474 1222 cum
492 1171 638 1237 Zacynthii
655 1169 825 1222 Achaeorum
874 1166 1049 1218 Britomartis
1067 1166 1150 1217 etiam
1164 1168 1315 1233 Dictynnae
1330 1183 1402 1217 nomi-

280 1240 382 1292 iuerint
411 1242 505 1306 stirpis
532 1241 731 1306 Spartanisque
761 1240 825 1291 inde
875 1251 910 1287 ne
922 1252 970 1302 per
982 1235 1082 1287 Cretae
1097 1238 1320 1289 nrbescoleretnr
1333 1237 1403 1287 adeo·

279 1310 397 1373 inimici,
421 1311 505 1361 Samii
527 1326 592 1363 vero
611 1311 757 1377 Spartanis
779 1325 824 1361 eo·
875 1321 928 1371 qne
939 1322 989 1372 pro
1000 1322 1055 1357 uno
1067 1307 1216 1374 eodemque
1228 1308 1330 1359 numine
1339 1312 1401 1358 ntra

279 1394 390 1445 rumque
403 1378 507 1432 colonis
519 1380 649 1432 faverint.
661 1408 696 1417 -
715 1380 749 1430 Iu
761 1396 824 1446 pro·
875 1391 928 1441 que
940 1376 992 1427 dea
1003 1376 1160 1430 haberetur.
1180 1444 1191 1455 .

279 1449 351 1500 xime
370 1449 596 1501 antecedentibus
612 1451 745 1501 intactum
761 1448 824 1500 reli·
908 1440 978 1514 ἕκτῳ
989 1439 1020 1495 dl
1030 1440 1247 1512 ἔτεϊΑίγινηται]
1259 1445 1401 1526 0011181111·

280 1519 326 1584 qui
350 1513 607 1584 παρακατέθεντο
630 1522 667 1585 (in
686 1523 824 1585 depoar'trcn
874 1516 909 1566 bo
921 1516 999 1571 v111.
1013 1532 1040 1582 p.
1051 1516 1104 1568 878
1115 1533 1139 1573 s,
1153 1517 1277 1583 pom.
1302 1516 1401 1578 Quaem

279 1589 428 1654 dederent),
446 1592 525 1641 cuius
538 1588 599 1641 loco
610 1588 735 1643 Dietsch.
750 1590 824 1640 exhi·
874 1584 982 1651 Olymp.
1000 1587 1119 1650 LXV,2
1135 1588 1195 1639 sive
1211 1587 1261 1639 519
1278 1592 1337 1635 ante
1351 1584 1402 1634 Chr.

278 1658 341 1707 huit
357 1654 547 1722 παρέθεντο.
577 1660 618 1711 Cf.
636 1661 675 1723 V,
692 1660 736 1712 92.
755 1664 781 1723 5.
797 1662 822 1710 7.
873 1671 901 1706 u.
914 1654 1035 1707 incidere
1049 1659 1149 1708 statuit
1159 1656 1189 1708 C.
1201 1657 1233 1710 Ο.
1244 1654 1401 1737 Machetie-

278 1726 333 1790 VI,
355 1727 388 1778 73
406 1728 498 1794 ibique
515 1729 609 1780 allata.
644 1729 753 1780 Deinde
774 1745 823 1795 pro
873 1726 969 1791 ginett.
996 1741 1023 1790 p.
1047 1726 1107 1778 113.
1141 1728 1220 1777 Haec
1242 1726 1310 1776 euim
1328 1738 1401 1789 prima

278 1787 326 1845 ἐπὶ
343 1789 432 1865 τούτῳ
452 1792 599 1865 πλέοντες,
620 1804 650 1849 ut
670 1798 822 1865 Schweigh.
874 1796 1068 1861 Aeginetarum
1089 1796 1142 1846 init
1165 1794 1314 1861 expeditio,
1336 1796 1401 1844 cuins

280 1870 307 1916 et
327 1866 465 1919 Gaisiord.
483 1867 678 1932 exhibuerunt,
702 1884 764 1920 oum
784 1885 825 1920 re·
875 1864 911 1916 ad
929 1880 979 1915 uos
997 1867 1124 1931 pervenit
1141 1868 1255 1930 notitia,
1274 1869 1401 1931 postquam

279 1941 364 1990 centt.
382 1936 443 1989 edd.
460 1939 589 1989 revocavi
607 1930 769 2003 ἐπὶτοῦτο,
787 1938 824 1990 ci.

279 2004 312 2069 V,
325 2007 374 2066 45;
392 2021 480 2072 neque
497 2023 562 2059 vero
575 1999 713 2066 κλύοντες
726 2009 826 2074 scripsi

279 2079 376 2126 contra
395 2077 514 2127 omnium
532 2078 661 2130 librorum
675 2080 824 2131 auctorita-

279 2149 344 2198 tem.
370 2144 435 2195 Mox
447 2146 612 2198 Bredorium
629 2154 740 2200 secutus
757 2163 823 2214 pag.

280 2212 340 2264 368.
360 2213 409 2264 391
432 2214 495 2264 dedi
519 2208 665 2277 ἰξελύντες
690 2234 738 2283 pro
766 2208 824 2279 ἒξε-

280 2278 407 2343 λούντες,
432 2288 463 2332 ut
480 2283 580 2335 dudum
596 2287 738 2350 placuerat
750 2287 827 2339 Pier-

280 2364 348 2400 scno
364 2349 497 2402 adlicer.
512 2368 538 2417 p.
554 2355 604 2406 lto
621 2361 649 2404 et
659 2355 824 2422 wesseling.

278 2419 309 2468 in
321 2425 387 2469 nota
401 2419 435 2469 ad
448 2419 475 2475 h.
493 2421 526 2484 1.,
544 2422 591 2472 ubi
604 2423 684 2473 affert
696 2425 748 2487 IV,
767 2425 824 2478 148.

279 2488 314 2548 V,
326 2486 370 2538 88.
388 2489 436 2551 1x,
450 2489 493 2541 89.
509 2517 542 2528 -
555 2491 597 2541 Ad
611 2493 695 2543 verba
706 2485 749 2542 ἐπ’
764 2488 825 2544 ἔτεα

280 2550 491 2610 πέντεο1.11ο11.
505 2560 541 2613 ad
556 2561 579 2621 1,
593 2560 651 2614 186.

319 2625 370 2692 τῆς
395 2620 536 2696 Δικτύνης
562 2622 643 2697 νηόν]
683 2623 825 2698 Δικτύνης

279 2713 372 2749 omnes
396 2700 547 2769 Herodotei
570 2700 648 2765 libri,
662 2718 732 2753 cnm
754 2701 825 2755 alias

278 2766 381 2833 duplici
391 2768 474 2821 litera
485 2771 504 2822 ἱ
521 2772 572 2821 hoc
583 2787 681 2823 nomen
691 2774 825 2837 scripturn

279 2838 444 2903 inveniatur,
459 2840 663 2892 undeDindort‘.
676 2842 765 2893 edidit
775 2845 825 2891 Δι-

278 2898 409 2973 κτύννης.
433 2911 503 2962 Nam
516 2911 685 2976 significatur
697 2913 750 2963 dea
761 2913 825 2963 Cre·

279 2980 397 3029 tensium
421 2979 539 3038 lunaris,
567 2981 731 3033 Britomartis
754 2997 825 3046 quae

278 3047 444 3109 vocabatur,
474 3054 557 3114 atque
580 3051 664 3100 etiam
688 3053 823 3116 Dictynna

278 3116 351 3179 qnod
367 3132 465 3167 nomen
480 3119 547 3169 deae
566 3119 683 3170 inditum
701 3136 718 3170 a
733 3125 825 3171 moute

277 3184 396 3249 urbeque
420 3189 592 3252 cognomine.
630 3190 702 3240 Nam
727 3190 756 3238 in
781 3190 825 3240 his

279 3253 378 3304 Cretae
390 3256 497 3307 insulae
508 3257 665 3322 regionibus
678 3259 730 3310 dea
742 3274 826 3310 vena-

278 3323 331 3372 trix
343 3327 504 3376 commorari
516 3326 675 3392 putabatur,
687 3330 765 3379 cuius
778 3345 824 3380 no-

278 3407 339 3443 men
360 3409 377 3443 a
389 3391 498 3458 δι’κτυς,
518 3396 589 3461 quod
604 3406 658 3448 rete
676 3396 823 3463 significat.

277 3463 378 3526 repetit
398 3463 616 3530 Mythographus
635 3467 677 3518 ed.
695 3469 772 3519 Bode
784 3469 822 3531 II,

277 3531 320 3582 ab.
340 3532 397 3593 111,
411 3534 436 3586 7.
457 3536 511 3597 §.4
530 3535 591 3587 init.
618 3538 660 3588 De
682 3553 736 3603 qua
760 3543 824 3602 post

277 3599 427 3664 Spanhem.
452 3604 486 3653 ad
509 3604 666 3657 Callimach.
690 3608 717 3657 in
739 3608 823 3660 Dian.

277 3669 329 3719 205
341 3670 516 3736 disputarunt
525 3675 651 3726 Creuzer.
663 3676 692 3726 in
701 3678 823 3742 Symbol.

275 3738 314 3789 11.
328 3754 356 3803 ρ.
374 3741 419 3792 151
434 3758 525 3809 seqq.,
546 3745 576 3796 C.
590 3746 623 3797 Ο.
637 3746 757 3797 Mueller.
771 3748 823 3798 Ae·

276 3809 374 3873 ginett.
388 3828 414 3875 p.
432 3813 490 3874 loc,
504 3815 608 3864 Hecck.
623 3815 706 3865 Creta
717 3817 741 3866 1.
755 3833 819 3883 pag.

276 3880 310 3927 21
327 3895 384 3944 seq.
422 3882 512 3933 Huius
535 3889 627 3935 antem
648 3886 716 3935 deae
741 3900 822 3937 sacra

276 3963 337 3996 cum
349 3964 366 3998 a
379 3950 479 4002 Samiis
495 3954 595 4003 Noster
607 3959 715 4019 repetat
729 3957 821 4017 (cuius

277 4015 329 4066 hac
350 4019 377 4067 in
396 4035 426 4070 re
445 4023 631 4073 testimonium
643 4039 753 4074 -nam
772 4028 822 4077 Sa·

265 4087 392 4137 -miorum
403 4105 447 4139 res
459 4098 589 4143 accurate
602 4098 729 4156 noverat3
747 4096 821 4146 coni.

276 4158 346 4205 nott.
356 4157 392 4206 ad
401 4158 531 4221 111,60-
543 4163 617 4212 omni
626 4163 678 4214 fide
687 4164 821 4231 dignum),

275 4222 343 4274 haec
355 4232 398 4276 est
408 4228 533 4282 Muelleri
545 4229 562 4281 l.
574 4231 590 4281 1.
605 4235 751 4295 sententia,
764 4236 822 4285 Bri-

262 4296 414 4357 tomartis,
429 4312 499 4362 qnae
517 4302 625 4366 proprie
642 4319 674 4353 ac
691 4304 819 4367 primitus

275 4362 445 4416 Cretensium
457 4369 539 4420 inerit
549 4370 609 4433 dea,
616 4376 644 4421 et
654 4374 817 4438 Dictynnae,

274 4448 342 4498 qnae
356 4434 449 4487 Samia
466 4437 518 4488 dea
529 4439 627 4505 suerit,
648 4459 726 4494 sacra
744 4451 818 4508 post-

875 1935 917 1985 ilii
934 1934 1075 1987 civitatem
1093 1936 1129 1986 ab
1146 1936 1349 2002 Epidauriorum
1364 1948 1402 1999 po

876 2010 977 2056 testate
998 2006 1115 2056 solutam
1136 2007 1342 2072 constituerant.
1369 2002 1402 2053 dc

875 2091 954 2125 nemo
984 2077 1088 2138 nescit,
1121 2082 1227 2141 quanta
1255 2076 1403 2126 incrementa

874 2143 1017 2209 postmodo
1039 2147 1144 2210 ceperit
1163 2146 1348 2212 Aeginetsrum
1367 2156 1402 2192 res

876 2214 983 2265 navalis
997 2231 1031 2265 ac
1049 2221 1217 2280 mercatura,
1230 2220 1260 2267 nt
1273 2231 1332 2267 mor
1344 2214 1402 2263 inter

877 2284 1010 2337 Graeciae
1027 2285 1143 2351 populos
1155 2279 1402 2350 θαλασσοκρατούν-

876 2368 926 2410 τας
940 2354 1102 2406 reierantnr.
1127 2355 1208 2406 conf.
1219 2355 1291 2406 inira
1301 2353 1349 2415 111,
1363 2350 1403 2402 teti

876 2423 938 2475 coll.
958 2424 995 2487 V,
1008 2424 1051 2476 83.
1063 2451 1099 2462 -
1119 2427 1201 2488 Quod
1221 2425 1256 2476 ad
1271 2425 1349 2478 rerba
1363 2435 1402 2470 κα·

876 2491 977 2557 πριόυς
991 2484 1127 2557 ἐχουσέων
1146 2497 1261 2559 attinet,
1280 2494 1355 2559 reigo
1367 2490 1403 2540 hie

876 2562 1033 2629 intelligunt
1043 2582 1137 2630 apres,
1152 2584 1291 2631 prorui-ara
1300 2565 1402 2630 imane,

876 2633 990 2698 quibus,
1005 2635 1230 2701 quemadmodum
1244 2636 1312 2687 cline
1322 2637 1403 2700 genitr

875 2702 1016 2768 arietibus,
1029 2704 1161 2769 leonibus,
1172 2708 1237 2757 aliis
1247 2700 1403 2756 instiusmodi

875 2770 969 2835 signis,
982 2774 1022 2824 ita
1034 2775 1120 2826 Samii
1131 2789 1217 2828 nares
1229 2791 1293 2828 suas
1305 2786 1402 2826 exorna

876 2856 905 2890 re
922 2840 998 2892 soliti
1015 2844 1126 2896 luerint.
1152 2846 1216 2896 Vid.
1229 2845 1363 2896 Ruhnken.
1380 2842 1402 2889 in

875 2910 950 2961 Dias.
961 2910 994 2962 de
1007 2927 1088 2966 narr.
1103 2930 1265 2980 parasemm.
1276 2916 1304 2964 in
1315 2914 1401 2978 Opusc

875 2980 972 3030 acadd.
990 2997 1055 3047 pag.
1073 2987 1125 3037 279
1145 2988 1182 3050 (ρ.
1201 2986 1260 3038 418.
1281 2986 1311 3035 Τ.
1328 2984 1350 3032 1.
1367 2979 1402 3031 ed.
1480 3028 1481 3051 ,

875 3050 1065 3115 Dammana),
1084 3059 1112 3105 et
1124 3056 1188 3105 add.
1205 3058 1237 3106 G.
1249 3052 1366 3105 Dindori.
1379 3050 1403 3097 in
1480 3058 1481 3097 1

876 3118 959 3170 Thes.
975 3120 1007 3172 L.
1028 3120 1124 3173 Graec.
1150 3126 1183 3177 Τ.
1206 3125 1252 3176 1v.
1274 3138 1334 3190 pag.
1351 3120 1401 3173 952.
1480 3126 1481 3145 ³

875 3189 933 3240 Nec
946 3189 1026 3241 aliter
1039 3191 1067 3240 in
1079 3193 1167 3256 Lycia
1177 3195 1251 3260 apud
1263 3190 1402 3244 Phaselitas

874 3261 984 3310 navium
1003 3275 1099 3325 proras
1114 3264 1188 3329 apris
1205 3265 1291 3315 luisse
1303 3259 1403 3325 insigni·

872 3333 917 3379 tas
927 3330 1003 3379 numi
1012 3336 1174 3397 monstrant,
1183 3336 1297 3385 docente
1303 3326 1403 3383 Ecthcl·

873 3398 954 3449 DN.
970 3400 992 3449 Ι.
1008 3401 1067 3451 Vol.
1079 3402 1132 3454 111.
1150 3406 1220 3467 ρ.6,
1237 3419 1314 3470 quem
1325 3401 1401 3452 locum

874 3467 1059 3533 adscripscrat
1073 3473 1119 3522 Cr.
1146 3478 1183 3523 at
1197 3473 1231 3524 de
1244 3467 1403 3523 instiusmodi

874 3541 1040 3589 ornamentis
1053 3543 1163 3593 navium
1174 3542 1220 3593 hic
1229 3541 1341 3608 cogitari
1350 3552 1403 3605 pos·

874 3622 903 3657 se
913 3614 999 3674 negat
1010 3610 1104 3661 Naelre
1118 3613 1153 3662 ad
1165 3611 1284 3664 Choerili
1293 3612 1402 3675 tragum.

872 3692 898 3741 ρ.
912 3679 968 3741 157,
978 3684 1035 3729 tum
1045 3681 1079 3731 ob
1087 3681 1206 3733 Choerili
1216 3696 1320 3734 versum
1330 3676 1402 3759 (apud

872 3748 991 3812 Hesych.
1021 3765 1044 3800 s.
1073 3766 1100 3802 v.
1129 3745 1275 3817 Σαμιακός
1300 3752 1402 3815 τουτου)

872 3816 1014 3884 ipsumque
1038 3820 1221 3884 Herodotum,
1249 3822 1295 3888 qui
1319 3831 1402 3885 proras

872 3888 982 3938 narium
997 3904 1064 3953 apro
1081 3895 1211 3956 tamqnam
1224 3891 1323 3956 insigni
1335 3901 1403 3938 erns-

872 3960 1062 4023 tasnnnquam
1070 3959 1210 4026 καπρίους
1219 3957 1403 4012 dicturusiuis·

872 4030 923 4085 set,
938 4031 995 4078 tum
1011 4029 1045 4079 ob
1056 4029 1119 4094 ipsa
1130 4031 1262 4095 Hesychii
1272 4029 1359 4090 verbe,
1373 4036 1400 4079 Β

873 4097 971 4160 quihus
985 4098 1077 4163 potius
1091 4116 1176 4151 nares
1192 4102 1247 4152 sint
1264 4097 1403 4161 intelligen-

871 4165 932 4229 dae,
945 4182 1016 4232 quae
1027 4184 1081 4219 non
1095 4171 1155 4235 apri
1166 4171 1273 4235 insigne
1284 4170 1311 4218 in
1320 4179 1401 4232 ptest,

871 4235 919 4285 sed
939 4236 1025 4300 ipsius
1041 4253 1138 4302 prorae
1156 4240 1348 4291 extremitatem
1362 4233 1401 4284 oh·

869 4308 959 4356 tusam
973 4306 1118 4359 habuerint
1129 4316 1158 4362 et
1169 4312 1307 4370 reflexam,
1322 4310 1351 4357 nt
1361 4319 1400 4354 er-

869 4373 988 4426 hibuerit
1000 4379 1056 4429 anis
1068 4384 1200 4443 rostrum3
1216 4380 1285 4431 unde
1297 4378 1399 4433 sanun,

868 4449 899 4494 ut
916 4446 976 4511 ipsa
993 4450 1071 4499 navis
1091 4451 1147 4502 suis
1166 4450 1300 4517 quandam
1317 4442 1401 4498 simili·
