3042 5125
268 377 329 441 610
705 373 974 440 HERODO'I'I

269 576 345 636 λασι
358 561 471 657 τρόπῳ
485 570 613 658 τοιῷδε.
648 559 666 633 ὁ
681 565 778 645 νότος
796 586 856 654 σφι
873 568 986 636 πνέων
1000 563 1122 655 ἄνεμος
1137 563 1178 635 τὰ
1197 573 1311 652 ἔλυτρα
1328 570 1382 634 τόν

269 666 405 739 ὑδάτων
420 668 575 757 ἐξαύηνε,
595 664 615 756 ἡ
630 669 666 737 δὲ
679 668 770 758 χώρη
784 690 845 758 σφι
859 674 949 739 τιᾶσα
965 667 1058 750 ἐντός
1073 672 1173 740 ἐοῦσα
1190 672 1247 756 τῆς
1259 667 1382 756 Σύρτιος

269 764 487 862 ἦνύινυδρος.
524 767 565 842 ολ
581 772 618 840 dt
642 772 905 862 βουλευσάμενοι
928 777 1032 864 κοινῷ
1059 773 1148 865 λόγῳ
1170 770 1382 860 ἐστρατεύοντο
1457 753 1458 786 l

271 877 325 944 ἐπὶ
344 873 403 945 τόν
416 874 516 944 νότον
531 878 632 963 (λέγω
647 874 684 944 dt
697 880 822 964 ταῦτα,
836 875 875 945 τὰ
890 880 1025 966 λέγουσι
1033 881 1189 965 Λίβυες)·
1216 876 1271 944 καὶ
1284 878 1384 944 ἐπείτε

270 982 421 1065 ἐγίνοντο
442 983 480 1048 ἐν
493 984 534 1069 τῇ
548 978 689 1071 ψάμμῳ,
714 978 861 1059 πνεύσας
875 975 892 1047 ὁ
906 977 1002 1058 νότος
1015 981 1184 1067 κατέχαιρέ
1194 998 1302 1066 σφεας.
1327 980 1383 1059 ἐξα-

205 1098 264 1158 174
274 1084 469 1172 κολομένων
483 1082 520 1152 di
540 1080 668 1151 τούτων
688 1089 800 1171 ἔχουσι
815 1079 876 1171 τὴν
888 1080 1001 1172 χιόρηυ
1016 1088 1052 1151 ol
1061 1084 1279 1171 Νασαμῶνες.
1318 1079 1384 1148 Τού·

164 1226 171 1239 ·
272 1213 340 1255 των
362 1187 398 1255 δὲ
412 1185 605 1272 κατύπερθε
621 1183 704 1273 πρὸς
717 1186 817 1256 νότον
831 1184 956 1275 ἄνεμον
969 1189 1007 1255 ἐν
1020 1190 1062 1274 τῇ
1078 1184 1247 1277 θηριώδει
1262 1185 1385 1252 οἰκέουσι

269 1386 342 1437 muli
365 1384 503 1452 significat
528 1385 650 1436 adiectu:
682 1378 749 1447 λέγω
779 1375 811 1432 dl
862 1384 1034 1450 obtegantur.
1065 1386 1107 1438 cf.
1126 1388 1250 1438 Heeren:
1273 1383 1385 1446 ldeenll,

269 1454 369 1520 ταῦτα,
385 1449 419 1504 τὰ
432 1450 539 1519 λέγουσι
553 1452 670 1521 Λίβυες,
685 1453 811 1521 qualibus
863 1453 888 1503 1.
900 1469 928 1519 p.
936 1453 997 1505 223.
1008 1455 1052 1518 52,
1065 1457 1172 1508 Ritter:
1183 1455 1268 1507 Erdk.
1280 1456 1301 1506 Ι.
1309 1453 1385 1519 peis,

268 1527 354 1578 utitur
369 1526 397 1575 in
415 1524 547 1577 fabulosis
568 1529 618 1575 ant
642 1529 715 1575 certe
731 1523 812 1574 rebus
863 1523 988 1588 quibene
1001 1529 1103 1588 monet,
1115 1527 1299 1577 Herodoteem
1311 1537 1385 1573 nerra

270 1595 368 1646 dubiae
378 1595 441 1646 fidei
450 1593 536 1660 [coni.
545 1611 605 1659 cap.
615 1593 673 1645 179.
684 1595 743 1645 187.
753 1591 811 1644 191.
864 1593 967 1643 tionem
979 1594 1029 1645 sub
1043 1594 1156 1646 fabulae
1169 1593 1313 1646 involucris
1324 1607 1386 1642 sccu-

272 1663 343 1730 195J.
365 1665 419 1727 Qui
432 1665 520 1715 lenem
529 1679 583 1714 non
593 1664 715 1715 sentiunt
726 1663 813 1712 histo·
863 1665 952 1712 ratam
966 1665 1081 1728 prodere
1100 1670 1218 1716 naturae
1234 1662 1334 1714 illorum
1345 1666 1387 1711 tre

269 1735 318 1785 rici
334 1735 422 1785 nostri
441 1735 622 1794 suavitatem,
643 1732 813 1783 Herodotum
862 1736 956 1782 ctuum
967 1734 1162 1799 cognitionem.
1190 1733 1244 1800 (eid
1255 1729 1387 1782 huiusmodi

185 1803 190 1811 ‘
270 1804 381 1855 oblata
401 1803 483 1867 talia,
497 1804 532 1853 εἰ
552 1802 642 1866 lubet,
670 1803 813 1866 exagitent
863 1807 956 1853 antem
980 1818 1024 1854 res
1043 1809 1172 1869 spectare
1192 1803 1310 1863 credam,
1333 1814 1388 1866 quse

268 1873 349 1924 buius
359 1873 444 1924 seculi
453 1872 546 1937 sophi!
560 1872 636 1934 Ques
647 1872 814 1922 ιἰυιιαιιενούί-
863 1872 1001 1922 Diodorus
1011 1874 1135 1938 scripsit:
1149 1871 1294 1923 καὶταῦτα
1303 1865 1386 1932 παρεξ-

268 1948 306 1994 Ιεε
318 1959 378 1995 esse
396 1943 493 1994 scribit
511 1940 585 2007 apud
596 1943 753 1993 Herodotum
773 1940 815 1990 iu·
865 1934 967 2005 ἔβημεν
987 1934 1039 2006 oriz
1056 1931 1145 2000 οὕτως
1156 1934 1307 2008 Ἡροδότου
1321 1954 1386 2000 κατη-

269 2012 347 2064 bnlas
357 2014 409 2074 (De
419 2013 503 2078 Legg.
515 2012 537 2072 1,
553 2013 588 2074 1),
602 2025 636 2060 ne
647 2009 743 2062 Cicero
756 2010 816 2075 qui-
865 2007 985 2074 κυρῆσαι
999 2006 1190 2078 βουληθέντες
1202 2004 1240 2069 ὡς
1252 2003 1387 2068 duodelini,

269 2081 330 2134 dem
343 2081 413 2133 vitio
431 2084 516 2133 vertit
529 2080 661 2131 historiae
678 2079 752 2144 patri
769 2094 815 2130 ne·
866 2070 913 2128 dre
933 2077 987 2128 τῶν
1007 2074 1097 2145 λόγων
1122 2074 1153 2129 oi
1172 2071 1322 2162 θαυμάσιοι
1339 2070 1389 2130 solt

269 2166 322 2216 que
334 2151 524 2203 severissimus
546 2150 631 2215 ipsius
644 2147 815 2213 Thucydidis
865 2142 985 2212 ἀληθεῖς
1003 2143 1167 2214 κατισχύειν
1189 2146 1333 2208 aloinum,
1346 2144 1387 2195 rid.

268 2236 302 2271 ac
319 2220 445 2271 Platonis
469 2235 566 2271 censor
588 2219 815 2270 Halicarnassen·
863 2214 1388 2286 ling.Mai:Vett.Scriptt.Nov.Gcllest

269 2291 308 2340 sis
320 2291 484 2354 Dionysius,
502 2290 590 2354 quiet
612 2288 815 2353 antiquioribus
863 2287 902 2337 11.
920 2303 946 2352 p.
958 2287 991 2338 37
1008 2305 1031 2341 s.
1046 2289 1161 2340 Diodor.
1176 2291 1219 2352 X,
1238 2287 1300 2351 bb).
1321 2282 1388 2335 Valde

270 2363 298 2409 et
319 2358 458 2410 Herodoto
481 2373 594 2410 necesse
613 2358 699 2407 luisse
723 2358 812 2420 docet,
863 2356 935 2406 enim
944 2357 1074 2410 credibile
1082 2359 1293 2425 est,Psyllorum
1301 2358 1388 2421 genten

270 2443 339 2494 quus
356 2444 373 2478 a
392 2427 508 2493 singulis
529 2427 583 2478 sibi
608 2426 736 2491 gentibus
758 2432 815 2476 tra-
863 2441 996 2490 aquarum
1021 2429 1114 2494 inopia
1130 2428 1167 2478 ad
1189 2435 1308 2479 extrema
1327 2424 1387 2474 reds-

269 2496 342 2548 ditas
366 2498 539 2564 accepissent
568 2495 708 2547 fabulosas
732 2496 815 2547 etiam
864 2500 937 2546 ctam
952 2495 1078 2564 aliasque
1095 2498 1176 2550 sedes
1191 2497 1285 2548 utsibi
1299 2506 1388 2560 quaerc-

268 2568 442 2620 narrationes
461 2568 570 2618 tradere
588 2568 747 2628 memoriae,
771 2572 814 2617 st·
864 2571 907 2616 ret
931 2570 1099 2633 compulsam
1118 2570 1146 2617 in
1171 2569 1226 2620 hac
1243 2569 1301 2633 ipsa
1319 2561 1390 2630 prole·

289 2654 322 2690 ue
342 2638 383 2688 ita
401 2636 555 2687 ποικίλλειν
573 2639 633 2693 τοῖς
649 2629 815 2700 μυθώδεσιν
865 2636 958 2687 ctione
978 2638 1013 2688 ad
1031 2637 1093 2689 loca
1109 2638 1221 2689 Africae
1240 2635 1389 2687 interiores

269 2653 441 2765 lnescods‘osc
453 2699 504 2764 τὰς
514 2698 633 2762 τοπικὰς
644 2696 815 2769 ἀναγραφεὶς
866 2704 976 2770 quidem
988 2706 1168 2772 probabiliter
1180 2708 1217 2757 sd
1230 2721 1288 2757 eam
1301 2710 1389 2760 terram,

269 2779 303 2829 T.
325 2778 361 2828 11.
386 2793 413 2841 p.
434 2776 500 2840 aad,
518 2776 551 2827 32
576 2775 620 2841 [Τ.
642 2775 689 2826 VI.
709 2790 737 2839 p.
761 2774 815 2826 823
864 2789 936 2839 qnae
954 2791 1026 2827 nnnc
1044 2782 1160 2828 vocatur
1179 2778 1301 2837 Persen,
1320 2777 1388 2823 tctsn

269 2844 406 2911 Reisk.].“
430 2847 470 2897 Ac
480 2861 546 2897 sane
556 2845 601 2895 hic
613 2844 689 2895 locus
700 2844 814 2908 insignis
863 2844 1002 2898 interiissc
1013 2847 1099 2897 areni
1114 2850 1208 2899 ventis
1225 2844 1338 2897 adducti
1352 2840 1388 2889 ob·

270 2921 312 2968 est
329 2916 511 2978 documento,
530 2914 706 2980 quantumin
723 2914 815 2978 singu·
865 2918 977 2966 tectam.

269 2985 305 3037 lis
324 2986 404 3037 rebus
429 2983 590 3037 enarrandis
610 2984 695 3034 crisin
713 2984 815 3033 Noster
900 2976 934 3031 τὰ
947 2978 1056 3049 ἔλυτρα]
1071 2984 1151 3036 Coni.
1168 2989 1243 3036 nott.
1260 2983 1293 3034 sd
1305 2977 1388 3057 hibi.

269 3054 441 3117 adhibuerit,
455 3070 503 3117 ea,
516 3068 584 3119 quae
597 3068 662 3104 vera
673 3053 727 3104 eibi
740 3052 816 3103 vide·
866 3054 943 3115 Quae
954 3058 1105 3119 sequuntur
1113 3070 1211 3105 voces:
1223 3051 1278 3103 τῶν
1289 3044 1388 3105 tamor,

269 3127 364 3175 rentur
381 3128 430 3173 ant
447 3138 520 3188 quae
536 3137 603 3173 vera
620 3138 680 3173 esse
696 3122 755 3185 ipse
768 3137 816 3172 ex·
865 3138 913 3173 eas
933 3138 1045 3188 prorsus
1065 3124 1127 3174 eiici
1145 3123 1206 3174 vult
1227 3114 1317 3173 Cobet
1345 3118 1387 3168 Pro

270 3197 364 3257 pertus
384 3197 471 3253 esset,
494 3191 577 3256 probe
602 3192 759 3242 discernens
778 3191 815 3241 ab
864 3191 938 3257 vulg.
950 3183 1071 3258 ἐξηύηνε
1082 3194 1180 3258 scripsi
1192 3183 1387 3255 ἔξαύητεςιὶό

270 3263 320 3324 iis,
348 3276 417 3326 quae
437 3260 520 3326 vulgo
544 3261 597 3311 etei
613 3259 769 3310 dicerentur
787 3264 816 3310 et
865 3266 936 3312 nott.
949 3263 984 3312 ad
996 3278 1058 3328 cap.
1076 3263 1133 3313 151.
1161 3264 1195 3313 In
1205 3260 1314 3311 Homeri
1323 3252 1388 3306 Iliad.

270 3331 458 3393 crederentur,
478 3346 495 3380 a
508 3345 596 3380 rerum
607 3333 707 3380 natura
719 3328 816 3379 abbor·
866 3332 947 3394 XXI,
964 3330 1015 3382 347
1022 3369 1029 3395 ,
1049 3332 1095 3383 ubi
1108 3331 1283 3383 Aristarchus
1298 3322 1389 3390 scripsit

270 3416 329 3452 rere
349 3400 516 3451 viderentur.
550 3400 582 3449 ln
603 3414 655 3465 quo
673 3399 816 3463 scriptoris
867 3390 928 3461 αἶψ’
942 3391 1389 3467 ύνξηρύνῃείτε,αιῦἰυι1οι1.ει-
1457 3424 1458 3429 =

271 3469 362 3522 studio
386 3485 452 3522 vera
478 3486 495 3519 a
515 3468 621 3520 fictitiis
646 3467 814 3531 secernendi,
865 3470 963 3532 hibuit,
974 3462 1039 3527 αἶψ’
1051 3462 1387 3535 ἄρξηροὶνη,Δτίι1ορΙιιυεε

271 3556 323 3606 quo
339 3540 400 3605 ipso
415 3540 532 3590 maxime
549 3537 596 3590 ille
608 3553 626 3588 a
640 3536 816 3602 logogrsphis
866 3540 950 3591 scribi
974 3539 1062 3591 voluit
1083 3530 1151 3604 αἶρ’
1172 3521 1313 3602 liubulam.
1339 3530 1387 3582 i'id.

270 3609 406 3676 prioribus
422 3609 530 3671 differt,
548 3607 637 3660 latent
655 3610 724 3658 artis
739 3607 815 3657 criti·
865 3610 961 3673 Heyne
980 3610 1016 3659 ad
1035 3608 1117 3661 Iliad.
1135 3608 1154 3659 1.
1176 3608 1269 3659 lvci.
1287 3604 1388 3676 l⁷l¹l·‚l²'

271 3695 321 3730 cae
341 3679 435 3741 initia,
464 3694 545 3744 quam
567 3678 654 3742 magis
678 3676 814 3728 excultam
866 3679 925 3730 181.
949 3679 982 3729 In
995 3694 1070 3744 seqq.
1083 3680 1168 3731 verba
1180 3670 1259 3734 ἐντὸς
1273 3673 1318 3740 τῆς
1328 3671 1385 3731 lvi

270 3750 474 3813 perfectamque
489 3749 575 3799 serior
589 3752 667 3797 aetas
680 3745 812 3797 exhibuit.
864 3762 922 3805 τιος
943 3748 976 3798 de
990 3749 1065 3812 Syrti
1088 3752 1184 3800 saniore
1205 3749 1263 3797 sive
1285 3746 1316 3794 dc
1330 3742 1387 3799 sinu,

270 3818 348 3869 Ocni.
360 3818 486 3870 Creuuer.
499 3818 574 3868 Hist.
586 3818 675 3867 Kunst
685 3815 712 3869 d.
724 3816 770 3865 Gr.
787 3832 814 3880 p.
865 3820 912 3881 qui
923 3833 997 3868 nunc
1006 3822 1121 3869 vocatur
1131 3819 1211 3869 Sidi-o
1223 3834 1244 3867 s.
1255 3815 1341 3879 Sydroi
1353 3823 1388 3857 *θ’

272 3886 321 3938 102
331 3904 407 3954 seqq.
427 3887 465 3952 (p.
479 3886 514 3939 80
532 3902 610 3952 seqq.
628 3887 670 3936 ed.
689 3884 813 3949 secund.)
863 3886 992 3952 cipieuda
1014 3892 1087 3938 suut.
1116 3888 1178 3938 Vid.
1203 3889 1271 3936 nott.
1290 3882 1321 3932 sd
1338 3892 1386 3954 cap:

271 3964 298 4006 et
317 3957 372 4007 vid.
395 3962 466 4008 nott.
491 3957 528 4007 sd
548 3957 605 4018 111,
629 3956 688 4006 122.
720 3955 757 4005 Ut
778 3955 812 4005 ad
866 3950 1387 4022 169.Indeinteuigunturserrreesyrt

269 4025 356 4090 ipsam
368 4026 504 4076 Herodoti
514 4026 547 4075 de
559 4024 659 4090 Psyllis
673 4025 812 4074 narratio·
864 4026 966 4077 maiore
974 4026 1122 4077 introrsum
1135 4042 1156 4077 s.
1164 4025 1297 4077 meridiem
1308 4028 1386 4071 versut

270 4111 331 4145 uem
344 4095 466 4155 redeam,
486 4095 596 4145 minime
613 4110 673 4145 earn
684 4094 720 4145 ab
734 4109 767 4144 ea
782 4092 812 4142 il·
864 4100 1007 4159 porrectae
1020 4100 1133 4149 tractus.

270 4163 322 4213 lius
342 4164 461 4227 regionis
477 4161 570 4213 indole
588 4163 735 4215 abliorrere
755 4180 814 4215 cre-

270 4232 347 4293 dam,
375 4232 422 4281 ubi
448 4231 582 4296 hodieque
599 4237 694 4282 tantas
712 4248 812 4285 arenae
1021 4268 1043 4320 Ο
1104 4266 1239 4318 CLXXIV

268 4300 391 4352 turbines
402 4305 486 4351 vento
498 4301 612 4352 excitari
627 4300 766 4362 scribunt,
781 4308 813 4353 ut
1043 4284 1086 4320 ff·
1179 4322 1183 4326 ·
1241 4305 1247 4316 '

268 4372 312 4422 vel
324 4370 376 4435 ipsi
386 4370 507 4420 homines
519 4371 683 4421 coniunctim
694 4369 813 4435 plerum·
902 4361 1018 4421 Τούτων
1031 4365 1061 4421 δὲ
1074 4362 1235 4436 κατύπερθε
1243 4397 1270 4407 -
1281 4356 1383 4416 οἰκέοισι

268 4456 321 4506 que
336 4440 405 4493 haec
419 4440 529 4492 decute
540 4444 710 4506 permeantes
728 4444 812 4492 arent
865 4432 1057 4508 Γαράμαντες]
1077 4432 1184 4491 τούτων
1201 4454 1260 4490 cnm
1271 4432 1347 4490 Gaias.
1363 4431 1384 4478 οἳ
