3042 5125
278 354 1135 476 nxmmmmnnxnmnmmnrum
1211 401 1272 461 rm

497 803 826 881 EXOURSUS
851 807 910 881 XI

416 987 986 1086 nunnnononruaa

652 1165 757 1172 *-

178 1280 252 1336 Num
269 1280 421 1338 Phoenices
441 1284 519 1337 iussu
535 1282 667 1351 liaconis,
689 1285 816 1357 Aepyptii
828 1286 917 1358 repis,
940 1283 1069 1359 Africam
1090 1288 1271 1342 dammnati-

261 1368 377 1439 yorint?
396 1367 441 1422 Ad
461 1367 544 1422 corbo
559 1369 694 1425 Herodoti
706 1371 724 1425 1.
738 1371 775 1426 l.:
797 1358 829 1438 ὃς
847 1356 952 1447 (Nesoi
970 1367 1044 1446 scil.)
1063 1403 1097 1412 —
1113 1358 1271 1446 ἀπέπεμψε

263 1446 409 1518 Φοίνικας
426 1438 539 1525 ἄνδρας
552 1470 580 1508 κ.
600 1470 624 1508 r.
643 1452 668 1508 l.

220 1585 288 1639 Cum
307 1586 377 1640 satis
401 1595 524 1655 constet,
545 1588 697 1642 Phoenices
720 1596 826 1642 mature
843 1606 934 1643 rerum
952 1589 1089 1643 navalium
1110 1608 1177 1659 prae
1196 1598 1269 1644 cete·

133 1671 173 1723 ris
186 1671 359 1741 antiquitatis
374 1672 505 1740 pentibus
516 1674 621 1743 peritos
634 1674 770 1743 uniceque
781 1675 841 1727 fere
852 1692 902 1743 per
912 1674 996 1728 maria
1007 1674 1160 1727 dominatos
1171 1676 1269 1741 luisse,

132 1756 242 1808 minime
263 1773 331 1808 sane
346 1756 519 1825 mirabimur,
543 1758 697 1825 Neconem,
722 1758 922 1828 Aegyptiorum
945 1776 1035 1826 regem
1057 1763 1172 1829 (quosa
1191 1778 1270 1828 pere·

132 1840 356 1909 grinationibas,
372 1841 532 1912 longinquis
544 1842 715 1911 praesertim,
732 1842 837 1895 alienos
852 1842 942 1896 fuisse
958 1860 1034 1895 nemo
1053 1842 1165 1909 nescit),
1180 1843 1268 1895 lee-

134 1924 210 1976 nices
225 1924 393 1993 potissimum
408 1925 542 1994 elegisse,
558 1927 607 1997 qui
622 1925 740 1980 Africam
755 1927 1023 1996 circumnavigarent
1035 1934 1085 1980 ant
1098 1932 1172 1979 certe
1187 1927 1269 1980 buius

132 2010 173 2061 rei
200 2010 324 2062 lacerent
351 2010 512 2079 periculum.
547 2012 603 2074 Qui
631 2028 690 2063 cum
711 2013 738 2064 id
768 2012 921 2082 perfecisse
945 2010 1131 2078 narrentur*)
1157 2012 1268 2065 saeculo

132 2098 199 2145 ante
214 2092 280 2149 Chr.
296 2111 324 2146 n.
337 2102 416 2147 sexto
434 2095 476 2148 vel
490 2095 614 2165 septimo,
631 2096 704 2164 quod
721 2096 831 2149 saeculo
847 2104 911 2167 post
922 2096 988 2148 cnr.
1005 2114 1033 2148 n.
1050 2095 1153 2148 decimo
1170 2097 1268 2165 quinto

132 2177 239 2231 demum
259 2178 395 2232 successit
411 2179 573 2248 Lusitanis,
599 2197 653 2232 non
675 2179 826 2233 defuerunt
848 2180 900 2233 viri
926 2176 1071 2247 docti**),
1095 2180 1143 2250 qui
1165 2197 1268 2233 omnem

133 2262 204 2315 hanc
226 2264 409 2315 narrationem
427 2262 462 2315 de
476 2263 676 2331 Phoenicibus,
700 2264 823 2317 Neconis
846 2265 925 2317 iussu
947 2264 1066 2318 Africam
1087 2265 1268 2317 circumnavi-

132 2347 282 2415 gsntibus,
301 2347 329 2399 in
344 2348 455 2400 dubiam
473 2354 620 2415 vocarent,
636 2366 688 2401 nec
705 2350 764 2401 veri
781 2350 848 2419 qnid
865 2350 900 2401 iia
918 2349 1070 2416 contineri,
1092 2366 1164 2420 quae
1178 2350 1268 2403 Hero-

132 2432 217 2484 dotus
241 2438 269 2483 et
283 2431 331 2501 qui
347 2448 407 2484 enm
420 2440 587 2503 sequantur,
612 2433 646 2485 de
662 2433 711 2485 hac
727 2434 903 2501 navigatione
920 2433 1062 2487 memoriae
1084 2434 1267 2504 prodiderint,

131 2516 348 2585 contenderent,
365 2517 526 2588 praesertim
545 2533 605 2570 cum
621 2517 713 2570 nullus
727 2517 799 2571 alins
819 2519 939 2589 scriptor
957 2525 1101 2588 vetustus,
1123 2519 1149 2572 si
1163 2520 1197 2572 ab
1212 2520 1268 2573 He·

132 2588 367 2673 rodoto'eumque
390 2604 573 2673 sequentibus
593 2602 774 2670 discesseris,
797 2603 878 2657 huius
901 2604 939 2657 rei
961 2604 1128 2672 meminerit,
1156 2605 1268 2657 maxime

131 2687 258 2757 quamvis
273 2688 472 2754 memorabilia,
494 2706 545 2741 nec
560 2687 670 2741 omniuo
685 2687 834 2740 Ptolemaei
848 2688 966 2741 Pliniive
983 2694 1074 2740 aetate
1089 2687 1169 2740 ullam
1185 2689 1267 2742 buius

131 2771 316 2840 expeditionis
343 2772 466 2825 notitiam
492 2772 552 2825 sive
579 2772 731 2825 memoriam
751 2772 894 2826 exstitisse
915 2771 1046 2826 credibile
1070 2772 1122 2837 sit,
1151 2774 1268 2844 ipseque

132 2856 233 2909 Strabo
249 2856 287 2925 (l.
304 2874 367 2926 pag.
383 2861 417 2912 32
433 2875 456 2908 s.
469 2861 501 2910 57
515 2856 564 2923 l.)
585 2858 704 2910 Alrioam
722 2858 811 2910 adhuc
830 2856 1088 2925 circumnavigatam
1112 2856 1201 2910 fuisse
1220 2876 1267 2910 ne·

132 2947 195 3008 get,
217 2956 277 2993 cnm
296 2958 389 2994 omnes
409 2941 609 3010 impedimentis
631 2941 747 2994 obiectis
766 2941 859 2994 redire
881 2941 986 2995 inerint
1002 2941 1100 2995 coacti.
1129 2941 1210 3004 Quae
1226 2947 1268 2999 ta-

130 3041 191 3078 men
215 3024 276 3094 ipsa
299 3043 353 3077 non
380 3027 511 3079 sulficere
534 3026 568 3078 ad
588 3043 691 3079 omnem
704 3026 840 3079 Herodoti
855 3026 1038 3080 narrationem
1054 3026 1267 3088 convellendam,

202 3220 229 3287 ¹⁸¹)
249 3224 378 3273 Veterum
390 3222 465 3275 locos
479 3238 512 3275 ac
529 3222 632 3275 iudicia
646 3222 681 3274 de
695 3223 808 3287 Africa,
821 3239 884 3275 num
896 3239 1014 3290 unquam
1030 3224 1267 3291 circumnavigata

131 3291 216 3342 luerit
226 3296 276 3343 aut
288 3293 398 3345 omnino
414 3293 650 3359 circumnavigari
662 3298 759 3358 queat,
774 3294 898 3346 exhibuit
909 3297 993 3361 atque
1004 3295 1142 3346 recensuit
1154 3294 1268 3347 Rennel.

131 3362 231 3426 Geogr.
249 3363 351 3414 Herod.
370 3378 436 3428 pag.
456 3363 508 3415 685
523 3378 599 3430 seqq.
626 3362 702 3414 Idem
721 3362 789 3414 fecit
806 3363 942 3416 Gosselin.
958 3363 1037 3428 (ibid.
1055 3378 1120 3430 pag.
1139 3363 1190 3416 337
1205 3380 1265 3430 sqq.

130 3429 183 3482 376
199 3432 286 3498 seqq.)
298 3433 326 3484 in
341 3447 455 3484 examen
467 3448 572 3485 vocans
585 3436 613 3484 et
623 3431 758 3483 Herodoti
773 3439 800 3483 et
813 3433 928 3483 aliorum
943 3433 1107 3498 scriptorum
1122 3433 1155 3484 de
1173 3432 1226 3485 huc
1238 3449 1267 3484 re

130 3502 298 3565 testimonia,
312 3517 365 3568 quo
375 3502 501 3552 nimirum
516 3502 653 3570 probaret,
664 3517 714 3553 nec
725 3500 886 3565 Phoenices,
898 3517 948 3552 nec
959 3501 1078 3553 Graecos
1089 3503 1149 3567 (qui
1158 3502 1268 3553 omnino

131 3569 216 3620 aliam
228 3586 246 3621 s
257 3586 322 3624 vero
335 3572 452 3622 maxime
464 3569 585 3624 alienam
601 3570 755 3637 opinionem
769 3570 803 3622 de
815 3570 903 3622 forma
917 3570 1030 3621 Africae
1041 3568 1200 3634 habuerint)
1217 3587 1268 3621 nn-

130 3655 212 3706 quam
227 3640 477 3706 circnmnavigasse
492 3642 628 3705 Africam,
642 3655 694 3692 nec
704 3641 813 3691 omnino
828 3640 911 3691 ullam
924 3642 984 3691 veri
996 3639 1115 3706 speciem
1126 3640 1267 3706 praebere,

130 3709 248 3843 use
258 3708 921 3834 tltehen*atteiensem&

131 3847 198 3900 ibid.
211 3863 272 3915 pag.
287 3849 338 3901 769
351 3795 436 3915 seim,
453 3796 571 3904 Bienor.
586 3852 684 3917 Geogr.
699 3854 727 3902 et
738 3794 1004 3916 Urmoloii’fl‘eroa.
1022 3794 1138 3914 specii.
1151 3848 1268 3901 XXXIV
1321 3821 1331 3840 ⁹

131 3933 221 3984 seqq,
237 3919 521 3986 nannetensem.
534 3921 581 3973 Gr.
598 3935 626 3973 u.
638 3921 733 3972 Roem.
746 3921 770 3971 1.
787 3936 851 3988 pag.
869 3918 901 3970 19
914 3933 988 3984 seqq.
1011 3919 1136 3969 Accessit
1146 3917 1188 3968 his
1202 3932 1269 3984 quo·

131 3985 274 4039 dammodo
285 3987 405 4038 Bohlen:
424 3990 482 4039 Das
500 3990 555 4041 alte
567 3989 663 4042 Iadien
677 3990 714 4041 Π.
735 4005 763 4054 p.
782 3989 842 4042 128.
862 3988 1029 4040 Dubitanter
1047 3987 1268 4052 pronuntistLe·

131 4062 228 4107 tronne
242 4054 334 4120 (Mina.
348 4057 381 4108 de
394 4057 543 4109 l’Academ.
555 4058 602 4109 des
614 4059 756 4124 Inscripti.
770 4059 859 4109 xvn.
873 4073 936 4123 pag.
953 4057 1016 4123 20)=
1031 4058 1077 4123 qni
1096 4073 1157 4110 cum
1175 4058 1269 4110 decer-

131 4141 197 4178 nere
208 4125 292 4188 nolit,
307 4130 397 4177 utrum
410 4126 561 4180 Phoenices
577 4142 674 4179 revers
687 4128 895 4194 navigationem
909 4126 979 4179 hanc
991 4128 1067 4179 eires
1077 4127 1194 4195 Libyam
1207 4144 1267 4196 per·

131 4195 261 4256 fecerint,
279 4195 307 4246 id
319 4199 411 4246 umen
421 4201 496 4248 certo
509 4196 643 4248 affirmari
659 4212 739 4264 posse
755 4196 873 4259 iudicat,
894 4197 1095 4261 expeditionem
1111 4214 1178 4250 sane
1189 4199 1269 4250 insti·

130 4269 219 4316 tutam
231 4280 264 4315 ae
279 4269 437 4331 susceptam
456 4281 516 4318 esse
529 4267 640 4319 Necone
655 4271 780 4329 auctore,
798 4266 878 4317 cuius
894 4266 1062 4331 amplissima
1073 4267 1137 4319 inde
1150 4272 1266 4335 pateant

130 4334 257 4387 conside.
280 4333 416 4386 Dubitare
429 4350 535 4403 quoque
551 4334 659 4387 videtur
674 4334 807 4401 Forbiger
822 4332 944 4398 (Handb.
962 4334 989 4387 d.
1007 4335 1055 4386 alt.
1070 4336 1222 4403 Geograph.
1239 4337 1263 4388 1.

130 4419 193 4470 pag.
205 4404 249 4456 64.
260 4407 320 4456 not.
333 4402 394 4470 97),
411 4420 475 4456 num
486 4405 555 4457 haec
565 4404 716 4471 expeditio,
734 4404 779 4455 vel
793 4404 818 4456 si
832 4403 961 4455 instituta
972 4403 1072 4470 luerit,
1085 4406 1120 4457 ad
1133 4404 1213 4456 linem
1227 4406 1266 4457 sit

129 4473 270 4539 perducta.
596 4507 600 4516 ·
