3042 5125
241 321 303 384 674
657 324 961 389 EXOURSUSI

241 511 321 566 bulae
341 510 540 583 Aegyptiorum
566 512 671 584 pictae,
701 514 856 586 anaglypha
876 514 984 585 aliaque
1004 515 1072 571 artis
1094 522 1282 583 monumenta,
1317 533 1380 583 eae,

239 607 348 671 praeter
361 608 447 653 eertm
461 598 515 652 eius
529 600 600 659 tocie
618 609 713 667 notus,
738 616 808 670 quas
829 600 918 653 adhuc
935 600 1092 669 attigimus,
1115 601 1231 671 insuper
1245 604 1311 655 sotis
1327 604 1382 654 dis-

240 702 300 738 cum
320 684 390 737 inter
413 701 516 737 cornua
540 687 669 751 locutum,
698 691 729 736 ut
752 682 896 754 plurimum
919 686 1097 754 spectandum
1116 680 1301 770 praebent*).
1338 684 1382 736 Ac

242 784 319 820 nemo
335 767 432 834 nescit,
448 768 500 820 iam
514 774 624 821 veteres
639 774 806 838 conquestos
821 787 893 837 esse,
908 768 1127 823 Herodoteorum
1139 770 1270 823 librorum
1285 786 1378 822 exem·

242 852 329 921 pluria
343 852 466 905 mutilata
481 858 665 923 corruptaque
684 853 768 921 vulgo
784 854 860 907 ferri.
889 854 950 906 Nec
974 853 1038 907 alibi
1052 854 1165 923 ignotus
1180 855 1287 906 Nostro
1303 854 1381 906 inter

240 936 357 990 buculae
370 954 475 990 cornua
488 931 503 992 ὁ
517 939 567 991 τοῦ
584 932 664 1006 ἡλίου
680 933 781 999 κύκλος
800 934 983 1008 μεμιμημένος
1001 933 1131 1010 χρύσεος,
1151 956 1224 1009 quae
1239 939 1327 992 verba
1337 937 1380 991 le-

241 1027 346 1089 guntur
358 1021 386 1073 in
402 1020 462 1074 loco
479 1021 513 1075 de
527 1039 611 1075 vacca
626 1021 763 1091 Mycerini
778 1021 821 1091 u,
839 1026 898 1078 132.

326 1124 363 1175 At
385 1140 450 1176 vero
464 1121 509 1175 hic
525 1122 586 1193 ipse
601 1123 678 1176 locus
699 1140 758 1176 cum
774 1130 870 1177 nostro
892 1122 1059 1193 compositus
1077 1140 1118 1176 me
1140 1124 1168 1176 in
1187 1141 1246 1176 eam
1262 1128 1378 1177 senteu-

241 1207 305 1261 tiam
320 1207 447 1273 deducit,
464 1214 496 1259 ut
512 1215 632 1260 nontam
648 1226 665 1261 a
679 1207 800 1261 librariis
813 1214 946 1261 curtatum
956 1209 1025 1259 hanc
1036 1207 1070 1260 de
1085 1207 1172 1277 Apide
1190 1209 1379 1261 narrationem

241 1291 375 1361 arbitrer,
387 1308 467 1361 quam
486 1292 519 1344 ab
534 1291 596 1362 ipso
611 1292 746 1361 scriptore
762 1293 889 1346 consulto
905 1299 1085 1360 contractam,
1102 1310 1135 1345 ne
1151 1292 1268 1346 liberius
1284 1291 1380 1362 eloqui

242 1375 397 1443 videretur,
410 1392 481 1446 quae
495 1393 547 1429 suo
559 1396 593 1430 ex
608 1376 710 1429 iudicio
721 1376 755 1428 ad
770 1376 919 1431 interiores
931 1377 1080 1445 religiones
1091 1378 1274 1446 pertinerent.
1306 1378 1379 1429 Nam

241 1459 267 1513 si
282 1459 406 1512 hocloco
422 1460 576 1514 addidisset
587 1461 691 1513 discum
707 1460 824 1514 solarem
841 1462 914 1515 notis
935 1462 978 1514 dei
997 1461 1110 1532 Apidis,
1132 1480 1250 1533 pronum
1268 1469 1330 1515 erat
1342 1461 1378 1513 ad

241 1543 463 1613 intelligendum,
487 1545 624 1613 Mycerini
652 1545 732 1598 filiam
754 1546 875 1599 Osiridis
899 1546 927 1599 in
952 1546 1058 1599 modum
1082 1546 1110 1597 in
1131 1547 1218 1616 Apide
1241 1545 1379 1617 sepultam

241 1628 365 1699 adeoque
385 1638 518 1684 sacratam
538 1648 609 1683 esse.
641 1630 731 1693 Quam
751 1631 965 1684 taciturnitatem
986 1612 1120 1701 quomodo
1141 1632 1313 1701 postmodum
1336 1631 1379 1683 hi·

242 1715 343 1768 storiae
364 1715 437 1784 patri
457 1715 524 1767 vitio
545 1715 680 1767 verterint
695 1715 840 1785 Aegyptii,
861 1715 956 1767 docuit
979 1733 1030 1767 nos
1053 1714 1185 1767 Aelianus
1207 1715 1267 1768 loco
1290 1732 1379 1784 supra

241 1798 362 1852 laudato.
393 1799 432 1852 Et
444 1799 496 1852 iam
506 1799 671 1866 mirabimur,
688 1798 824 1869 hodieque
835 1799 1006 1852 Herodotum
1022 1798 1083 1851 aliis
1098 1800 1271 1869 ignorantem
1288 1799 1376 1852 videri

242 1891 270 1938 et
287 1883 381 1938 rudem
403 1902 494 1938 rerum
514 1884 630 1937 omniurn
653 1883 858 1936 reconditarum
880 1884 980 1953 „nimis
996 1883 1136 1937 credulum
1157 1883 1219 1936 aliis
1242 1892 1270 1938 et
1286 1883 1378 1936 alieno

241 1968 301 2022 loco
323 1967 483 2040 loquacem?
508 1970 548 2022 Ac
568 1968 591 2021 si
611 1966 721 2038 quando
737 1968 842 2021 Noster
863 1968 1063 2021 reconditiores
1083 1986 1175 2022 rerum
1199 1987 1300 2022 causas
1322 1986 1377 2021 non

241 2059 294 2106 tarn
310 2054 399 2123 aperit
413 2071 444 2105 ac
459 2054 591 2122 recludit,
607 2070 687 2124 quam
700 2059 860 2105 reverenter
874 2053 1027 2121 significate
1050 2053 1151 2107 sactum
1167 2056 1285 2107 estsere
1300 2071 1318 2106 e
1334 2070 1378 2107 re-

241 2137 411 2191 centioribus
427 2138 626 2210 scriptoribus,
651 2144 682 2190 ut
696 2154 729 2189 ea
745 2155 799 2189 non
816 2155 867 2207 pro
885 2137 997 2207 scriptis
1011 2138 1159 2204 haberent,
1180 2144 1254 2192 certe
1270 2156 1326 2193 non
1346 2156 1379 2190 eo

241 2221 418 2290 adhiberent,
443 2240 497 2293 quo
517 2241 563 2276 eas
584 2239 682 2275 causus
705 2221 818 2274 aliorum
841 2221 1005 2291 scriptorum
1019 2240 1051 2275 ac
1065 2229 1298 2276 monumentorum
1315 2241 1379 2293 ope,

242 2306 332 2377 quoad
344 2307 405 2360 eius
420 2308 480 2360 lieri
494 2312 605 2377 posset,
622 2311 753 2360 eruerent
768 2312 796 2359 et
809 2306 987 2376 explicarent.
1000 2310 1054 2347 —“

326 2406 394 2460 Cum
413 2406 456 2460 his
474 2406 641 2460 conserenda
658 2423 732 2460 nunc
753 2412 834 2473 sunt,
854 2418 941 2478 quae,
961 2407 1030 2460 alios
1053 2416 1084 2462 ut
1102 2409 1237 2477 omittam,
1260 2408 1380 2479 protulit

241 2490 385 2562 Mariette,
409 2491 457 2562 qui
471 2491 587 2562 Apidum
602 2490 729 2561 sepulcra
749 2490 859 2561 apernit
874 2497 902 2544 et
915 2488 1044 2564 pluribus
1060 2494 1189 2565 exposuit
1204 2494 1239 2546 de
1257 2493 1380 2561 singulis
1460 2490 1466 2505 '

241 2576 375 2646 Apidibus
397 2595 429 2631 eo
451 2577 525 2645 loco,
548 2594 628 2648 quem
643 2576 753 2630 laudari
767 2576 795 2628 in
815 2583 883 2630 nott.
899 2578 934 2629 ad
945 2579 1004 2646 lli,
1022 2584 1064 2634 27.
1077 2583 1121 2633 28.
1157 2580 1246 2643 Quem
1261 2579 1380 2632 eundem

241 2661 329 2715 virum
345 2660 453 2716 doctum
468 2662 577 2715 duobus
595 2660 693 2714 libellis
714 2662 748 2715 de
770 2661 862 2714 eadem
885 2680 916 2715 re
932 2663 1096 2733 exposuisse
1116 2663 1238 2717 intellexi
1254 2682 1287 2717 ex
1299 2663 1377 2716 Mus.

239 2743 366 2800 Rhenan.
378 2747 416 2800 N.
429 2749 462 2801 F.
478 2746 541 2799 llll.
557 2765 584 2816 p.
600 2749 652 2799 280
668 2764 762 2816 seqq:
784 2745 937 2812 „ltltmoire
953 2765 1004 2800 sur
1017 2747 1127 2801 lamere
1143 2748 1257 2819 d‘Apis,
1272 2765 1323 2817 par
1335 2748 1376 2800 hl.

240 2829 313 2901 Aug.
327 2831 466 2886 lilariette.
492 2830 572 2884 Paris
591 2833 666 2885 1850.
685 2833 732 2883 4.“
751 2837 794 2882 et:
815 2830 923 2898 „Choix
942 2831 975 2885 de
991 2839 1161 2886 monuments
1176 2841 1205 2885 et
1219 2832 1253 2886 de
1265 2831 1378 2885 dessins

240 2912 406 2970 dtcourerts
428 2934 463 2970 ou
482 2919 612 2969 executes
632 2912 755 2984 pendant
774 2913 799 2967 le
814 2915 995 2970 deblaiement
1015 2917 1050 2969 du
1071 2918 1220 2988 Serapeum
1238 2917 1272 2970 de
1290 2917 1377 2970 illem-

239 2999 302 3068 phis
313 3018 364 3071 par
379 3000 418 3054 M.
433 2999 505 3069 Aug.
521 3001 659 3053 Mariette.
677 2997 758 3052 Paris
774 3002 850 3054 1856.
864 3001 912 3055 4.“
936 3000 1050 3071 Apidem
1066 3001 1210 3071 Aegyptiis
1229 3002 1318 3054 luisse
1337 3000 1377 3053 ri-

239 3099 304 3135 vum
315 3084 395 3154 quasi
406 3084 557 3152 symbolum
572 3083 693 3136 Osiridis
709 3085 809 3137 statuit
821 3084 962 3153 Moriette,
981 3085 1198 3140 incarnationem
1209 3103 1290 3158 quam
1308 3085 1376 3138 dici·

239 3183 300 3220 mus
313 3167 396 3220 huius
411 3168 470 3238 dei,
490 3167 540 3220 sed
561 3168 756 3221 emanationem
771 3167 815 3223 dei
830 3168 933 3222 Pthah:
950 3188 982 3223 eo
1004 3172 1073 3224 enim
1095 3172 1197 3242 refert,
1221 3171 1296 3242 quod
1312 3171 1375 3240 ipso

239 3257 312 3305 teste
323 3250 465 3305 Herodoto
480 3252 547 3324 (Ill,
559 3252 608 3319 28)
624 3252 692 3321 Apis
704 3269 721 3304 a
732 3253 841 3322 fulgore
855 3253 971 3308 coelitus
983 3255 1095 3327 delapso
1109 3255 1137 3307 in
1155 3273 1264 3309 vaccam
1279 3272 1375 3310 susce-

240 3343 305 3405 ptus
322 3337 478 3408 serebatur,
499 3337 558 3390 sire
579 3355 612 3391 eo
631 3337 696 3404 igne
712 3335 823 3406 divino,
845 3339 944 3409 quiex
964 3338 1014 3393 deo
1032 3339 1121 3393 Pthah
1140 3348 1263 3412 emanat,
1286 3357 1375 3410 eoque

238 3419 316 3490 ipso,
338 3429 467 3493 tanquam
484 3421 601 3474 omnium
621 3438 712 3475 rerum
730 3430 858 3492 auctore,
883 3431 1117 3495 repraesentatur.
1153 3426 1239 3489 Quod
1261 3424 1374 3477 veroin

239 3521 295 3558 una
316 3505 498 3578 inscriptione
512 3507 697 3579 Aegyptiace,
713 3524 793 3577 quam
811 3509 935 3562 exhibuit
949 3509 1095 3579 Mariette‚
1116 3508 1162 3563 ille
1184 3509 1270 3580 Apis,
1296 3526 1376 3579 quem

238 3635 471 3652 ————.-

308 3718 335 3790 ⁴¹)
355 3724 446 3786 „Vide
467 3725 506 3777 sis
529 3722 643 3775 tabulae
661 3724 769 3775 Isiacae
785 3722 862 3790 figur.
877 3724 911 3779 R.
931 3724 997 3775 item
1011 3724 1216 3775 Monumentum
1230 3726 1374 3786 Venatum,

238 3792 311 3858 quod
322 3794 469 3846 exPricaei
480 3794 674 3846 commentario
687 3793 837 3858 desumpsit
844 3792 997 3846 Gronovius
1010 3799 1038 3845 et
1051 3793 1135 3844 hahet
1147 3793 1231 3845 editio
1237 3793 1373 3845 Herodoti

237 3861 402 3930 wesseling.
421 3863 503 3930 adp.
518 3863 582 3925 1663
601 3879 680 3931 porro
695 3877 766 3929 quae
785 3879 818 3914 ex
837 3861 888 3913 hoe
901 3878 998 3929 genere
1015 3862 1114 3929 Csylus
1129 3863 1226 3915 Comes
1240 3867 1374 3915 memorat

237 3932 266 3981 in
274 3931 386 3983 Recueil
400 3932 425 3983 d’
437 3935 548 3999 Antiqq.
560 3934 622 3985 Vol.
636 3934 658 3985 1.
671 3949 698 3998 p.
711 3932 746 3984 43
759 3947 817 3998 seq.
835 3929 862 3983 st
874 3934 928 3983 tria
940 3933 1038 3999 Apidis
1050 3933 1196 3985 simulacra
1208 3934 1300 3986 Musei
1309 3934 1376 3983 Bor-

235 4001 314 4065 giaui
328 4016 345 4051 a
357 4000 448 4069 Zotga
461 4005 503 4054 De
515 4001 643 4055 obelisco.
665 4020 692 4069 p.
708 4001 760 4054 448
772 4007 939 4053 enumerata.
964 4004 1074 4054 Pricaei
1093 4004 1197 4054 iconem
1211 4001 1287 4053 ilum
1301 4001 1374 4068 qnod

236 4071 351 4133 attinet,
365 4071 468 4123 recedit
480 4072 527 4123 ills
543 4073 651 4138 quidem
661 4075 691 4123 in
704 4072 929 4123 vestimentorum
943 4087 1042 4138 genere
1054 4072 1170 4139 aliisque
1181 4072 1265 4125 rebus
1279 4073 1315 4123 sb
1325 4087 1375 4122 sn·

236 4139 313 4204 tiquo
333 4137 408 4190 cultu
420 4141 629 4206 Aegyptiorum
651 4158 701 4193 nec
719 4140 856 4208 τρίγωνον
873 4158 1044 4208 expressum:
1065 4142 1153 4193 nihilo
1172 4147 1265 4193 manen
1282 4142 1373 4193 secius

235 4208 280 4259 vol
291 4208 408 4259 maxime
419 4209 601 4262 memorabilis
613 4218 656 4263 est
668 4210 813 4263 censenda.
840 4212 918 4264 Diaei
931 4213 1003 4262 inter
1014 4212 1082 4278 Apis
1094 4211 1138 4263 vel
1149 4213 1257 4263 Macris
1271 4226 1372 4263 cornus

234 4275 319 4328 locati
335 4293 367 4328 ex
386 4293 435 4330 suo
454 4279 512 4343 ipse
531 4295 623 4331 museo
641 4281 745 4347 aliquot
763 4281 854 4333 icones
870 4287 1012 4334 enumerat
1022 4281 1235 4348 Psyne-Knight
1255 4281 1285 4333 in
1303 4280 1372 4332 libro

235 4346 324 4399 bonae
344 4347 428 4414 frugis
442 4347 613 4415 plenissimo:
630 4350 744 4416 Inquiry
761 4351 821 4402 into
834 4351 880 4404 the
897 4351 1058 4418 symbolicsl
1069 4351 1207 4421 language
1221 4351 1253 4402 oi
1262 4352 1373 4403 ancient

235 4417 347 4471 artaud
358 4417 524 4485 mythologie
537 4420 561 4484 t.
574 4418 617 4471 32.
629 4436 657 4486 p.
671 4419 734 4473 23.“
