3042 5125
372 395 438 454 ΑΙ)
460 392 714 454 HERODO'I'.
730 394 795 470 III,
815 402 865 459 119
880 394 950 453 coll.
964 394 1025 469 IV,
1044 404 1103 460 129-
1240 395 1300 456 705

168 582 335 654 comparatio
355 582 456 648 eflicit,
471 598 551 651 quem
573 581 601 633 in
617 581 698 634 simili
713 582 797 634 causa
814 599 903 653 nuper
921 581 1060 635 admodum
1077 591 1108 635 ut
1122 583 1221 652 opinor
1236 594 1301 655 apte

166 669 201 721 ad
220 667 442 738 persuadendum
463 666 663 731 demonstravi,
686 666 811 736 quamvis
831 674 860 720 et
874 665 964 736 ipsum
980 665 1103 720 coloniae
1119 667 1301 723 Thuricensis

168 752 345 822 participem,
366 761 455 804 tamen
469 750 542 803 circs
557 749 623 803 illud
639 758 763 820 tempus,
785 767 841 820 quo
857 768 998 804 sennones
1013 751 1047 803 de
1063 752 1203 822 republica
1217 754 1300 808 babiti

167 837 240 907 apud
256 836 398 889 Platonem
412 836 572 903 linguntur,
592 852 665 886 anno
680 837 732 889 430
747 834 792 888 vel
807 839 859 891 429
873 842 938 888 ante
953 835 1019 888 Chr.
1036 855 1063 889 n.
1080 853 1170 890 coram
1184 838 1300 892 Athenis

167 921 304 974 adfuisse.
338 920 469 973 Nimirum
491 937 544 971 non
566 918 634 971 illud
656 918 781 989 equidem
797 926 892 973 contra
907 926 1031 973 veterum
1044 920 1199 974 testimonia
1216 940 1300 992 nega·

168 1006 263 1072 verim,
280 1005 370 1058 statim
381 1022 463 1075 quum
474 1002 581 1055 colonia
595 1003 788 1070 deduceretur,
800 1003 885 1056 civem
899 1003 938 1055 illi
952 1003 1122 1059 Herodotum
1133 1006 1301 1077 adscriptum

166 1108 248 1157 esse,
270 1095 298 1141 at
316 1089 385 1142 enim
405 1087 583 1155 intelligimus
598 1105 631 1140 ex
646 1087 810 1156 Thucydide
825 1089 853 1153 l,
872 1092 904 1141 27
927 1087 997 1140 haud
1018 1088 1180 1143 inusitatum
1202 1092 1299 1160 luisse,

167 1182 199 1227 ut
221 1174 268 1245 qui
291 1174 399 1226 nomina
423 1190 474 1225 sua
494 1171 529 1224 ad
546 1170 677 1224 coloniam
698 1171 814 1242 aliquam
826 1171 948 1242 professi
964 1179 1072 1240 essent,
1096 1180 1170 1227 certa
1183 1176 1301 1244 pecunia

166 1258 292 1327 deposita
307 1257 377 1310 domi
392 1263 534 1311 manerent
548 1272 638 1325 neque
653 1274 685 1309 eo
700 1256 793 1309 secius
808 1256 966 1309 colonorum
980 1257 1041 1310 iure
1053 1258 1207 1325 gauderent
1219 1277 1299 1328 agro-

166 1358 281 1413 rumque
296 1341 503 1395 dividendorum
518 1340 670 1411 participes
692 1340 859 1394 haberentur
877 1337 917 1410 (sl
929 1338 960 1395 δέ
974 1360 1017 1403 τις
1031 1335 1064 1395 cd
1080 1346 1238 1413 παραυτίκα
1251 1339 1300 1414 μὲν
1358 1354 1365 1365 '

165 1421 204 1495 μὴ
220 1421 311 1481 ἐθέλοι
325 1425 473 1496 fluentem,
488 1421 609 1494 μετέχειν
624 1420 653 1478 dl
667 1419 797 1496 βούλεται
813 1426 862 1494 τῆς
876 1417 1016 1497 ἀποικίας,
1032 1421 1206 1496 πεντήκοντα
1220 1429 1301 1498 δραχ-

165 1506 394 1581 adcomodans
408 1511 564 1579 Κορινθίας
577 1506 698 1581 μένειν»
719 1527 771 1563 nec
791 1510 815 1563 si
839 1510 952 1562 maxima
975 1511 1066 1563 statim
1086 1512 1121 1564 ab
1142 1512 1221 1565 initio
1236 1513 1300 1567 illuc

166 1597 344 1666 proiecturus
360 1600 433 1663 erat,
457 1611 571 1647 necesse
595 1600 644 1648 aut
657 1594 726 1647 adeo
741 1610 792 1663 par
807 1599 867 1647 erat
882 1594 1014 1647 hominem
1028 1596 1300 1664 peregrinationibus

167 1682 202 1733 ab
217 1679 403 1733 adolescentia
422 1685 563 1732 assuetum
587 1679 614 1731 in
638 1678 686 1731 illa
703 1678 809 1732 colonia
831 1678 1004 1732 umbraticam
1019 1679 1101 1732 vitam
1116 1680 1232 1748 degerap
1251 1699 1299 1750 pn·

167 1773 286 1832 stremo,
311 1781 346 1816 ne
362 1764 406 1818 vel
421 1763 471 1815 hac
486 1762 514 1815 in
534 1762 727 1831 probabilitate
749 1761 935 1833 acquiescam,
956 1761 1077 1815 eiusdem
1093 1764 1196 1831 Lysiae
1211 1782 1298 1818 exem·

167 1850 241 1920 plum
262 1848 391 1901 admonet
414 1854 445 1900 ut
471 1862 649 1916 quaeramus,
678 1846 745 1915 quid
771 1845 860 1914 egerit
879 1845 1040 1899 Herodotus
1061 1846 1106 1899 illa
1128 1855 1299 1918 tempestate,

166 1952 250 2003 quum
267 1938 332 2003 post
345 1932 447 1985 cladem
458 1930 628 1984 Siciliensem
639 1928 738 1982 Thurii
753 1931 788 1982 ab
799 1928 1014 1983 Atheniensibus
1031 1929 1181 1984 deficerent
1194 1932 1238 1984 01.
1255 1937 1299 2001 92,

169 2021 290 2072 1:412
311 2025 375 2069 ante
396 2015 461 2068 Chr.
479 2033 507 2069 n.
523 2045 565 2054 —
580 2032 644 2068 num
663 2013 811 2066 verisimile
832 2013 871 2066 sit
885 2019 956 2081 tum,
980 2030 1064 2084 quum
1078 2015 1179 2083 Lysias
1199 2016 1301 2087 aliique

168 2102 376 2155 Atheniensium
398 2099 474 2153 amici
496 2099 538 2151 vel
561 2098 727 2152 eiicerentur
741 2098 786 2151 vel
800 2096 989 2166 discederent,
1010 2098 1195 2167 Herodotum,
1221 2118 1300 2170 quem

169 2192 247 2239 tanto
272 2185 394 2237 Athenas
415 2184 508 2236 studio
522 2183 671 2253 amplexum
693 2201 755 2235 esse
770 2182 886 2250 scimus,
909 2181 966 2234 illic
980 2182 1187 2252 permansisse?
1201 2184 1301 2253 Attigit

169 2270 238 2323 hanc
253 2270 441 2341 quaestionem
457 2284 547 2338 nuper
561 2267 641 2320 etiam
663 2267 706 2319 vir
721 2266 786 2320 clar.
801 2266 954 2320 Schoellius
972 2298 1009 2312 —
1024 2267 1074 2320 sed
1088 2268 1143 2336 itu,
1166 2274 1198 2322 ut
1210 2269 1300 2323 Hero·

169 2354 262 2408 dotum
284 2360 365 2406 antea
386 2360 519 2406 mortuum
541 2369 592 2405 nec
614 2351 715 2405 cladem
737 2351 809 2404 illam
828 2369 879 2404 nec
893 2350 973 2404 etiam
990 2351 1118 2405 factionis
1134 2352 1243 2407 exitium
1260 2353 1298 2406 vi·

169 2439 246 2492 disse
262 2442 411 2491 statueret:
434 2454 489 2506 qua
509 2437 536 2488 in
561 2436 749 2507 disputatione
769 2435 816 2506 qui
839 2435 906 2488 illud
928 2434 1007 2489 facile
1024 2435 1124 2489 homini
1142 2437 1300 2490 doctissimo

168 2523 328 2590 concedam,
352 2521 426 2593 quod
443 2519 530 2574 etalii
551 2521 726 2592 antiquorum
742 2525 770 2574 et
787 2520 921 2574 consimili
941 2526 1062 2592 tempore
1077 2521 1193 2575 Grotius
1201 2518 1231 2591 *J
1253 2522 1299 2577 de·

168 2614 408 2674 monstraverunt,
432 2605 563 2659 historiae
577 2606 752 2660 Herodoteae
774 2605 846 2658 ultra
861 2622 887 2659 a.
988 2615 1157 2675 propagatae
1172 2607 1299 2675 vestigia,

170 2693 263 2764 qualia
278 2691 465 2744 Dahlmanuus
480 2690 533 2742 sibi
550 2690 677 2744 invenire
693 2690 772 2742 visus
787 2697 846 2757 est,
861 2687 937 2742 nulla
950 2707 1029 2757 esse,
1052 2707 1087 2742 na
1101 2697 1190 2743 tamen
1207 2691 1300 2760 operis

169 2779 224 2831 fine
240 2776 320 2830 etiam
335 2775 418 2828 uitam
433 2774 568 2828 Herodoti
591 2774 734 2842 definiam,
757 2781 785 2826 et
799 2773 885 2841 Anyti
900 2773 1052 2842 mentione,
1073 2790 1154 2844 quam
1169 2776 1300 2845 superius

168 2862 266 2929 inieci,
284 2860 380 2913 etalio
396 2859 514 2927 vestigio
527 2858 666 2928 impedior,
681 2857 755 2928 quod
772 2857 895 2927 quamvis
910 2858 937 2910 in
954 2857 1070 2911 omnium
1085 2866 1234 2928 conspectu
1250 2877 1299 2929 po·

170 2946 257 2998 situm
273 2961 289 2997 a
304 2962 400 3015 meque
416 2944 477 3015 ipso
495 2943 589 2995 iamin
607 2942 750 3012 superiore
770 2941 887 3011 epistola
902 2942 1037 3012 prolatum
1054 2942 1187 2996 neminem
1201 2942 1299 3010 adhuc,

169 3037 300 3101 quantum
314 3029 436 3097 memini,
457 3027 568 3096 longius
589 3033 765 3096 persecutum
779 3044 841 3079 esse
855 3026 955 3096 oppido
971 3027 1064 3080 miror.
1097 3028 1222 3100 Namque
1236 3027 1299 3081 Sui·

170 3115 220 3168 das
242 3113 324 3167 claris
345 3113 437 3167 verbis
452 3112 621 3165 Herodotum
636 3109 728 3163 Pellae
745 3110 924 3164 Macedoniae
944 3110 970 3163 in
994 3111 1062 3164 urbe
1083 3113 1186 3167 obiisse
1206 3112 1300 3179 tradit,

173 3217 228 3251 non
245 3198 289 3252 ille
304 3198 413 3269 quidem
434 3215 485 3267 pro
500 3196 661 3267 explanato,
682 3194 732 3249 sed
748 3202 779 3247 ut
792 3201 920 3249 auctores
937 3203 1025 3249 nmen
1043 3196 1103 3250 eius
1116 3199 1201 3251 iamne
1216 3196 1300 3251 exsti·

170 3283 239 3335 tisse
261 3283 415 3336 videamus:
434 3276 506 3343 seule
526 3277 556 3335 di
575 3275 605 3335 dv
627 3276 716 3352 Πέλλῃ
735 3273 823 3334 αὐτὸν
839 3282 1001 3350 τελευτῆσαί
1016 3299 1117 3349 quotu:
1140 3300 1211 3353 quae
1230 3284 1300 3335 fama

171 3368 305 3438 quomodo
321 3367 386 3420 oriri
401 3365 538 3436 potuerit,
554 3365 578 3418 si
593 3364 725 3429 Thuriis,
746 3371 779 3417 ut
794 3364 876 3432 vulgo
891 3365 1019 3431 tradunt,
1041 3367 1201 3419 Herodotus
1217 3364 1300 3418 obiis-

172 3460 228 3518 set,
245 3470 299 3505 non
315 3450 455 3518 intelligo;
469 3449 569 3502 Thurii
583 3450 719 3519 quomodo
735 3448 805 3501 salso
820 3464 881 3500 eum
895 3449 949 3501 sibi
964 3450 1043 3502 etiam
1061 3456 1194 3503 mortuum
1210 3449 1300 3503 vindi-

171 3536 274 3602 carint,
297 3536 376 3588 facile
398 3540 442 3587 est
464 3534 497 3586 ad
520 3533 742 3602 intelligendum,
766 3549 817 3585 nec
837 3533 862 3584 si
885 3532 997 3585 maxime
1017 3541 1218 3586 monumentum
1239 3532 1301 3586 eius

171 3619 287 3673 Thuriis
302 3621 436 3686 exstabat,
451 3635 548 3671 reuera
562 3618 618 3671 illic
631 3622 765 3670 mortuum
781 3633 843 3669 esse
858 3617 944 3684 magis
959 3616 1023 3668 inde
1039 3616 1206 3685 colligamus,
1221 3634 1301 3689 quam

171 3703 331 3774 Euripidem
346 3703 478 3771 Athenis,
496 3702 543 3772 qui
560 3710 587 3755 et
602 3703 662 3772 ipse
678 3701 721 3754 hic
735 3701 926 3770 cenotaphium
939 3701 1056 3754 habebat
1069 3701 1211 3772 (Meinelte
1221 3700 1300 3753 Anal.

171 3787 247 3841 Alex.
264 3805 328 3857 pag.
346 3788 408 3856 ll),
424 3787 493 3840 diem
509 3805 575 3839 uero
590 3803 745 3857 supremum
758 3784 832 3855 apud
843 3785 1004 3839 Archelaum
1019 3786 1196 3839 Macedoniae
1211 3802 1301 3853 regem

171 3873 291 3940 obierat;
316 3872 388 3942 apud
410 3872 483 3924 hunc
498 3871 613 3925 eundem
628 3871 729 3939 igitur,
753 3887 831 3940 quem
850 3888 883 3922 ex
899 3870 970 3923 omni
985 3871 1103 3924 Graecia
1116 3869 1238 3923 homines
1252 3870 1301 3922 do-

170 3956 258 4009 ctrina
274 3963 357 4028 atque
371 3956 483 4025 ingenio
499 3955 626 4024 insignes
640 3955 674 4008 ad
691 3974 721 4007 se
733 3954 869 4008 invitasse
880 3961 973 4008 notum
985 3954 1220 4024 est„Herodotum
1233 3971 1299 4024 quo·

170 4058 225 4110 que
240 4047 388 4095 extremum
404 4041 477 4093 vitae
497 4045 605 4109 tempus
625 4039 717 4107 egisse
738 4056 812 4092 nunc
834 4039 914 4092 etiam
936 4040 1040 4093 certius
1060 4056 1139 4110 quam
1163 4038 1224 4091 olim
1238 4037 1301 4093 mihi

169 4125 340 4195 persuadeo:
361 4126 407 4196 qui
431 4140 513 4193 quum
535 4129 599 4192 post
616 4140 640 4176 a.
657 4128 708 4177 444
720 4124 826 4176 demum
843 4141 959 4192 regnare
974 4124 1109 4193 coeperit,
1130 4123 1174 4178 vel
1188 4133 1302 4194 propter

172 4210 241 4262 hanc
260 4226 368 4262 causum
381 4207 515 4260 Herodoti
533 4217 644 4260 mortem
661 4207 731 4260 ultra
749 4206 794 4259 01.
816 4212 850 4260 92
865 4208 980 4262 reiicere
1001 4227 1056 4261 non
1077 4226 1199 4278 possum.
1232 4209 1301 4261 Nam

169 4295 243 4364 quod
258 4303 401 4362 praeterea
417 4291 569 4344 Schoellius
585 4299 667 4360 negat
689 4291 790 4343 cladem
807 4292 976 4347 Siciliensem
991 4293 1133 4346 Herodoto
1152 4294 1216 4346 vivo
1230 4292 1300 4344 acci-

239 4470 281 4538 [*)
301 4472 362 4524 viu.
379 4473 462 4524 Grote
474 4473 589 4539 Histoi-y
605 4471 635 4522 oi
646 4471 748 4523 Gr0000
761 4473 794 4523 V·
808 4488 836 4537 Ρ·
851 4470 907 4536 BL]

208 4575 377 4620 HERODOT·
398 4577 433 4621 11·
1061 4556 1101 4616 45
