3042 5125
270 403 331 463 614
700 399 971 463 HERODO'II

271 591 399 662 τούτων
423 591 574 681 ἐχόμενοι
589 595 751 671 renuente
776 598 855 676 εἰσι,
882 595 950 659 τῶν
972 595 1011 660 αι’
1026 607 1183 679 γυναῖκες
1203 592 1381 680 περισφύρια

272 696 447 784 δερμάτων
462 695 568 764 πολλὰ
589 696 708 784 ἑκάστη
730 698 845 784 φορέει
865 693 948 763 κατὰ
968 693 1100 764 τοιόνδε
1120 723 1168 778 τι,
1196 691 1239 773 ὡς
1258 698 1382 781 λέγεται·
1453 701 1454 772 ]

271 797 346 869 κατ’
361 797 469 887 ἄνδρα
484 803 625 869 ἕκαστον
638 803 801 886 μιχθέντα
815 796 1039 885 περισφύριον
1053 801 1253 882 περιδέεται·
1277 793 1383 884 ἥδ’ἇν
1453 791 1454 860 1

271 912 409 972 πλεῖστα
424 911 499 990 ἔχῃ,
515 901 599 991 αὕτη
613 900 731 991 ἀρίστη
745 907 900 972 δέδοκται
916 901 1020 984 εἶναι,
1035 897 1079 981 ὡς
1092 896 1157 970 ὑπὸ
1171 908 1326 969 πλείστων
1337 896 1382 968 ἆν-

207 1021 264 1080 177
276 1011 367 1095 δρῶν
389 1016 581 1093 φιληθεῖσα.
625 1004 743 1093 Ἀκτὴν
763 1006 798 1073 δὲ
821 1008 1031 1092 προέχουσαν
1056 1008 1089 1085 ἐς
1109 1002 1168 1072 τὸν
1188 1002 1307 1072 πόντον
1323 1002 1382 1071 τού·

427 1237 492 1289 Cur.
510 1235 657 1288 CLXXVI.
1014 1238 1079 1290 Car.
1098 1237 1259 1290 CLXXVII.

307 1338 457 1406 Γινδᾶνες]
474 1340 562 1405 Vulgo
571 1337 719 1398 Γίνδανες.
731 1342 816 1406 Equi·
899 1331 995 1406 ’Διττὴν
1013 1333 1044 1390 δὲ
1064 1337 1241 1406 προέχουσαν
1265 1366 1296 1376 -
1311 1341 1384 1388 Δωτο-

270 1412 404 1461 demeum
416 1411 542 1459 Dindorl.
557 1414 585 1461 et
600 1410 724 1462 Dietseh.
740 1411 815 1462 edidi
865 1403 963 1477 φάγοι]
983 1411 1068 1462 Sedes
1085 1412 1177 1476 gentle
1189 1413 1229 1461 ita
1242 1410 1326 1460 definit
1336 1410 1386 1473 Sey·

271 1553 327 1601 doti
344 1549 414 1599 libro
428 1549 531 1614 legitur
548 1549 673 1614 quodque
691 1551 761 1599 irlem
774 1550 816 1600 af·
866 1543 920 1615 „th
933 1543 964 1597 δὲ
976 1543 1028 1611 ἔξω
1045 1547 1095 1614 τῆς
1108 1543 1248 1614 Σόρτιδος
1260 1547 1386 1612 nepetam}

271 1621 323 1671 sert
336 1619 467 1683 Stephon.
484 1620 550 1683 Byr.
564 1634 587 1669 a.
603 1633 665 1682 v.,e
684 1619 743 1670 solo
763 1620 814 1670 loti
867 1633 895 1669 σι
906 1617 1008 1684 Λίβυες
1026 1610 1196 1683 Λωτοφάγοι
1212 1613 1308 1680 ἔθνος,
1324 1610 1385 1680 μέχρι

270 1693 361 1741 fructu
384 1689 511 1739 victitare
535 1692 645 1752 gentem
671 1689 816 1740 adiiciens.
866 1687 917 1738 τοῦ
936 1680 1072 1753 στόματος
1089 1687 1139 1753 τῆς
1156 1679 1386 1754 ἕτέραςΣόρτισος.

272 1759 361 1820 Nulla,
373 1765 505 1824 quantum
516 1758 583 1818 scio,
597 1759 668 1822 apud
682 1757 753 1810 alios
769 1775 818 1810 au·

270 1837 360 1881 oteres
376 1829 478 1879 mentio
492 1827 597 1892 gentis,
617 1843 696 1892 qnam
710 1830 816 1879 mariti-

271 1914 341 1949 mam
360 1898 446 1948 luisse
465 1903 538 1946 recte
557 1903 659 1962 negant
679 1898 817 1948 Schlieht-

269 1969 356 2019 horst.
370 1984 397 2032 p.
414 1969 463 2017 144
477 1982 510 2017 aa
525 1965 637 2020 Bennoi.
653 1982 680 2031 p.
693 1968 755 2031 661,
769 1970 817 2033 qni

269 2039 413 2088 interiores
428 2041 532 2087 tractus
544 2037 619 2086 eirca
630 2038 733 2098 urbem,
746 2053 817 2102 quae

272 2108 336 2158 olim
350 2109 474 2172 Cydonum
486 2106 568 2171 (teste
581 2105 670 2156 Plinlo
683 2108 719 2156 H.
733 2108 768 2158 N.
781 2109 816 2170 V,

269 2179 307 2240 t),
322 2192 392 2227 nuno
407 2177 525 2227 Nocturnis
539 2175 695 2239 perhibetur
710 2192 732 2227 s.
747 2177 818 2227 Gud-

270 2264 366 2304 νιυιιοα,
389 2250 498 2311 gentem
523 2245 643 2294 tenuisse
660 2246 817 2309 suspicatur

271 2317 306 2366 ad
317 2317 398 2378 viam,
414 2330 483 2379 quae
498 2315 531 2363 ab
542 2315 608 2364 urbe
618 2315 734 2365 TunisIa
743 2330 817 2364 nune

271 2384 395 2436 ducitae
410 2383 521 2448 Agadez
537 2389 565 2433 et
579 2382 706 2443 Kashua,
721 2385 817 2435 XXIII

269 2459 318 2505 aut
335 2454 426 2503 XXIV
447 2453 550 2503 dierum
572 2453 671 2504 itInere
694 2455 729 2503 ab
750 2454 817 2504 urbe

269 2524 399 2581 'Iunisim
420 2522 456 2572 ihi
474 2522 545 2573 enim
560 2521 659 2573 rudera
673 2523 816 2588 grandium

270 2593 455 2646 aedificiorum
474 2594 613 2643 Romanae
632 2595 735 2645 aetatis
753 2610 818 2644 eon-

270 2664 341 2729 spiei
363 2668 481 2712 testatur
505 2661 651 2714 Abulfetla.
684 2663 816 2715 Renneli0

270 2732 454 2809 adstipulatur
461 2732 589 2783 Larolrer.
600 2733 629 2782 in
639 2734 708 2783 Tab.
722 2749 816 2798 geogr.

268 2830 304 2841 ·-
315 2816 419 2852 τουτων
431 2818 492 2853 oum
502 2802 589 2853 (laiss.
605 2807 632 2851 et
644 2802 740 2855 Matth.
754 2802 817 2853 dedi

269 2888 318 2938 pro
330 2869 458 2937 τουτέων.

304 2939 360 2990 τῶν
378 2935 411 2990 αἱ
426 2942 557 3004 γυναῖκες
575 2967 608 2977 -
630 2933 739 3004 φορέει]
758 2939 777 2988 i.
791 2955 815 2990 e.

269 3028 373 3077 quorum
388 3014 504 3061 mulieres
515 3011 616 3072 fascias
630 3029 644 3061 e
657 3009 764 3075 pellibus
781 3011 818 3059 ad

267 3083 359 3145 pertram
371 3083 500 3130 malleolos
516 3089 627 3143 pereant,
651 3095 816 3145 unaquaeque

268 3154 372 3208 ιιιαΙιασ,
393 3150 441 3198 hnc
455 3150 512 3210 sere
524 3150 556 3197 de
571 3164 667 3209 causa,
683 3158 710 3198 αι
719 3150 813 3199 dicunt.

269 3218 414 3282 Respexst,
442 3217 551 3280 opIuor‚
583 3217 660 3267 Sext.
684 3218 815 3281 EmpIrie.

268 3286 390 3352 llypoth.
403 3286 456 3345 Ill,
469 3288 511 3336 24.
527 3301 553 3349 p.
564 3286 612 3334 177
625 3286 658 3335 de
671 3286 815 3350 Aegyptim

270 3355 371 3406 similia
380 3355 511 3405 scribens.
530 3357 552 3405 N
557 3370 591 3405 on
601 3354 672 3419 sugIt
682 3354 816 3405 Herodoti

266 3426 344 3476 loeus
370 3425 560 3475 doctissimum
581 3424 815 3491 peregrinatorem

267 3495 352 3546 l‘aeh.
366 3494 483 3561 (Voyag.
497 3497 549 3545 etc.
561 3510 624 3560 pag.
638 3493 692 3556 71),
706 3493 754 3543 ubi
767 3510 815 3544 no-

268 3566 391 3628 madum,
403 3566 451 3631 qui
463 3580 534 3615 nuno
546 3565 727 3614 Marmaricae
740 3568 815 3615 vete·

868 1746 957 1808 Οὗτοι
977 1756 1054 1824 λωτῷ
1074 1757 1196 1822 χρῶνται
1210 1757 1275 1822 σίτῳ
1291 1755 1332 1805 nni
1348 1759 1386 1804 nt

867 1826 935 1895 τῷ.“
961 1827 1033 1878 Plin.
1047 1829 1082 1877 H.
1094 1829 1128 1879 N.
1138 1829 1180 1892 V,
1194 1831 1225 1878 4:
1248 1827 1296 1890 „Iu
1310 1826 1386 1876 intimo

867 1901 930 1951 sinu
949 1897 1050 1962 (Syrtis
1065 1898 1125 1949 soil.
1143 1899 1269 1961 maioris)
1290 1896 1336 1945 fuit
1349 1910 1386 1944 ora

867 1967 1078 2033 Lotophagon.“
1100 1968 1179 2019 Alios
1195 1972 1311 2018 veterum
1329 1963 1387 2014 loros

867 2039 902 2089 ‹le
917 2037 1086 2103 Lotophagis
1097 2037 1231 2102 praebent
1244 2033 1351 2086 Mueller.
1362 2034 1386 2082 al

867 2106 991 2173 Scylaeis
1001 2105 1044 2157 l.l.
1058 2105 1225 2172 (Geograph.
1237 2103 1386 2155 (inminui.

868 2193 894 2243 p.
908 2178 942 2227 85
955 2181 982 2226 et
998 2175 1045 2239 86)
1057 2181 1085 2226 et
1098 2177 1246 2242 Forbiger:
1262 2172 1386 2225 Handb.l

866 2246 915 2297 alt.
931 2244 1084 2309 Geopraph.
1100 2245 1139 2296 II.
1156 2262 1184 2310 p.
1199 2246 1258 2298 836.
1281 2240 1386 2293 Nonnulli

867 2316 917 2381 (cl.
935 2314 1084 2365 Stadiasm.
1097 2315 1184 2365 Maris
1198 2316 1290 2378 Magni
1305 2315 1327 2375 §-
1344 2310 1387 2360 lut.

867 2402 893 2449 p.
901 2384 953 2435 465
966 2400 999 2434 ex
1011 2384 1053 2434 ed.
1066 2383 1204 2446 Muelleri)
1216 2384 1295 2433 etiam
1305 2380 1388 2431 addunt

866 2454 983 2505 insulam
996 2454 1061 2503 huie
1075 2468 1139 2507 orae
1155 2455 1282 2512 adsitam,
1299 2452 1388 2502 ahetn

866 2524 965 2591 phagin
993 2523 1108 2574 maxime
1139 2523 1305 2584 hahilstam,
1335 2532 1387 2585 quae

866 2610 927 2646 oum
938 2593 1002 2644 olim
1014 2594 1124 2645 Meninx
1133 2600 1160 2645 et
1170 2600 1268 2659 postea
1278 2593 1346 2643 Girba
1353 2603 1389 2639 το

866 2668 992 2726 caretur,
1010 2678 1082 2713 nune
1095 2663 1130 2714 ab
1144 2663 1283 2713 Arahihus
1295 2664 1388 2710 voestru

866 2734 998 2798 Djerbah,
1021 2734 1162 2784 Dachr'rbeh
1181 2749 1205 2783 s.
1219 2732 1343 2789 ,Dachirbh
1360 2726 1387 2776 el.

866 2802 978 2854 Rennel.
999 2818 1026 2867 p.
1043 2802 1109 2862 662,
1129 2802 1267 2852 Mennert.
1283 2803 1319 2861 X,
1335 2800 1356 2849 2,
1367 2812 1388 2860 p.

868 2871 917 2922 143
932 2887 1008 2937 seqq.
1021 2870 1082 2922 eoll.
1096 2872 1144 2923 161
1162 2887 1241 2937 seqq.
1256 2886 1288 2921 ae
1299 2867 1387 2934 potissi-

867 2957 939 2992 mum
945 2942 1089 2992 Pelissier:
1100 2941 1278 3008 Description
1288 2936 1348 2989 dela
1357 2950 1387 2985 re·

866 3027 951 3076 genae
980 3013 1014 3062 de
1039 3010 1126 3061 Tanis
1155 3010 1338 3075 (Exploration
1363 3004 1387 3053 le

864 3080 974 3145 l'Alger.
993 3080 1072 3130 Paris
1095 3079 1171 3131 1853.
1196 3083 1230 3131 T.
1247 3077 1317 3141 XVI)
1337 3089 1386 3140 pag·

867 3152 917 3202 172
931 3166 1006 3216 seqq.
1020 3150 1072 3201 306
1088 3164 1170 3214 seqq,
1189 3153 1236 3215 qui
1253 3149 1319 3199 haue
1329 3146 1387 3194 insu·

1453 1249 1454 1288 l

273 1479 815 1545 ravenna,quourpsumrnunouero-
865 1479 1384 1546 lex§.nuphiltinesemensis

1453 2782 1454 2847 l

1453 2848 1454 2881 l

1453 3014 1454 3047 l

865 3221 920 3270 lam
938 3225 1056 3281 angusto
1073 3221 1157 3268 maris
1179 3224 1269 3270 trantu
1290 3213 1388 3266 reonti-
1453 3248 1454 3251 ,

866 3291 942 3341 nenti
952 3280 1116 3340 disiunctum
1127 3295 1256 3339 aeourate
1265 3281 1387 3348 denupsit

866 3359 1040 3424 eiusdemque
1055 3356 1159 3410 iueolas
1174 3360 1244 3409 satia
1261 3355 1339 3407 nultos
1350 3366 1387 3415 pro
1453 3362 1454 3421 t

865 3434 987 3479 veterum
1001 3428 1225 3493 Latophagorum
1238 3421 1387 3491 posterirhn·

865 3500 936 3551 buit.
954 3497 1021 3548 ndu.
1032 3513 1100 3563 quae
1112 3498 1199 3548 Barth
1209 3495 1387 3555 Wauderungg.

865 3570 889 3620 1.
904 3584 932 3632 p.
946 3568 999 3619 259
1009 3583 1084 3632 seqq.
1098 3567 1132 3618 ‹le
1144 3566 1198 3618 hae
1215 3564 1300 3618 insula
1311 3561 1385 3613 relert

268 3638 306 3686 ris
339 3641 439 3686 terram
474 3639 657 3699 occuparunt,
688 3632 814 3685 mulieres
864 3639 907 3689 De
930 3637 998 3702 ipsis
1020 3635 1190 3702 Lotophngis
1218 3651 1284 3702 quae
1308 3627 1386 3682 uranei

270 3706 365 3756 scribit
377 3704 470 3756 multIs
483 3703 606 3763 annulis,
619 3719 687 3770 quos
700 3708 814 3755 ornatus

270 3791 354 3826 eausa
374 3775 459 3825 variis
482 3775 604 3840 eorporis
624 3774 748 3839 partibus
767 3773 815 3824 ad-

270 3846 353 3906 dunt,
378 3843 520 3895 delectarl.
545 3872 578 3881 -
605 3844 750 3894 Caeterum
772 3858 813 3903 ea,

271 3930 340 3979 quae
356 3914 407 3964 hoe
424 3914 485 3965 loeo
505 3913 537 3964 tle
551 3913 706 3965 Gindanum
721 3912 814 3963 mulie-

271 3985 346 4033 ribus
361 3983 521 4046 traduntur,
537 3999 591 4033 non
609 3983 700 4033 ahena
716 3988 782 4032 suut
798 3998 814 4032 a

272 4067 346 4102 more
364 4054 563 4115 Nasamonum,
587 4052 621 4102 ‹le
642 4069 694 4117 quo
713 4054 815 4103 Noster

274 4136 358 4184 supra
366 4136 427 4184 cap.
441 4122 488 4171 172
502 4121 605 4173 retulit.
621 4122 711 4188 Atque
724 4123 817 4173 hodie-

275 4205 326 4255 que
344 4189 417 4253 apud
434 4194 529 4255 gentes
548 4191 575 4238 in
590 4191 632 4240 his
645 4192 725 4241 terris
739 4192 816 4242 habi·

274 4263 366 4309 tantes
381 4260 440 4309 sive
454 4259 579 4324 palantes
596 4261 678 4309 moris
693 4276 767 4324 esee,
786 4267 818 4312 nt

274 4328 424 4394 peregrinis
435 4329 468 4388 ¹iu
481 4327 628 4393 hospitium
648 4332 765 4393 receptis
780 4338 818 4382 et·

274 4400 330 4449 iam
344 4398 379 4448 ab
393 4398 457 4449 hero
471 4413 568 4448 uxores
589 4399 647 4449 sive
667 4398 741 4451 filiae
753 4400 818 4451 offe-

275 4472 384 4533 rantur,
404 4469 501 4519 scribit
512 4467 598 4519 Barth
611 4467 628 4520 l.
643 4468 662 4522 l.
679 4484 742 4534 pag.
755 4473 817 4522 467.

865 3707 1011 3758 commenti
1032 3706 1151 3768 fuerim,
1174 3707 1274 3758 reterre
1296 3703 1386 3764 longum

866 3783 918 3829 est.
944 3778 987 3827 Tu
1001 3775 1059 3827 rid.
1072 3770 1355 3827 Tzaehnekaulletl,
1366 3769 1385 3815 7·

865 3847 915 3909 Μ
926 3850 997 3896 nott.
1009 3861 1103 3910 exegg.
1115 3860 1177 3911 pag.
1190 3846 1239 3897 164
1252 3858 1321 3907 seqq.
1346 3839 1385 3914 Et}

866 3917 938 3967 enlm
955 3916 1100 3966 notissima
1121 3930 1188 3980 gena
1199 3913 1284 3966 veleb
1295 3911 1385 3959 Nomen

867 3987 930 4037 inde
940 3990 1031 4035 aetate
1043 3983 1090 4049 (of.
1099 3984 1199 4050 Odyss.
1211 3985 1258 4047 IX,
1266 3974 1384 4035 at-lttl

867 4072 937 4121 qnae
953 4054 1005 4105 hae
1018 4055 1079 4119 ipsa
1092 4057 1120 4105 iu
1135 4055 1239 4118 Libyae
1255 4066 1314 4110 ora,
1330 4057 1385 4109 quw

866 4128 895 4175 in
913 4140 987 4174 mare
1005 4123 1119 4174 multum
1132 4124 1278 4188 prominet,
1294 4117 1325 4168 ad
1335 4116 1385 4193 Syf-

868 4196 917 4244 tim
930 4196 1069 4258 minorem,
1081 4193 1215 4245 Siciliane
1227 4191 1334 4255 replent,
1345 4199 1385 4241 Ψ·

869 4266 954 4314 turin
966 4264 1056 4315 medin
1069 4280 1117 4314 ora
1131 4261 1308 4329 Tripolitana,
1326 4252 1385 4303 hstr-

868 4340 944 4385 tasae
956 4339 1091 4385 censetur.
1111 4333 1191 4383 (lens.
1203 4331 1326 4382 umen.
1336 4323 1351 4371 l·
1361 4319 1383 4379 1ο

868 4403 1012 4456 Voelcker.
1029 4404 1140 4454 Homer.
1159 4398 1304 4466 (langraph-
1317 4398 1338 4456 l·
1350 4390 1383 4440 5⁷·

869 4490 931 4540 pag.
949 4474 1007 4525 110.
1033 4474 1105 4536 Quin
1120 4473 1251 4537 hodieque
1267 4468 1294 4519 in
1308 4460 1382 4516 eadem
