3042 5125
367 437 690 500 MELPOMENE.
712 439 769 500 IV.
788 447 918 504 90-92

1141 438 1202 498 mr
1224 522 1227 525 Α

105 625 197 717 ἡσθεὶς
222 633 265 720 τῷ
289 635 426 722 ποταμῷ
453 630 576 720 στήλην
610 637 725 717 ἔστησε
751 631 810 699 καὶ
833 632 1000 715 ἐνθαῦτα,
1033 628 1204 717 γράμματα

104 731 243 818 ἐγγράψας
254 735 390 820 λέγοντα
403 733 497 803 τάδε·
533 741 713 803 ΤΕΑΡΟΤ
739 740 975 801 ΠΟΤΑΜΟΥ
996 738 1207 801 ΚΕΦΑΛΑΙ

99 831 208 903 ΤΔΩΡ
217 843 424 905 ΑΡΙΣΤΟΝ
437 846 495 905 ΤΕ
505 844 594 907 ΚΑΙ
610 843 893 905 ΚΑΛΛΙΣΤΟΝ
901 843 1208 905 ΠΑΡΕΧΟΝΤΑΙ

102 946 280 1007 ΠΑΝῚῺΝ
305 947 560 1009 ΠΟΤΑΜΩΝ
595 947 684 1009 KAI
705 937 782 1008 EH'
811 947 971 1008 ΑΤΤΑΣ
996 947 1203 1009 ΑΠΙΚΕΤΟ

102 1048 302 1111 ΕΑΑΓΝΩΝ
320 1052 406 1112 ΕΠΙ
415 1051 608 1113 ΣΚΊΘΑΣ
617 1051 840 1113 ΣΤΡΑΤΟΝ
852 1050 985 1111 ΑΝΗΡ
1001 1051 1205 1112 ΑΡΙΣΤΟΣ

105 1152 149 1212 ΤΕ
168 1152 245 1214 ΚΑΙ
271 1152 545 1216 ΚΑΛΛΙΣΊὈΣ
576 1153 782 1217 ΠΑΝΤΩΝ
809 1153 1091 1234 ΑΝΘΡΩΠΩΝ,
1122 1157 1201 1216 ΔΑ-

101 1254 218 1316 ΡΕῘΟΣ
228 1246 262 1316 ’0
277 1246 595 1338 ’ΤΣΤΑΣΠΕΟᾸ
616 1256 842 1320 ΠΕΡΣΕΩΝ
862 1258 920 1319 ΤΕ
938 1257 1025 1319 ΚΑΙ
1041 1258 1205 1320 ΠΑΣΗΣ

106 1358 179 1418 ΤΗΣ
196 1360 403 1421 ΗΠΕΙΡΟΤ
422 1361 664 1424 ΒΑΣΙΛΕΥΣ.
700 1358 804 1423 ταῦτα
830 1351 872 1442 δὴ
895 1357 1043 1424 ἐνθαῦτα
1070 1354 1205 1445 ἐγράφη.

102 1464 222 1540 Δαρεῖος
242 1457 279 1525 δὲ
292 1461 455 1526 ἐνθεῦτεν
467 1454 627 1547 ὁρμηθεὶς
646 1453 782 1527 ἀπίκετο
801 1461 834 1537 ἐς
850 1456 953 1526 ἄλλον
968 1455 1135 1547 ποταμὸν,
1158 1463 1252 1551 agolli

100 1553 205 1645 οὔνομα
221 1556 386 1647 Ἀρτισκός
401 1563 487 1647 ἐστι,
509 1559 545 1641 ὃς
562 1559 617 1630 διὰ
640 1558 826 1650 Ὀδρυσέων
847 1564 924 1650 ῥέει.
953 1564 1007 1630 ἐπὶ
1026 1566 1146 1630 τοῦτον
1165 1561 1205 1652 δὴ

100 1656 146 1727 τὸν
157 1661 294 1751 ποταμὸν
308 1660 507 1752 ἀπικόμενος
528 1668 660 1752 ἐποίησε
682 1663 821 1734 τοιόνδε.
856 1659 1018 1748 ἀποδέξας
1032 1674 1154 1754 χωρίον
1167 1670 1208 1755 τῇ

100 1769 215 1853 στρατιῇ
234 1768 366 1835 ἐκέλευε
390 1766 498 1836 πάντα
519 1764 626 1857 ἄνδρα
648 1775 747 1837 λίθον
774 1772 834 1837 ἕνα
855 1766 1053 1857 παρεξιόντα
1077 1771 1207 1838 τιθέναι

100 1867 126 1943 ἐς
145 1862 176 1934 cd
199 1863 467 1959 ἀποδεδεγμένον
492 1876 589 1940 τοῦτο
609 1879 741 1960 χωρίον.
781 1867 825 1950 ὡς
848 1872 886 1940 δὲ
905 1875 1009 1940 ταῦτα
1029 1867 1049 1959 ἡ
1073 1868 1207 1960 στρατιὴ

100 2064 167 2131 biger.
179 2068 195 2117 l.
206 2066 224 2118 l.
237 2085 262 2134 p.
276 2070 352 2123 1075.
367 2096 401 2107 -
410 2073 497 2123 Aenus
505 2072 569 2123 urbs
582 2075 617 2124 ab

99 2134 251 2188 deolensibus
269 2140 383 2191 condita
401 2142 451 2192 sub
469 2142 618 2194 Alexandri

101 2209 279 2260 suecessoribus
294 2218 324 2260 ct
340 2210 383 2260 vel
397 2218 495 2275 postea
510 2214 617 2278 Byzan·

100 2277 195 2326 tinorum
207 2286 295 2330 aetate
307 2283 423 2329 maxima
435 2282 556 2333 floruisse
567 2284 618 2333 fer-

102 2349 143 2393 tur.
157 2347 228 2398 Nunc
240 2350 265 2399 ei
278 2365 377 2399 nomeu
392 2352 477 2413 Enoc,
494 2368 544 2402 nec
559 2367 619 2417 pro-

101 2413 134 2462 cul
147 2415 202 2465 inde
220 2420 388 2470 occidentem
402 2436 496 2471 versus
508 2426 618 2487 Aegaeo

101 2485 258 2538 mariHebrus
271 2492 410 2540 miscetur.
435 2490 619 2542 Cillauuert.

100 2552 150 2605 Vll.
160 2571 215 2622 pag.
223 2558 273 2611 206
282 2574 346 2624 seq.
371 2558 621 2612 Plura'l'zaohucke

99 2623 217 2747 tillidi&
231 2627 248 2677 l.
264 2645 329 2695 pag.
346 2630 394 2681 12²6
405 2645 474 2696 seq„
490 2630 642 2697 Forbiger·

132 2710 170 2760 .p.
215 2698 255 2751 il).

269 2834 340 2887 Car.
357 2834 429 2888 xci.

127 2927 217 3002 στήλην
229 2931 327 3003 ἔστησε
342 2953 367 2987 ιι.
387 2953 411 2987 τ.
428 2936 463 3001 λ.]
480 2939 620 2991 Pertineut

99 3000 153 3066 huc,
170 3023 234 3072 quae
247 3009 282 3058 ad
295 3009 350 3070 IV,
368 3007 402 3058 87
418 3007 452 3058 do
467 3007 621 3061 huiusmodi

99 3073 172 3139 cippis
191 3077 324 3138 diximus3
350 3093 440 3144 neque
463 3069 618 3143 γράμματα,

100 3156 156 3205 qnae
168 3144 215 3197 hoc
227 3148 287 3198 loco
300 3154 553 3210 commemorantur,
563 3148 620 3200 alia

99 3210 167 3264 luisse
183 3217 369 3267 existimamus
391 3224 475 3282 atque
495 3232 542 3279 ca,
561 3218 619 3283 qui-

99 3279 138 3332 bus
151 3283 215 3336 alter
230 3288 346 3352 cippus,
357 3286 393 3337 ad
405 3287 554 3351 Bosporum
566 3303 624 3338 ere·

100 3355 161 3415 etus,
179 3355 228 3406 luit
241 3357 408 3421 inscriptus,
427 3362 544 3407 cuneata
563 3356 622 3408 scil.

100 3426 122 3468 et
135 3425 245 3478 Graeca:
265 3426 338 3478 unde
355 3425 475 3488 lactum,
494 3432 525 3476 ut
537 3428 623 3477 Hero·

100 3487 167 3542 dotus
189 3500 244 3546 tam
272 3502 403 3547 accurate
436 3496 623 3560 inscriptionis

100 3560 169 3612 rerba
182 3563 206 3614 h.
220 3565 238 3616 l.
259 3566 364 3617 relerre
377 3567 506 3631 potnerit.
536 3565 623 3628 Quam

99 3628 171 3690 ipsam
179 3635 290 3686 multum
304 3651 335 3687 se
349 3635 520 3700 quaesivisse
530 3640 626 3685 narrat

99 3696 208 3754 locbmus
218 3704 237 3755 l.
250 3705 286 3767 1.,
300 3706 347 3756 sed
360 3706 474 3755 frustra:
493 3706 566 3754 circa
579 3720 625 3770 op·

99 3768 175 3830 pidum
187 3775 369 3826 Bunarhiasar
386 3775 495 3839 cippum
508 3789 569 3825 cum
584 3774 625 3824 iu·

98 3840 230 3905 scriptione
255 3849 377 3897 erectum
403 3844 502 3906 luisse,
524 3860 558 3895 ex
580 3844 624 3906 iis,

100 3922 158 3972 quae
167 3927 248 3979 snpra
263 3914 396 3978 diximus,
408 3915 477 3965 satis
487 3917 572 3979 patet.

126 4003 210 4080 πάσης
226 4015 276 4082 τῆς
295 4007 426 4083 ἠπείρου]
452 4015 625 4080 „Palmariua

99 4077 204 4138 Exercit.
221 4102 247 4151 p.
261 4088 294 4138 21
310 4088 351 4138 his
366 4089 479 4139 vocibus
495 4103 550 4138 uon
565 4087 625 4137 uni-

98 4164 191 4205 versam
207 4158 319 4218 Asiam,
343 4157 391 4208 sed
411 4172 492 4223 quam
508 4159 626 4208 minorem

98 4233 227 4286 romnus,
241 4227 388 4293 intelligit3
405 4243 476 4293 quae
489 4226 555 4276 mihi
566 4226 626 4291 qui-

100 4285 150 4341 dem
174 4295 329 4362 explanatio
354 4313 407 4347 non
433 4296 513 4346 ridet.
539 4296 625 4347 Dario

98 4358 212 4429 pleraque
235 4369 314 4418 omnis
333 4367 398 4417 Asia
417 4365 490 4416 dicto
511 4366 627 4415 audiens

99 4436 162 4493 erat,
174 4450 252 4500 qnam
265 4427 383 4501 ἤπειρον
396 4436 453 4497 ΙΙΙ,
470 4434 520 4486 134
532 4434 627 4485 adver·

100 4497 197 4554 limus.“
223 4505 261 4555 W
264 4510 364 4559 eracl.
389 4505 430 4556 Ad
447 4504 532 4556 verba
552 4493 625 4570 ἀνὴρ

667 2062 779 2139 ἄριστός
791 2086 819 2122 τε
832 2068 882 2122 καλ
892 2060 1037 2129 κάλλιστος
1046 2071 1081 2123 cl.
1092 2076 1161 2124 nott.
1173 2072 1209 2123 ad

667 2144 699 2205 1,
718 2141 753 2194 30
766 2148 793 2193 et
805 2142 859 2204 IX,
877 2143 921 2192 72.
947 2141 1123 2206 Respondent
1135 2141 1208 2216 liaeo

668 2214 765 2278 opinor
774 2211 999 2263 antecedentibus
1011 2212 1118 2262 verbis:
1132 2210 1208 2277 υδυρ

667 2272 785 2345 ἄριστόν
809 2295 838 2331 τε
855 2276 904 2330 παλ
924 2273 1081 2332 κάλλιστον.
1109 2283 1210 2333 Vocem

668 2349 1210 2417 nemulul,initiohuiusinacriptionisde

670 2422 748 2472 fluvii
763 2421 876 2480 sontibus
897 2421 1063 2484 adhibitam,
1083 2422 1210 2486 nuspiam

670 2493 712 2541 sic
725 2492 843 2556 positam
855 2490 959 2540 inveni:
976 2506 1063 2556 neque
1077 2492 1160 2541 ullum
1172 2490 1211 2542 lo·

671 2577 731 2612 oum
751 2559 910 2626 appeditunt
921 2560 1032 2612 chioa.
1060 2561 1150 2625 Quare
1166 2578 1210 2612 co·

669 2631 758 2697 gitavi
770 2631 803 2681 de
812 2630 924 2680 Persica
937 2645 1006 2680 voce
1023 2632 1063 2680 ita
1075 2630 1213 2681 translata

671 2701 808 2764 incidique
832 2699 861 2748 in
884 2699 1023 2749 Persicam
1044 2716 1140 2750 vocem
1157 2701 1210 2761 Sir,

672 2786 742 2836 quac
762 2774 790 2820 ct
806 2772 890 2832 caput
907 2768 1031 2818 declarat
1051 2774 1079 2821 et
1103 2771 1212 2820 omnino

672 2841 715 2901 id,
734 2856 749 2891 e
767 2854 820 2905 quo
838 2837 901 2902 quid
917 2837 1098 2901 proficiscitur
1113 2856 1136 2890 s.
1152 2854 1213 2904 pro·

670 2909 807 2976 greditur3
818 2907 855 2959 cl.
864 2904 998 2972 Haudjdri
1006 2908 1116 2959 Diction
1124 2908 1212 2960 franc.

670 2980 746 3030 arab.
758 2994 829 3045 pers.
842 2982 871 3028 et
882 2983 954 3044 turq.
970 2977 1003 3028 T.
1014 2977 1065 3029 111.
1079 2994 1107 3043 p.
1120 2978 1180 3030 sol.

852 3131 919 3183 Cas.
937 3132 1025 3186 XCII.

707 3248 745 3318 τῷ
757 3239 1046 3317 οὔνομαἎρτισκός
1060 3242 1127 3317 ἔστι]
1144 3254 1213 3306 Trea

671 3321 735 3372 libri
749 3312 908 3387 Ἀρτησκός,
922 3338 1037 3388 quocum
1053 3321 1213 3387 Bernhardy

672 3391 707 3442 ad
717 3392 878 3456 Dionysium
886 3393 1021 3457 Perleget.
1033 3407 1074 3444 rs.
1087 3390 1214 3443 illicem-

672 3451 922 3527 parat'illdpoaoc,
940 3461 1103 3527 Wesseliug.
1116 3462 1215 3513 Hesio·

673 3532 752 3582 deum
771 3519 918 3597 Ἀρδεσιιος
940 3532 968 3581 in
988 3531 1129 3596 Theogou.
1152 3531 1213 3582 345.

673 3600 827 3652 Secundum
841 3601 977 3652 Gatterer.
989 3601 1007 3652 1.
1022 3600 1041 3651 l.
1057 3617 1083 3666 p.
1099 3601 1133 3649 42
1144 3615 1215 3650 nnnc

673 3672 869 3721 vocaturArda
883 3686 905 3723 s.
914 3671 1055 3734 Garadum,
1067 3670 1216 3721 secundum

674 3739 810 3789 Maunert.
827 3740 890 3792 vll.
909 3756 936 3805 p.
954 3741 994 3790 15.
1011 3739 1045 3789 34
1063 3738 1216 3804 appellatur

679 3809 772 3860 Tanau.
799 3809 879 3858 Nunc
893 3808 1075 3858 vocari·Telre
1096 3822 1117 3858 s.
1138 3809 1217 3859 Teke-

674 3878 736 3930 derc
759 3879 813 3927 iam
845 3892 928 3942 supra
961 3878 1127 3934 monuimusz
1160 3877 1216 3929 vid.

674 3947 801 3998 Iochmus
813 3962 876 4018 ρορ.
889 3946 923 3996 46
936 3961 992 4012 seq.

711 4004 743 4074 δς
759 4007 807 4066 διὰ
823 4008 978 4080 Ὀδρυσέων
997 4006 1065 4081 δέει]
1084 4014 1217 4065 Voculam

677 4077 713 4151 δὴ
727 4091 791 4151 post
808 4073 840 4143 δς
855 4085 937 4150 vulgo
952 4085 1084 4136 insertam
1101 4100 1162 4134 cum
1176 4101 1218 4136 re·

676 4161 761 4206 centt.
775 4155 835 4207 edd.
853 4155 949 4209 delevi.
976 4154 1091 4205 Videtur
1109 4171 1123 4206 e
1141 4170 1217 4234 seqq:

676 4224 729 4275 huc
747 4224 818 4275 male
833 4225 969 4276 translata
990 4230 1040 4275 aut
1063 4239 1078 4274 a
1093 4240 1149 4291 seq.
1168 4221 1217 4274 δια

677 4300 747 4346 orta.
772 4294 926 4362 Odrysarum
939 4310 1005 4360 gens
1017 4310 1065 4359 per
1074 4294 1219 4345 Thraciam

676 4364 833 4416 interiorem
845 4365 874 4414 in
884 4364 999 4429 planitie
1013 4366 1088 4415 eirca
1100 4364 1219 4415 Hadria·

676 4433 789 4497 nopolin
809 4434 901 4484 Hebro
925 4434 1028 4500 perfluo
1047 4433 1218 4499 potissimum

675 4502 1220 4566 sedessuashabuissefertur.Hocloco‚
