3042 5125
415 419 736 483 MELPOMENE.
759 420 815 480 IV.
832 429 966 484 23-25.
1196 418 1258 481 345

137 599 352 703 ιαλἘλλὴνων
365 617 432 683 τῶν
451 615 489 684 ἐκ
506 612 738 704 Βορυσθένεός
758 640 794 682 τε
818 616 980 704 ἐμπορίου
993 614 1049 683 καὶ
1067 617 1135 683 των
1147 610 1260 684 ἄλλων

137 723 298 789 Ποντικῶν
310 721 489 815 έμιτορίων.
525 721 695 789 Σκυθέων
711 718 748 786 δὲ
764 712 992 788 οἳᾶνέλθωσι
1006 713 1193 803 incisoris,
1210 715 1258 787 δι’

137 820 206 893 issi
225 824 393 912 ἑρμηνέων
407 823 463 892 καὶ
478 818 525 891 δι’
541 819 623 892 ἑπτὰ
643 825 822 910 γλωσσέων
838 820 1107 910 διαπρήσσονται.
1146 824 1257 912 Μέχρι
1265 835 1306 897 25

135 1024 192 1087 tit,
208 1024 317 1075 Hanson
338 1022 357 1075 L
376 1022 394 1072 l.
414 1039 478 1090 pag.
497 1023 547 1076 165
564 1038 620 1089 seq.
639 1026 668 1074 et
717 1022 1260 1091 quinipmmsmumemsdiaensisede-

134 1092 665 1160 UkertxsieograpbdGriech.n.Roem.
716 1094 798 1146 sertis
812 1093 962 1159 Indiaeqne
981 1095 1118 1146 montibus
1132 1094 1261 1146 auriferis

135 1164 181 1226 111,
192 1164 215 1215 2.
227 1178 288 1229 pag.
304 1162 340 1214 30
351 1178 408 1229 seq.
421 1162 494 1228 260.)
508 1162 667 1228 descriptio·
717 1163 832 1214 aliatum
845 1162 932 1214 rideri
949 1170 1041 1216 monet
1061 1164 1131 1217 idom
1142 1164 1260 1217 Heeren.

136 1249 187 1284 uem
196 1237 380 1298 mercaturae,
393 1248 465 1299 quae
478 1233 541 1283 inde
556 1249 573 1284 a
583 1232 667 1283 Grae·
716 1234 735 1286 l.
750 1234 770 1285 Ι.
794 1235 834 1285 Ao
854 1238 1005 1285 memoratu
1022 1234 1150 1300 dignam,
1167 1234 1261 1287 hodie-

136 1304 169 1354 cis
179 1302 256 1354 Ponti
268 1303 371 1354 accolis
382 1308 459 1355 trans
467 1308 585 1355 montem
598 1302 666 1353 Ural
717 1319 771 1370 qne
788 1304 882 1354 eidem
898 1303 956 1354 iere
972 1305 1019 1355 viu
1035 1304 1146 1370 pellium
1159 1319 1261 1356 meroa-

135 1372 298 1438 regionesque
312 1388 331 1423 a
342 1372 438 1439 Caspii
454 1372 538 1424 maris
557 1377 666 1439 septen·
716 1378 807 1425 turam
828 1374 953 1435 institui,
970 1389 1025 1440 qua
1039 1376 1193 1441 antiquitus
1209 1375 1261 1425 hoc

136 1442 213 1492 trione
239 1443 309 1494 sitas
336 1444 366 1492 in
395 1444 553 1495 interiorem
576 1457 663 1507 usqne
716 1444 820 1496 iactum
839 1443 927 1495 irrisae
945 1461 978 1495 ex
993 1443 1134 1497 Herodoto
1152 1443 1260 1510 colligi-

135 1511 286 1577 Hongoliam
304 1513 434 1565 instituta
445 1512 529 1564 suerit
541 1512 602 1578 (nos
616 1527 665 1563 vo·
714 1530 786 1577 mus;
800 1514 865 1581 quin
876 1514 977 1565 Christi
988 1515 1140 1566 doctrinam
1151 1513 1186 1565 ad
1197 1530 1260 1581 gen·

135 1596 216 1632 camus
244 1581 495 1648 Οινααααεαλααιλιλ)
530 1580 665 1647 simulque
714 1589 757 1636 tes
785 1582 847 1635 illas
874 1583 937 1635 olim
953 1584 1057 1651 ,eadem
1079 1586 1126 1636 vit
1148 1583 1260 1635 allatam

136 1652 187 1703 riae
202 1652 384 1715 notationem,
401 1668 481 1719 quam
499 1657 665 1704 mercatores
715 1655 803 1707 inisse
814 1654 942 1705 observat
952 1654 1056 1705 Ritter:
1067 1654 1214 1707 Erdknnde
1222 1654 1261 1708 11.

137 1721 262 1773 sGrsecis
273 1722 338 1773 inde
350 1723 431 1773 Ponti
442 1721 555 1774 coloniis
568 1722 603 1773 ad
615 1720 665 1772 has
716 1741 743 1791 p.
755 1723 817 1776 623.

136 1789 259 1842 interioris
278 1792 364 1843 Asiae
384 1791 480 1858 plagas
496 1791 587 1843 iacere
603 1806 667 1843 con·
750 1781 1172 1859 έκΒορυσθένεόςτεέμιιοριόν]
1182 1793 1262 1845 Coni.

136 1861 272 1923 mererint3
285 1862 512 1914 cnimorcatnrae
522 1860 666 1913 faciundae
716 1867 788 1915 nott.
799 1861 899 1922 adIV,
918 1863 959 1914 17.

136 1929 252 1995 Scythas,
274 1933 377 1998 qnippe
393 1931 524 1983 nomadas
542 1946 669 1983 necessa·
753 1923 794 1982 ds'
813 1922 885 1982 ἔπτὰ
903 1920 1045 1997 έρμηνέων
1063 1926 1112 1980 καὶ
1133 1920 1174 1980 δι’
1192 1919 1262 1981 insci

136 2001 380 2065 rioqneinstrnctos
394 2017 494 2069 pecore
512 2002 547 2053 ad
564 2002 668 2053 merces
718 1996 863 2066 γλωσσέων
905 1992 1142 2067 διαπρήσσονται]
1182 2002 1261 2063 Quod

137 2071 289 2134 perdeserta
304 2070 543 2137 transportandas,
559 2070 669 2137 aptissi·
718 2073 836 2124 Heeren.
856 2070 941 2121 Ideen
958 2070 987 2136 1,
1004 2074 1030 2120 2.
1044 2087 1071 2136 p.
1090 2069 1142 2122 302
1161 2069 1223 2121 coli.
1238 2072 1262 2134 I,

136 2154 186 2191 mos
200 2140 282 2192 fuisse
299 2141 375 2193 idem
394 2142 515 2194 subiicit.
543 2142 669 2205 ABory·
720 2139 861 2208 1.p.123
886 2139 926 2191 ita
941 2138 1086 2206 intelligit,
1106 2144 1138 2191 ut
1155 2155 1204 2205 per
1222 2156 1263 2191 se-

136 2208 310 2262 sthenisostio
326 2211 534 2277 nrbeqneOIbia
551 2210 669 2277 profecti
718 2216 794 2279 ptem
819 2214 914 2277 gentes
941 2210 997 2261 aliu
1026 2209 1122 2276 lingua
1152 2213 1263 2262 utentes

136 2283 203 2331 trans
224 2285 346 2333 montem
364 2280 432 2332 Urai
456 2279 492 2332 ad
507 2281 669 2333 Oaimuccos
719 2286 885 2333 mercatores
909 2280 1032 2346 Scythici
1055 2281 1188 2333 Graeciae
1210 2281 1263 2332 iter

136 2364 210 2415 nsque
223 2356 411 2415 penetrarunt,
425 2352 521 2402 itinere
535 2352 577 2402 ita
590 2351 671 2401 insti·
719 2352 836 2405 iecerint
857 2350 1026 2416 totidemque
1044 2351 1108 2402 inde
1124 2351 1205 2402 etiam
1224 2352 1264 2401 in-

136 2421 367 2487 toto,utprimum
382 2421 517 2486 Hylaeum
530 2421 669 2487 regionem
720 2422 887 2489 terpretibus
909 2421 1084 2487 indiguerint.
1123 2422 1198 2484 Quas
1223 2437 1264 2472 se·

136 2492 289 2556 transgressi
299 2490 414 2541 Asovici
427 2492 509 2542 maris
521 2506 543 2540 s.
555 2491 671 2543 Maeoti-
720 2498 795 2558 ptem
817 2494 913 2556 gentos
932 2507 986 2541 non
1003 2490 1073 2543 alias
1096 2491 1185 2541 videri
1205 2490 1264 2542 vult

136 2559 172 2611 dis
182 2560 388 2627 oramlegerent
399 2578 484 2629 usqne
499 2559 535 2612 ad
551 2561 670 2625 Tanain,
720 2567 805 2629 atque
818 2561 951 2625 Taurios,
968 2562 1121 2624 Sarmatas,
1133 2561 1264 2625 Budinos,

136 2628 191 2680 dein
213 2631 369 2683 Astracans
393 2633 503 2684 deserta
524 2632 669 2694 intrarent,
721 2632 856 2694 Gelonos,
889 2631 1091 2696 Thyssagetae,
1119 2631 1215 2694 Iyrcas
1238 2636 1266 2680 ct

136 2699 198 2750 unde
209 2703 423 2766 septentrionem
435 2717 531 2753 versus
548 2718 595 2767 per
607 2702 672 2753 Sar·
720 2703 903 2768 Argippaeos.
928 2701 960 2750 In
981 2701 1080 2764 quibus
1103 2699 1176 2751 falso
1199 2701 1264 2765 poni

137 2774 257 2822 motuum
274 2776 377 2823 terram
393 2772 430 2823 ad
451 2772 573 2823 Budinos
592 2771 672 2821 Gelo·
721 2773 857 2823 Tauricos
877 2771 977 2821 statuit
988 2768 1185 2821 Brandstaeter
1200 2771 1265 2834 Scy·

137 2856 229 2905 nosque
251 2842 443 2907 pervenirent,
469 2857 531 2893 mox
547 2857 614 2892 vero
636 2841 671 2891 ad
721 2842 804 2893 thino.
822 2855 886 2906 pag.
900 2840 943 2903 74,
958 2841 1004 2906 qni
1015 2840 1075 2905 ipse
1085 2838 1266 2889 Melanchlae-

137 2910 256 2963 orientem
268 2911 357 2977 magis
373 2913 500 2963 conversi
509 2926 556 2977 per
568 2915 672 2978 septem
722 2928 783 2975 uos,
797 2911 987 2973 Sauromatas,
999 2909 1134 2973 Bndinos,
1146 2909 1267 2975 Thyssa-

137 2978 228 3031 diernm
250 2982 362 3035 deserta
382 2980 418 3032 ad
439 2980 672 3047 Thyssagetarnm
721 2987 815 3049 getas,
844 2981 955 3046 Iyrcas,
983 2979 1152 3046 Argippaeos
1178 2978 1265 3042 affert,

136 3053 160 3098 et
174 3050 307 3115 Iyresrum
327 3051 467 3117 regiones,
488 3051 535 3101 ubi
549 3051 673 3102 Hiberiae
722 3052 866 3118 septimam
891 3065 956 3101 vero
984 3053 1093 3115 gentem
1117 3049 1267 3112 desiderat,

137 3125 192 3169 sunt
211 3120 290 3184 fines,
322 3120 500 3181 accederent;
531 3137 547 3171 e
572 3121 672 3187 quibus
722 3139 784 3173 curn
806 3120 925 3173 Gelonos
949 3134 966 3169 a
984 3119 1100 3171 Bndinis
1124 3134 1267 3186 segregare

137 3188 273 3242 Nerossnrn
286 3195 408 3242 montem
420 3206 452 3242 eo
465 3190 523 3242 iere
533 3190 604 3254 loco,
619 3205 672 3256 qno
722 3208 777 3243 non
787 3195 881 3257 aptum
894 3188 1031 3241 videatur:
1054 3189 1188 3240 Herodoti
1204 3190 1268 3240 inde

138 3273 200 3310 nnnc
225 3262 298 3313 iacet
322 3261 480 3326 Orenbnrg,
508 3261 674 3327 transgressi
722 3278 840 3314 errorem
855 3260 946 3312 notari
957 3274 1038 3325 posse
1046 3264 1136 3325 putat.
1159 3261 1201 3311 De
1214 3275 1267 3326 qno

136 3328 338 3397 inKirgisorum
361 3334 389 3381 et
404 3328 607 3382 Galmnocorum
627 3330 673 3381 de·
722 3331 847 3398 equidem
865 3330 946 3382 aliter
971 3334 1078 3395 statuo,
1103 3345 1267 3396 quamquam

137 3402 216 3461 serta,
227 3402 273 3467 qni
284 3401 415 3452 itinerum
425 3399 487 3453 fluis
500 3401 585 3451 fuisse
597 3401 674 3451 vide·
723 3402 756 3454 de
781 3402 823 3453 his
845 3400 973 3467 gentibus
997 3415 1143 3466 earumque
1165 3399 1269 3465 lingum

138 3472 189 3530 tur,
207 3485 362 3534 pervenere.
392 3470 463 3522 Nam
482 3470 555 3521 ultra
576 3470 673 3537 Argip·
723 3474 794 3523 certi
807 3472 872 3537 qnid
885 3474 1008 3523 statuere
1020 3469 1067 3519 vix
1080 3468 1190 3521 licebit:
1209 3470 1269 3535 ipse

138 3539 300 3606 pseos(quos
312 3542 528 3593 Gabnuccosesse
542 3540 674 3606 supradi-
723 3542 896 3607 septenarius
919 3544 947 3590 et
967 3541 1147 3606 interpretum
1168 3544 1197 3590 et
1216 3539 1269 3589 lin-

140 3607 229 3674 ximns)
243 3611 298 3662 iter
315 3611 426 3660 minime
439 3611 615 3661 continuasse
635 3609 674 3660 vi·
723 3627 836 3677 guarum
853 3625 993 3674 numerus,
1011 3625 1059 3675 per
1069 3611 1201 3662 orientem
1212 3614 1269 3659 tam

140 3674 228 3728 dentur
241 3679 283 3730 illi
296 3683 471 3742 mercatores,
483 3680 555 3731 unde
567 3695 618 3730 sna
628 3695 674 3731 ac·
723 3681 850 3745 frequens
867 3686 976 3745 tamque
991 3679 1108 3746 insignis
1131 3678 1180 3744 (cf.
1197 3683 1266 3732 nott.

138 3749 203 3812 cepit
212 3749 386 3801 Herodotus:
404 3764 567 3815 quemqnam
586 3750 673 3816 ipsius
724 3751 794 3814 adl,
806 3750 862 3813 98),
875 3750 1018 3800 advertere
1031 3765 1080 3799 nos
1090 3752 1183 3814 potest
1192 3753 1269 3813 apte-

139 3824 300 3871 mercaturae
307 3820 374 3871 fines
385 3820 495 3871 minime
507 3819 563 3871 iilic
572 3834 674 3885 ponen-
724 3836 775 3887 que
793 3822 906 3871 Hansen
922 3836 948 3884 p.
970 3818 1021 3869 loc
1039 3833 1073 3868 ex
1089 3820 1115 3869 J.
1135 3819 1169 3869 de
1185 3819 1270 3869 Ham·

138 3884 182 3937 dos
191 3902 247 3941 osse
262 3890 333 3941 bene
350 3890 523 3940 concedimus
536 3889 673 3941 Heerenio
723 3906 789 3940 mer.
802 3888 918 3953 (Goldne
929 3888 1022 3939 Horde
1037 3892 1089 3938 etc.
1103 3903 1129 3953 p.
1149 3886 1212 3951 145)
1228 3888 1269 3938 ai-

138 3953 154 4004 Ι.
166 3955 182 4007 l.
193 3973 217 4022 p.
230 3958 299 4022 309,
316 3962 418 4025 quippe
427 3975 488 4010 enm
499 3959 556 4010 illio
568 3962 674 4010 tautum
723 3960 778 4010 fert
790 3957 980 4024 Mongolornm
990 3957 1143 4022 principum
1157 3973 1269 4022 morem,

139 4029 291 4080 convenisse
309 4030 454 4080 videantur
471 4030 592 4095 undique
613 4044 675 4094 pro·
724 4030 772 4095 qni
795 4037 889 4094 septem
907 4026 1047 4093 primariis
1068 4028 1146 4093 regni
1168 4027 1269 4095 linguis

133 4092 197 4146 'fecti
210 4105 390 4164 mercatores,
410 4114 514 4150 merces
534 4114 599 4151 snas
616 4098 675 4164 qni·
724 4099 835 4150 decreta
847 4113 898 4149 sna
908 4098 952 4148 edi
963 4096 1118 4149 voluerunt.
1142 4098 1269 4150 Idunum

139 4179 185 4228 qne
196 4169 384 4233 permutaturi.
406 4169 501 4235 Neque
513 4185 578 4221 vero
590 4167 674 4234 pelles
725 4185 758 4221 ex
769 4168 905 4219 Herodoti
915 4168 1006 4219 verbis
1018 4173 1094 4219 certo
1105 4167 1198 4234 colligi
1206 4185 1269 4235 pos-

140 4236 237 4287 tantnm
258 4238 392 4291 advectas
410 4254 483 4303 esse,
508 4254 672 4305 quamquam
726 4254 756 4290 se
771 4239 862 4304 quivis
881 4237 1028 4300 concedet,
1046 4237 1128 4289 valde
1144 4237 1270 4290 diversae

140 4302 163 4353 in
180 4305 213 4357 iis
232 4309 380 4374 praecipua
405 4313 576 4360 mercaturae
599 4323 672 4374 pars,
725 4309 839 4375 originis
849 4324 882 4359 ac
895 4309 990 4374 stirpis
1003 4324 1050 4360 eas
1067 4308 1153 4359 fuisse
1163 4314 1269 4374 gentes,

139 4387 187 4436 quo
204 4379 289 4443 magis
304 4378 388 4429 Ponti
401 4378 513 4430 accolae
530 4379 564 4429 ob
581 4379 672 4429 acrius
724 4394 797 4442 qnae
812 4378 947 4429 communi
964 4378 1127 4444 Scytharum
1146 4377 1270 4443 appella·

140 4441 352 4514 ffigusooelique
364 4448 552 4513 intemperiem
565 4445 615 4513 (cf.
623 4448 671 4511 IV,
723 4448 798 4499 tione
825 4448 853 4498 in
876 4446 930 4499 hac
953 4446 1121 4513 singularum
1147 4447 1269 4513 gentium

60 4526 62 4607 ρ
139 4511 242 4581 rsibiq.
259 4517 340 4585 nott.)
356 4517 475 4585 pellibus
490 4518 672 4585 indiguerint5
722 4519 896 4569 enarratione
914 4516 1192 4583 comprehenduntur,
1210 4516 1269 4568 sivo
