3042 5125
509 344 714 405 THALIA.
737 344 797 402 111.
818 353 986 407 153—155.
1257 344 1319 406 277

175 533 290 607 ἐδόκεε
310 534 474 625 μόρσιμον
493 534 580 605 εἶναι
599 532 664 624 ἤθη
685 541 727 625 τῇ
738 540 919 624 Βαβυλῶνι
937 530 1153 623 ἆλίσκεσθαι,
1177 548 1316 625 προσελ-

173 637 252 710 θων
272 648 410 731 Δαρείςο
430 635 709 726 ἀπεπυνθάνετο,
738 647 770 710 εί
794 642 871 728 περὶ
891 644 1019 709 πολλοῦ
1043 637 1148 727 κάρτα
1170 647 1316 714 ποιέεται

173 741 237 832 τὴν
250 748 440 831 Βαβυλῶνα
454 745 550 814 ἑλεῖν.
579 743 774 833 πυθόμενος
796 743 850 826 ot,
872 737 916 822 ὥς
931 747 1057 812 πολλοῦ
1076 747 1216 836 τιμῷτο,
1235 743 1316 816 ἄλλο

173 845 393 936 ἐβουλεύετο,
413 843 499 927 ὅκως
518 844 617 928 αὐτός
637 875 672 917 τε
688 854 779 918 ἔσται
799 842 818 915 ὁ
837 844 923 917 ἑλών
943 843 1049 933 αὐτὴν
1069 849 1126 916 καὶ
1140 850 1267 919 ἑωυτοῦ
1280 847 1316 918 τό

174 960 277 1040 ἔργον
291 957 398 1021 ἔσται·
428 949 533 1040 κάρτα
552 949 616 1040 γὰρ
632 954 669 1021 ἐν
682 966 768 1021 τοῖσι
780 953 930 1039 Πέρσησι
950 955 987 1020 αλ
997 946 1216 1039 ἀγαθοεργίαι
1230 957 1264 1032 ἐς
1279 950 1316 1022 τὸ

174 1054 291 1144 πρόσω
312 1053 477 1144 μεγάθεος
490 1059 658 1145 τιμῶνται.
688 1054 799 1146 ’Ἄλλην
818 1058 881 1143 μέν
896 1081 962 1124 νυν
980 1050 1042 1124 οὐκ
1055 1054 1213 1142 ἐφράζετο
1228 1064 1315 1148 ἔργῳ

176 1152 321 1240 δυνατὸς
336 1157 427 1229 εἷναί
435 1187 495 1248 μιν
507 1155 703 1249 ὑποχειρίην
715 1163 868 1248 ποιῆσαι,
884 1165 916 1228 εί
928 1154 963 1226 θ’
981 1154 1107 1228 ἑωυτὸν
1121 1159 1313 1249 λωβησάμε-

174 1290 234 1345 νος
253 1258 490 1353 αὐτομολήσειε
507 1267 541 1343 ἐς
561 1259 693 1344 αὐτούς.
729 1260 897 1332 Ἐνθαῦτα
920 1265 957 1330 ἐν
976 1266 1112 1353 ἐλαφρῷ
1134 1262 1313 1353 ποιησάμε-

175 1395 234 1448 νος
248 1363 376 1437 ἑεοντόν
395 1371 542 1454 λωβᾶται
561 1365 676 1455 λώβην
688 1362 885 1455 ἀνήκεστον·
911 1360 1093 1454 ἀποταμὼν
1106 1363 1170 1454 γὰρ
1188 1369 1316 1438 ἑωυτοῦ

176 1469 238 1560 τὴν
266 1473 346 1560 ῥῖνα
374 1472 430 1540 καλ
450 1467 491 1538 τὰ
511 1460 578 1539 εἶτα
607 1466 750 1559 καλιὴν
778 1468 885 1558 κόμην
910 1473 1020 1548 κακῶς
1042 1478 1232 1559 περικείρας
1258 1474 1315 1541 καὶ

176 1572 386 1663 μαστιγώσας
405 1563 490 1660 ἦλθε
517 1572 607 1664 παρὰ
628 1586 784 1661 Δαρεῖον.
831 1583 976 1660 Δαρεῖος
1000 1572 1037 1641 δὲ
1059 1571 1163 1662 κάρτα
1185 1579 1382 1663 βαρέως155

176 1675 309 1768 ἤνεικε,
337 1673 422 1747 ἰστὸν
452 1673 560 1766 ἄνδρα
593 1675 820 1766 θοκιμῶτοιτον
846 1680 1097 1765 λελωβημένον,
1133 1684 1170 1746 ἐκ
1196 1705 1231 1747 τε
1255 1684 1317 1749 τοῦ

176 1780 307 1871 θρόνον
328 1777 545 1869 ἀναπηδήσας
570 1777 722 1870 ἀνέβωσέ
743 1782 857 1850 τεκαὶ
880 1778 987 1867 είρετό
1010 1807 1085 1868 μιν,
1110 1775 1201 1861 ὅστις
1223 1779 1315 1870 είηὸ

176 1976 249 2033 κατὰ
261 1979 398 2046 δαίμονα,
418 1981 488 2047 alia,
505 1998 575 2048 quae
588 1983 672 2049 attigi
683 1982 721 2034 ad
768 1983 851 2045 fene,
866 1976 992 2043 χαλεπῶς
1004 1971 1103 2046 φέρειν
1116 1979 1201 2046 (qnod
1216 1982 1314 2033 so.Ba-

177 2053 201 2120 Ι,
218 2053 277 2105 128.
290 2053 345 2117 ΙΠ,
360 2053 401 2104 77.
416 2051 475 2106 180.
770 2049 897 2115 bylouem
912 2048 1000 2099 adhuc
1017 2064 1117 2114 oapere
1134 2065 1188 2100 non
1209 2052 1314 2115 potuis-
1387 2099 1389 2103 .

771 2118 971 2241 ἓξιὲρέηὸἰίμίλία
982 2119 1115 2185 quaedam
1125 2119 1160 2170 ad
1175 2118 1228 2172 h.1.
1243 2121 1313 2172 idem

362 2224 429 2277 ΟΠ·
444 2224 538 2277 CLIV·
806 2250 909 2311 ἑαυτὸν
927 2253 1062 2324 λωβᾶται]
1080 2257 1215 2308 Herodoti
1231 2259 1315 2310 verba

212 2323 246 2379 αἱ
261 2319 461 2394 ἀγαθοεργίαι]
480 2327 585 2378 Eadem
600 2341 654 2376 vox
666 2326 721 2390 ΙΙΙ,

178 2399 242 2460 16ος
266 2398 304 2451 of.
327 2398 410 2450 etiam
427 2399 455 2461 l,
476 2397 511 2448 67
535 2397 627 2461 ibique
648 2401 719 2448 nott.

175 2472 305 2521 Formam
320 2471 490 2520 contractam
509 2463 642 2530 τιμῶνται
665 2481 721 2516 uru-

176 2545 237 2592 tare
256 2537 331 2590 uolui
352 2537 381 2588 in
395 2541 473 2589 tanta
490 2551 582 2588 eorum
600 2534 721 2587 looornm

176 2609 369 2672 multitudiue,
381 2608 429 2673 qni
439 2607 559 2669 solutas,
573 2620 642 2672 quas
652 2621 722 2658 uuas

175 2682 205 2732 in
222 2679 366 2730 Herodoto
387 2677 514 2729 ferendas
533 2692 593 2727 esse
617 2675 721 2738 volunt,

176 2751 280 2801 formas
301 2763 355 2799 uon
375 2747 518 2810 exhibent,
545 2746 594 2797 aed
612 2750 721 2797 eontra-

175 2824 254 2884 otaa,
277 2818 377 2884 quibus
394 2816 564 2868 Herodotum
581 2820 610 2867 et
632 2817 720 2882 ipsum

175 2906 253 2941 usum
264 2904 325 2941 esse
336 2885 428 2938 malim
436 2886 555 2940 eredere.
568 2885 647 2938 Cous.
657 2887 722 2938 Bre-

176 2961 239 3011 (λον,
252 2974 280 3024 p.
295 2957 356 3009 889.

182 3017 363 3093 ”’ἒφροὶζετσ]
391 3016 568 3091 φράζεσθαι,
594 3030 723 3076 monente

176 3097 320 3163 Volebam,
331 3095 409 3148 valet
420 3097 595 3157 oonaidemre,
609 3097 722 3146 αιὺααιί·

176 3180 294 3227 omere,
314 3167 445 3231 σκοπεῖν,
465 3161 645 3231 βονλεντιαῶς
661 3156 721 3214 σκέ-

176 3236 317 3300 πτεσθαι,
341 3241 372 3287 ut
386 3239 494 3286 veteres
512 3237 611 3284 notant
629 3234 722 3285 Gram-

176 3307 283 3359 matioi.
306 3307 369 3359 Vid.
383 3319 467 3371 snpra
479 3304 532 3367 ΙΙΙ,
544 3303 578 3355 57
591 3308 619 3355 et
629 3305 664 3366 V,
676 3303 721 3355 92.

177 3382 201 3444 §-
212 3379 230 3428 2
243 3377 337 3441 ibique
346 3380 417 3427 nott.
441 3374 522 3438 Quod
536 3373 627 3438 politia
637 3375 722 3425 usita-

176 3454 250 3512 tum,
269 3445 306 3497 ad
317 3446 426 3497 louioos
447 3443 510 3495 dein
527 3442 639 3494 tranaiit
655 3442 722 3494 sori-

175 3523 287 3585 ptores‚
308 3531 364 3567 non
382 3516 448 3567 item
466 3513 502 3564 ed
518 3512 638 3577 reliquos
652 3512 724 3564 solu-

177 3594 223 3639 tae
236 3586 371 3638 oratiouia
381 3586 539 3650 scriptores.
557 3583 590 3633 In
600 3584 723 3648 proxime

177 3673 253 3724 seqq.
281 3671 331 3722 pro
355 3644 537 3720 ὑποχειρίην,
565 3653 638 3719 quod
661 3668 723 3704 enm

177 3727 303 3780 omnibus
318 3729 435 3777 reeeutt.
453 3723 513 3777 eid.
530 3723 646 3787 retinui,
662 3722 724 3773 Flo·

176 3797 302 3849 rentinus
322 3785 501 3860 αὐτοχειρίῃ,
529 3793 601 3857 quod
622 3791 724 3843 Aldina

176 3880 286 3934 quoqne
301 3864 426 3929 exhibet,
441 3862 583 3914 Medieeus
599 3851 723 3925 αὐτοχει-

178 3936 266 4003 ρίην,
294 3939 421 3988 neutrum
446 3936 540 3993 reete,
568 3935 599 3982 ut
623 3930 724 3982 «ludum

177 4005 302 4060 ostendit
323 4004 487 4071 Wesseling.
504 4002 623 4056 Disaert.
638 4001 724 4052 Hero·

179 4077 300 4129 ‹lotlx⁴
333 4074 416 4128 .103.
451 4073 589 4126 Adverba
605 4063 632 4121 εί
646 4059 726 4119 δ’-

180 4136 302 4211 αὖτομολ
325 4157 382 4195 oete
404 4145 438 4196 ob
460 4158 539 4195 usum
556 4140 672 4195 voculae
694 4133 725 4190 ol

179 4215 217 4269 ef.
234 4216 377 4281 Hartung:
404 4213 493 4266 Lehre
515 4213 542 4264 d.
558 4212 666 4264 Partilr.
687 4212 724 4263 H.

179 4285 315 4352 pag.405.
339 4285 456 4337 Loontio
468 4273 499 4334 iv
510 4273 623 4351 ἐλαφρῷ
637 4283 725 4332 ποιεί-

181 4354 265 4417 σθαι,
279 4370 361 4421 quam
371 4370 455 4421 supra
467 4356 491 4419 I,
505 4354 553 4406 118
561 4354 726 4417 invenimus,

771 2330 875 2382 excitat
886 2330 1001 2381 Nonnus
1012 2327 1040 2377 in
1050 2327 1162 2403 Gregor.
1173 2327 1264 2379 Stelit.
1276 2328 1314 2380 11.

771 2415 798 2464 p.
814 2398 871 2451 161.
899 2397 942 2448 Ad
959 2413 1054 2449 vocem
1067 2390 1223 2463 ανήιιεστον
1234 2394 1315 2465 (inea—

771 2465 874 2535 nabilie)
880 2467 970 2533 pobtis
979 2482 1109 2533 perquam
1117 2468 1249 2519 usitatam
1258 2468 1316 2534 plu·

771 2540 839 2590 rima
858 2537 970 2603 collegit
992 2552 1041 2589 neo
1063 2536 1115 2589 hoe
1136 2536 1198 2590 looo
1215 2538 1315 2591 omisso

771 2608 870 2662 Bloml.
882 2608 918 2658 ad
927 2607 1025 2658 Aeaoh,
1040 2606 1161 2673 Oboepb.
1173 2608 1313 2661 illosavs.

771 2678 833 2730 509.
851 2678 913 2731 vid.
923 2677 1007 2727 etiam
1014 2675 1146 2728 Herodot.
1157 2678 1204 2740 VI,
1216 2679 1258 2728 12.
1275 2681 1315 2729 Ao

770 2748 850 2816 plura
858 2747 1037 2811 comprobant
1045 2748 1317 2809 testimonia‚aBris·

772 2834 833 2871 son.
844 2818 887 2868 De
900 2817 1039 2882 rog.Pers.
1051 2816 1136 2880 prino.
1150 2816 1188 2879 11,
1197 2816 1249 2868 223
1260 2815 1315 2867 eol·

771 2889 859 2950 loeta,
884 2886 1004 2948 aurium,
1031 2886 1150 2947 narium,
1177 2901 1314 2949 mannitur,

772 2959 871 3026 pedum
893 2955 1095 3023 amputationes
1122 2956 1196 3020 apud
1215 2956 1315 3008 Persas

771 3029 846 3081 hand
854 3028 1002 3078 inusitatas
1012 3025 1107 3077 tuisse.
1124 3024 1166 3076 Ad
1177 3025 1248 3076 haue
1258 3041 1316 3077 oor·

772 3100 846 3168 poris
866 3096 1079 3159 mutilationem,
1101 3096 1216 3161 quaein
1234 3096 1316 3148 dede-

772 3185 835 3223 core
847 3172 904 3229 est,
920 3166 1054 3218 secedunt
1065 3181 1160 3216 comae
1172 3164 1243 3216 male
1257 3170 1316 3217 ton·

772 3256 820 3291 sae
848 3229 911 3304 (τὴν
933 3227 1024 3301 κόμην
1051 3232 1167 3292 κακῶς
1194 3234 1315 3300 περικεί-

773 3309 853 3379 ρας),
870 3307 944 3373 quod
955 3310 983 3356 et
994 3305 1084 3371 ipsum
1095 3304 1235 3357 dedecoris
1247 3304 1316 3356 indi·

773 3381 846 3431 oium
864 3381 915 3429 ost.
951 3375 1097 3428 Caeterum
1119 3375 1148 3424 iu
1166 3374 1316 3427 Abulsedae

772 3448 917 3512 Excerptis
943 3446 1074 3511 (Speeim.
1099 3444 1195 3496 histor.
1215 3445 1316 3495 Arabb.

774 3520 816 3571 ed.
827 3516 946 3569 Poooolr.
960 3532 988 3581 p.
997 3514 1060 3579 500)
1074 3514 1171 3566 similla
1181 3514 1314 3580 quaedam

773 3588 889 3641 historia
898 3591 1025 3637 narratur
1035 3585 1068 3636 tle
1078 3600 1168 3645 seruo,
1180 3585 1259 3635 ouius
1268 3600 1316 3634 na-

773 3676 832 3713 sum
843 3658 925 3708 Amru
935 3672 968 3708 ex
976 3661 1058 3722 paeto
1071 3654 1206 3717 abscidit,
1220 3659 1252 3705 ut
1264 3653 1316 3704 hoe

774 3731 854 3781 modo
868 3728 1056 3780 adversarium
1069 3723 1188 3776 falleret.

963 3898 1029 3950 Car.
1048 3897 1126 3950 CLV.

809 3993 943 4069 ἀνέβωσε]
968 4001 1010 4053 Ob
1029 4001 1143 4053 formam
1158 3998 1233 4050 eonf.
1253 4001 1282 4063 1,
1300 4000 1318 4051 8

776 4074 842 4138 ibiq.
866 4077 935 4123 nott.
969 4074 1033 4122 Mox
1057 4087 1106 4137 pro
1129 4059 1317 4134 ἀναπηδήσας

777 4143 830 4194 duo
848 4142 910 4193 libri
927 4156 988 4192 oum
1004 4140 1131 4193 Eustath.
1151 4139 1186 4190 ad
1205 4140 1317 4190 Homer.

777 4230 803 4279 p.
817 4213 928 4274 288,15
946 4229 968 4262 s.
981 4212 1046 4273 218,
1064 4213 1092 4263 11
1114 4200 1260 4275 πηδήσας,
1273 4224 1318 4259 eu-

778 4284 821 4334 iua
836 4280 897 4333 loco
908 4281 995 4333 Cobet
1006 4280 1061 4346 legi
1076 4281 1136 4331 vult
1151 4268 1318 4347 ἀποπηδή-

779 4365 844 4418 σας,
858 4352 931 4418 quod
942 4352 1008 4402 mihi
1019 4352 1055 4402 ab
1067 4351 1118 4401 hoe
1126 4350 1188 4401 loeo
1200 4349 1317 4400 alienum

179 4430 312 4477 mouente
337 4424 487 4490 Vahlen,
517 4428 596 4476 notat
626 4426 729 4476 moleste
778 4422 900 4486 videtur,
919 4422 964 4474 oui
983 4421 1078 4474 melius
1097 4420 1227 4472 convenit
1249 4406 1317 4465 αἰνα-
