3042 5125
723 154 731 189 l

443 397 770 463 MELPOMENE.
787 401 844 467 IV.
866 411 997 476 iossvu
1227 407 1287 471 451

150 589 351 674 δαιμονίων·
371 586 517 658 τούτοισι
534 590 571 660 dl
583 589 669 659 εἶναι
682 591 837 680 μούνοισι
851 592 1034 684 σωφρόνως
1051 600 1173 670 δοῦναί
1182 628 1217 670 τε
1232 604 1289 671 καλ

149 692 309 772 δέξασθαι
323 689 433 779 λόγον.
472 690 562 762 Ἀλλ’
577 683 673 773 οὗτος
688 696 751 783 μέν
764 693 782 765 ὁ
796 697 893 786 λόγος
906 696 1014 781 ἄλλως
1029 703 1207 775 πέπαισται
1222 700 1285 774 ὑπ’

97 788 269 873 madum
286 790 467 884 Ἑλλήνων·
498 790 566 865 dd’
582 786 630 865 ὦν
642 793 728 888 ἀνὴρ
737 852 747 885 ,
763 797 874 891 ὥσπερ
888 802 1052 894 πρότερον
1068 809 1201 897 εἰρέθη,
1217 813 1284 879 (λιε-

146 895 273 987 philpp.
316 889 423 979 Οὗτος
442 901 504 989 μέν
518 927 584 969 ννν
597 896 685 970 οὕτω
707 901 748 992 δή
768 931 800 975 τι
822 910 942 997 ἔπρηξε
963 906 1019 977 διὰ
1038 909 1165 992 ξεινικά
1178 939 1215 982 τε
1227 910 1283 982 νό-

144 1028 228 1088 μαια
242 1002 298 1070 καὶ
307 997 499 1092 Ἑλληνικὰς
512 998 650 1092 ὁμιλίας.
1239 1044 1244 1052 ·

247 1112 409 1175 Πολλοῖσι
429 1105 466 1174 δὲ
485 1105 600 1197 κάρτα
611 1115 697 1178 έτεσι
714 1105 857 1200 ὕστερον
869 1110 1004 1202 Σκύλης
1020 1108 1038 1182 ὁ
1055 1110 1330 1207 Ἀριαπείθεοςλθ

143 1214 253 1277 ἔπαθε
273 1208 487 1299 παραπλήσια
506 1209 624 1304 τούτῳ.
664 1208 872 1301 Ἀριαπείθεϊ
888 1212 954 1304 γὰρ
973 1221 1021 1309 τῷ
1034 1222 1204 1291 Σκυθέων
1222 1230 1283 1311 βα-

135 1314 233 1395 σιλέι·
243 1319 372 1400 γίνεται
384 1309 459 1403 μετ’
474 1310 587 1384 ἄλλων
607 1321 741 1385 παίδων
753 1316 903 1408 Σκύλης·
935 1323 968 1403 ἐξ
979 1314 1158 1414 Ἰστριηνῆς
1174 1325 1211 1395 dl
1223 1355 1283 1415 γν-

146 1476 214 1529 1838
232 1478 358 1543 (Jahrbb.
377 1480 398 1532 f.
421 1480 555 1549 Philolog.
578 1499 605 1533 u.
624 1482 692 1533 Pae·
741 1487 826 1536 animi
851 1502 935 1538 causa
963 1488 1028 1553 quid
1050 1490 1184 1556 produnt,
1209 1496 1283 1546 recte

142 1547 208 1613 dag.
229 1548 325 1615 Suppl.
344 1551 405 1602 Vol.
428 1552 478 1603 VI.
498 1568 562 1619 pag.
584 1551 630 1617 48)
649 1554 691 1602 sic
740 1572 851 1608 monere
870 1557 978 1609 videtur
1000 1559 1161 1627 Weaseling.
1186 1562 1285 1629 Itaque

142 1617 263 1684 intelligi
281 1619 353 1683 vult,
375 1625 406 1672 ut
420 1620 587 1674 Anacharsis
600 1626 691 1672 caete·
740 1620 892 1676 πέπαισται
904 1627 978 1678 haud
999 1629 1058 1680 scio
1075 1645 1111 1679 an
1125 1631 1165 1681 ita
1181 1631 1285 1684 dictum

142 1702 190 1737 ros
209 1703 303 1740 omnes
315 1689 435 1741 Graecos
454 1692 573 1757 negotiis
593 1692 635 1741 ita
650 1692 690 1742 di·
741 1696 793 1755 sit,
818 1701 850 1747 ut
866 1697 939 1761 apud
955 1695 1096 1750 Plutarch.
1117 1699 1215 1752 Pericl.
1235 1705 1282 1754 24:

140 1758 256 1808 strictos
277 1758 457 1824 existimarit,
482 1767 513 1810 ut
535 1759 638 1812 nullum
655 1761 690 1811 iis
740 1760 789 1814 καλ
805 1757 874 1830 μετὰ
889 1764 1008 1824 παιδιᾶς
1024 1759 1058 1817 τὰ
1075 1766 1171 1833 πρῶτα
1187 1764 1284 1835 γέρρα·

142 1829 330 1893 sustollam,
352 1846 405 1896 quo
419 1830 452 1881 de
466 1831 637 1896 gravissimis
650 1845 691 1881 re·
740 1850 818 1885 πται.
839 1834 918 1887 Conf.
932 1836 1019 1902 Toup.
1033 1836 1068 1887 ad
1079 1838 1195 1904 Longin.
1208 1841 1282 1901 XIV,
1367 1833 1374 1843 ⁴

141 1898 194 1947 bus
217 1898 340 1965 cogitare
367 1906 395 1951 et
415 1902 536 1965 cogitata
560 1900 633 1951 inter
659 1915 690 1950 ss
740 1907 766 1956 2.
777 1921 804 1970 p.
814 1904 875 1955 315.
888 1905 992 1956 Weisk·
1007 1907 1184 1958 —Voculam
1195 1897 1284 1968 ἄλλως

141 1970 344 2021 communicare
356 1975 484 2035 possent:
505 1969 689 2022 Lacedaemo·
738 1966 1058 2040 interpretanturpoqus.
1069 1977 1283 2030 VidRuhnken.

140 2038 204 2087 nios
216 2037 353 2104 singulari
365 2039 493 2091 fortunae
509 2038 640 2091 beneficio
652 2039 688 2090 ab
738 2045 774 2094 ad
787 2045 857 2095 Tim.
874 2044 907 2095 L.
924 2044 966 2096 Pl.
984 2059 1048 2109 pag.
1063 2045 1120 2099 199.
1144 2047 1186 2097 Ad
1199 2049 1283 2099 verba

141 2108 218 2157 <anni
244 2109 334 2160 vietus
359 2125 425 2160 cura
443 2110 575 2162 immunes
592 2110 628 2161 iis
646 2125 690 2160 re·
738 2101 832 2177 ὥσπερ
842 2104 980 2180 πρότερον
990 2106 1090 2181 εἰρέθη
1100 2116 1172 2168 conf.
1180 2118 1282 2170 Herod.

139 2177 195 2228 bus
205 2181 312 2244 tempus
325 2183 354 2229 et
363 2178 482 2231 studium
492 2183 572 2231 unice
585 2181 690 2245 impeu·
736 2184 789 2247 lV,
807 2183 866 2235 156.

140 2247 217 2300 dere.
247 2249 285 2298 At
297 2264 362 2300 vero
383 2247 439 2299 tale
463 2251 529 2315 quid
552 2250 689 2301 dicentem
774 2240 845 2304 οὕτω
862 2242 899 2319 δή
909 2243 1057 2319 τιέπρηξε]
1065 2269 1099 2317 τι,
1107 2254 1177 2320 quod
1188 2269 1206 2303 a
1217 2269 1282 2305 non·

139 2316 299 2369 Herodotus
312 2334 366 2369 uon
377 2319 686 2372 iacitAuacharsidern:
738 2323 822 2376 nullis
843 2324 922 2374 abest
938 2320 1030 2387 libris,
1048 2340 1108 2374 cum
1121 2323 1282 2391 Schweigh„

138 2402 192 2437 nec
207 2389 294 2454 magis
307 2389 406 2454 probo,
423 2390 496 2455 quod
508 2390 690 2441 Wialremaun
740 2393 828 2447 Gaisf.
842 2399 870 2445 et
881 2396 995 2443 receuti.
1008 2392 1068 2445 edd.
1084 2395 1214 2447 revocavi
1226 2410 1283 2445 mo-

139 2457 196 2523 (De
213 2458 493 2510 Lacedaemoniorum
513 2458 688 2525 philosophia
738 2464 799 2514 nitu
812 2462 952 2516 Sohaeferi
967 2462 1003 2513 ad
1017 2462 1129 2529 Gregor.
1141 2463 1205 2517 Cor.
1217 2480 1253 2529 pa
1274 2505 1281 2519 .

139 2532 169 2579 et
185 2527 366 2594 philosophis.
383 2528 597 2582 Hersield1840.
615 2545 642 2596 p.
659 2529 687 2594 4)
738 2533 799 2586 499.
820 2533 919 2585 Omisit
926 2532 1069 2586 Matthiae.
1083 2561 1114 2572 -
1127 2534 1169 2585 Ad
1178 2479 1283 2600 ἔπρηξε

138 2596 277 2649 Herodoti
292 2598 378 2650 verba
394 2599 435 2651 sic
447 2598 591 2666 intelligit,
604 2604 634 2650 ut
646 2616 689 2651 re·
738 2604 811 2656 conf.
825 2604 884 2666 111,
896 2604 929 2653 25
942 2602 1009 2668 ibiq.
1025 2608 1093 2654 nott.
1107 2604 1185 2654 etad
1199 2600 1283 2665 ξεινι-

138 2667 210 2733 liqui
229 2668 328 2720 Graeci
345 2670 464 2736 negotiis
487 2670 607 2721 districti
626 2685 689 2735 ope·
738 2667 775 2723 καὶ
789 2664 893 2738 νόμαια
907 2672 961 2735 Ν,
972 2673 1015 2724 76.

138 2753 199 2788 ram
218 2735 253 2803 τῇ
272 2737 359 2806 σοφίη
378 2740 444 2791 dare
463 2755 518 2790 nou
533 2739 688 2806 potuerint:
827 2780 829 2783 ⁴

140 2823 217 2874 „quo
231 2808 307 2859 iacto
324 2807 399 2874 (sunt
416 2809 500 2860 verba
516 2809 547 2862 C.
562 2811 608 2860 Fr.
619 2810 689 2860 Her·
897 2842 952 2894 Off
977 2841 1120 2894 LXXVIII

139 2879 236 2928 manni
253 2878 365 2945 Antiqq.
382 2879 504 2932 Lacona.
523 2896 551 2945 p.
565 2879 610 2943 99)
634 2895 689 2930 non
954 2879 960 2893 '
1122 2879 1129 2894 ⁸

139 2953 305 3013 appareret,
325 2964 374 2999 cur
392 2946 489 2999 πᾶσαν
505 2948 611 3013 σοφίην
623 2950 690 3000 scri·
775 2941 898 3012 Σιιύλης]
915 2946 1010 2999 Monet
1025 2947 1068 2997 vir
1082 2945 1178 2997 doctus
1191 2946 1220 2997 iu
1231 2947 1284 2999 Re-

140 3023 204 3084 ptor
223 3017 352 3079 dixisset3
375 3034 472 3071 sensus
489 3024 546 3070 est:
569 3020 689 3071 Graecos
739 3031 866 3083 marques
882 3031 928 3066 sur
943 3032 980 3067 uu
999 3031 1119 3082 ouvrage
1137 3020 1189 3067 stc.
1215 3016 1283 3083 [vid.

140 3103 237 3140 omnes
259 3093 368 3154 praeter
379 3089 612 3141 Lacedaemonios
628 3093 688 3139 tan·
739 3089 855 3138 Excurs.
868 3086 903 3137 ad
912 3087 961 3149 lv,
977 3083 1019 3151 18]
1034 3085 1102 3152 pos
1112 3101 1145 3136 ex
1159 3087 1202 3150 iis,
1214 3102 1283 3153 quae

141 3163 198 3209 tum
207 3158 460 3224 operaainsingula
469 3157 581 3223 σοφίας,
588 3159 639 3209 hoc
646 3162 688 3210 eet
739 3162 767 3210 et
780 3157 807 3207 h.
823 3156 841 3206 l.
855 3160 883 3207 et
903 3153 970 3206 alibi
988 3170 1037 3220 per
1053 3154 1124 3207 huuc
1140 3155 1238 3207 librum
1251 3158 1284 3210 de

140 3228 319 3279 artificiorum
337 3244 437 3294 genera
450 3230 588 3292 conferre,
607 3233 639 3279 ut
651 3229 687 3290 ei,
739 3226 902 3291 Scytharum
917 3231 1063 3276 narrantur
1073 3226 1196 3292 regibus,
1214 3230 1284 3278 satis
1347 3267 1353 3276 .

141 3298 214 3363 quod
230 3313 363 3350 summum
381 3300 418 3349 sit
433 3299 463 3349 iu
481 3299 632 3364 sapientia,
649 3296 688 3364 τῷ
738 3302 843 3363 patere,
857 3295 957 3346 nullam
966 3311 1077 3361 prorsus
1086 3296 1181 3348 horum
1192 3313 1284 3363 regum

140 3359 225 3430 λόγον
238 3365 355 3433 δοῦναι,
368 3383 468 3420 vacare
482 3368 650 3434 nequeant.“
738 3369 768 3417 iu
778 3365 886 3417 Olbiam
900 3365 985 3417 fuisse
994 3365 1187 3418 auctoritatem
1200 3372 1283 3433 atquc

176 3428 268 3496 ἄλλως
286 3432 451 3505 πέπαισται]
473 3437 624 3505 Schweigh.
647 3438 688 3488 in·
738 3436 888 3501 imperium.
899 3464 933 3472 -
947 3436 995 3486 Cr.
1010 3436 1045 3486 ad
1057 3435 1084 3487 h.
1096 3435 1115 3487 l.
1127 3438 1283 3488 citstRam-

141 3512 324 3574 terpretaturr
337 3509 464 3572 „Terram
474 3511 616 3574 periodum
627 3525 690 3559 nar-
736 3505 816 3557 bach.
831 3506 872 3555 De
883 3505 978 3555 Mileto
991 3506 1104 3571 eiusque
1118 3506 1205 3557 colon.
1219 3521 1282 3571 pag.

141 3580 248 3629 raucr.“
275 3579 398 3644 Namque
415 3571 567 3629 πέπαισται
587 3591 687 3627 nunes
736 3576 771 3627 56
784 3575 876 3640 ibique
890 3574 995 3625 laudat.
1009 3575 1108 3638 Bayer.
1125 3575 1153 3624 in
1165 3575 1282 3640 Opueco.

141 3647 281 3699 Sanorofti
297 3647 366 3699 libro
379 3648 494 3714 ahisque
510 3647 626 3709 editum,
641 3660 687 3697 ao·
737 3660 802 3711 pag.
823 3644 872 3696 185
893 3648 920 3697 st
941 3643 1028 3695 Choix
1046 3644 1080 3695 de
1096 3644 1239 3695 Medailles
1257 3645 1282 3694 d'

141 3716 256 3768 cedente
265 3716 346 3769 Valla
361 3717 521 3769 etEustath.
533 3717 568 3767 ad
574 3714 688 3766 Homeri
738 3712 893 3779 Olbiopolis
905 3715 941 3765 du
951 3713 1046 3764 Comte
1060 3712 1094 3763 do
1106 3713 1282 3779 Blaremberg

141 3786 241 3853 Odyss.
265 3803 328 3854 pag.
347 3787 428 3848 1594,
448 3789 482 3838 47
504 3802 526 3838 s.
540 3785 605 3846 306,
624 3785 642 3838 6
659 3789 687 3836 et
737 3785 827 3852 (Puris
841 3783 919 3849 1822)
929 3798 993 3848 pag.
1007 3782 1039 3835 13
1055 3797 1111 3848 seq.

142 3861 237 3908 tuente
256 3855 423 3922 Wesseling.
440 3856 469 3905 in
488 3856 565 3907 Diss.
583 3855 684 3907 Herod.
773 3844 801 3914 έξ
821 3844 987 3918 Ἰστριηνῆς]
1016 3851 1104 3912 Urbs,
1130 3867 1147 3902 a
1171 3852 1283 3904 meridie

141 3942 206 3993 pag.
219 3929 268 3990 11,
285 3927 333 3977 ubi
350 3925 377 3975 h.
397 3925 415 3977 l.
436 3925 476 3976 sic
495 3926 597 3977 reddit:
618 3942 687 3991 „per
735 3923 803 3975 Istri
816 3922 871 3974 sita
888 3922 1017 3973 trecentis
1036 3920 1135 4001 stadiis
1149 3938 1166 3971 a
1178 3923 1282 3986 Tomis,

142 3998 225 4048 Iadica
244 4000 374 4062 ἰοοανιραι
398 4003 527 4047 παντοίων
545 4011 562 4045 α
580 3997 686 4047 Graecis
737 3995 773 4046 ab
789 3991 930 4045 Herodoto
952 3993 1067 4041 vocatur
1089 3988 1183 4057 Ιστρίη
1203 3992 1282 4045 Mile·

139 4067 217 4130 fuit.“
252 4066 286 4116 In
309 4065 469 4116 Florentino
492 4064 609 4131 aliisque
642 4080 687 4116 ex·
737 4066 894 4128 riorumque
912 4059 1020 4112 colonia
1038 4059 1083 4125 11,
1101 4058 1135 4113 33
1153 4058 1211 4127 [ubi
1227 4062 1282 4112 vid.

142 4141 198 4187 stat
210 4129 382 4198 πέπλασται,
403 4135 474 4200 quod
492 4138 583 4186 tuetur
597 4136 686 4200 Toup.
740 4131 835 4200 nott.]‚
849 4133 883 4183 ab
891 4132 1007 4183 Arriano
1015 4129 1128 4195 (Peripl.
1140 4132 1164 4193 §-
1177 4133 1209 4183 24
1219 4129 1282 4183 οοΙΙ.

142 4205 275 4258 Emendd.
288 4205 318 4255 in
330 4203 406 4256 Suid.
419 4206 457 4256 11.
469 4221 496 4269 p.
511 4203 563 4256 498
574 4206 615 4255 sic
629 4220 689 4255 ver·
739 4208 765 4268 §-
778 4204 823 4268 20)
836 4193 948 4266 Ἰστρία,
960 4201 1040 4253 cuius
1051 4201 1126 4252 cives
1135 4193 1284 4269 Ἰστριανολ

143 4279 216 4326 tens:
236 4291 322 4327 οτνιιπι
339 4276 527 4327 honoratoris
547 4283 586 4327 est
598 4290 689 4339 ρατννι
741 4273 815 4339 apud
835 4272 949 4324 Diodor.
975 4271 1032 4349 Siq.
1051 4272 1133 4335 xlx,
1153 4270 1283 4324 74111.

140 4357 222 4407 patron
242 4346 398 4397 θταοοονινν
413 4348 566 4410 fipmenemn,
592 4358 690 4409 appro-
741 4343 915 4408 StephByz.
933 4358 955 4392 s.
974 4356 1000 4391 v.
1021 4340 1126 4401 Ιστρος.
1144 4340 1234 4391 Plinio
1247 4339 1283 4390 Η.

45 4438 46 4447 .
142 4413 690 4479 banteLarchero,undereeepitNegris.
740 4416 775 4464 N.
796 4413 851 4474 1v‚
878 4412 907 4462 ll
928 4406 985 4475 (18)
1003 4412 1045 4459 est
1065 4410 1209 4474 Istropolis.
1226 4407 1284 4491 Oi.

141 4483 178 4536 At
189 4482 302 4546 παίζειν
313 4484 347 4536 de
357 4484 393 4537 iis
405 4483 470 4549 dici,
481 4483 530 4550 qui
539 4499 588 4548 per
599 4485 690 4535 iocum
740 4482 877 4534 Mannert.
888 4479 953 4532 vll.
966 4495 994 4546 p.
1005 4479 1055 4529 125
1069 4493 1125 4544 seq.
1136 4483 1165 4529 et
1175 4481 1286 4543 potissi·

1010 4558 1079 4624 29*
