3042 5125
515 1470 851 1565 ‚EXOURSUS
879 1475 900 1549 I

426 1692 501 1758 nn
533 1692 829 1763 rinnooo'r.
858 1694 925 1777 111,
950 1699 999 1761 ns.

653 1986 781 1999 —-

604 2215 657 2270 De
688 2214 825 2284 Apide.
904 2249 906 2254 ·

318 2339 368 2407 [Ex
382 2342 538 2396 Creuzeri
551 2344 727 2398 Comrnoutatt.
745 2344 877 2394 Herodoti.
893 2358 953 2410 pag.
969 2343 1018 2395 132
1033 2341 1132 2409 seqq.]·
1153 2386 1156 2391 .

236 2500 343 2567 „Nemo
365 2501 467 2569 nescit,
490 2507 661 2575 quantopere
677 2503 705 2554 in
722 2502 811 2571 notis,
831 2502 933 2573 quibus
948 2501 1015 2573 Apis
1031 2518 1047 2553 a
1061 2500 1176 2573 reliquis
1192 2502 1284 2556 bubus

148 2586 376 2656 dignosceretur,
399 2588 561 2640 enarrandis
577 2589 736 2659 discrepent
747 2589 821 2640 inter
836 2606 867 2640 se
885 2587 1051 2657 scriptores,
1071 2604 1186 2656 quorum
1205 2589 1285 2658 plura

147 2669 305 2722 testimonia
317 2673 459 2739 congessit
475 2672 649 2725 iablonskius
665 2673 693 2725 in
709 2672 809 2724 Panth.
825 2671 873 2724 IV.
888 2690 915 2742 p.
933 2674 982 2725 182
998 2690 1077 2741 seqq.
1108 2672 1178 2725 Illud
1194 2680 1283 2725 renen

147 2754 285 2823 agendum
300 2755 426 2822 videtur,
443 2764 473 2808 ut
488 2757 690 2826 distinguamus
705 2756 848 2828 primarias
864 2756 937 2808 inter
952 2761 1032 2808 notas
1049 2763 1076 2808 et
1094 2757 1282 2809 secundariae.

149 2839 190 2890 Ad
207 2839 268 2892 illas
284 2848 372 2893 autem
387 2842 527 2910 pertinere
542 2843 618 2894 dicas
633 2843 741 2910 nigrum
757 2841 875 2894 colorem
893 2841 1026 2894 variatum
1046 2840 1117 2893 albo.
1145 2842 1284 2911 Loquitur

148 2924 248 2975 Strabo
265 2924 357 2991 XVII,
377 2929 438 2978 808.
461 2945 488 2996 p.
511 2931 562 2980 562
577 2927 677 2979 Tzsch.
698 2929 768 2979 hanc
788 2926 873 2997 ipsam
897 2944 953 2979 rem
973 2943 1199 2994 commemorans3
1219 2944 1285 2979 cou-

148 3008 225 3075 grnit
238 3008 419 3078 Plutarchus,
436 3014 483 3081 qui
499 3012 532 3065 de
549 3012 622 3064 iside
635 3021 663 3064 et
675 3011 788 3065 Osiride
803 3030 831 3081 p.
848 3014 909 3066 368.
925 3003 1017 3081 1350ss
1032 3012 1059 3063 in
1076 3011 1149 3064 hunc
1164 3012 1284 3064 niodum:

148 3087 202 3146 Διὸ
218 3091 266 3146 καὶ
280 3099 338 3155 τοῖς
349 3096 398 3163 τῆς
411 3086 527 3166 σελήνης
541 3092 676 3168 σχήμασιν
690 3094 764 3151 ἔοικε
784 3091 872 3150 πολλὰ
890 3098 941 3150 τοῦ
948 3089 1073 3168 Ἄπιδος,
1095 3101 1285 3166 περιμελαινο-

148 3173 232 3247 μένου
246 3171 281 3231 roi
296 3174 405 3248 λαμπροὶ
419 3187 477 3244 τοῖς
487 3188 606 3251 σκιεροῖς
612 3179 650 3250 ¹i).
681 3182 810 3253 inprimis
824 3182 944 3235 tenenda
961 3187 1027 3234 sunt
1044 3181 1110 3234 haec
1124 3181 1230 3235 Aeliani
1245 3182 1283 3234 H.

150 3262 182 3315 Α.
199 3262 253 3329 xi,
271 3266 313 3316 10.
329 3282 357 3333 p.
372 3267 425 3319 350
440 3266 585 3336 Schneid.‚
606 3267 653 3337 qni
675 3275 855 3338 posteaquam
869 3266 1039 3320 Herodotum
1054 3272 1082 3319 et
1096 3266 1284 3335 Aristagoran

149 3346 218 3399 dixit
232 3347 282 3400 trac
299 3348 326 3400 in
344 3367 374 3402 re
392 3368 446 3403 non
470 3369 668 3422 usquequaque
690 3355 824 3423 probasse
847 3369 924 3405 suain
945 3351 1112 3420 diligentiam
1128 3351 1282 3421 Aegyptiis,

149 3432 216 3485 haec
237 3433 349 3504 carptim
368 3436 496 3489 subiicit:
519 3435 576 3491 Καὶ
597 3431 705 3507 γάρτοι
720 3434 769 3491 κοιλ
783 3431 835 3507 τὴν
850 3429 955 3491 ἄνοδον
965 3431 1018 3505 την
1030 3438 1080 3490 τοῦ
1096 3438 1200 3489 Νείλοο
1214 3430 1284 3490 ὑπο·

150 3519 256 3586 δηλοῦν
269 3514 383 3587 σημεῖόν
398 3531 468 3588 oon
484 3517 709 3591 (Αἰνύτττιοι)**)
724 3520 772 3576 καὶ
788 3517 885 3575 τὸτοῦ
901 3522 1006 3591 κοσμοσλ
1019 3522 1123 3590 σχῆμα,
1139 3513 1200 3575 ἄλλ’
1216 3513 1282 3589 ὄψει

149 3621 176 3656 τι
190 3601 238 3656 uui
255 3598 405 3675 σύμβολον,
420 3602 458 3668 οἱς
471 3601 572 3661 ἐκεῖνον
587 3605 728 3677 λέγουσιν,
741 3597 810 3670 ὅπερ
822 3595 874 3661 οὖν
884 3604 1031 3659 αἰνίττεται
1044 3607 1094 3658 τοῦ
1105 3600 1199 3673 φωτὸς
1211 3601 1283 3658 εἶναι

148 3681 180 3741 τὸ
196 3682 294 3751 σκότος
307 3685 572 3765 πρεσβύτερον***),
590 3691 638 3746 κοιλ
652 3687 683 3746 τὸ
694 3687 838 3761 μηνοειδὲς
851 3692 901 3760 τῆς
912 3685 1027 3760 σελήνης
1037 3696 1188 3759 κατηγορεῖ
1194 3690 1284 3760 σχῆμα

219 3887 246 3951 ²¹)
267 3890 346 3953 „Hoc
366 3893 455 3957 ipsum
473 3892 509 3943 ad
527 3892 620 3945 ocnios
638 3893 784 3959 exponitur
802 3892 830 3942 in
841 3890 937 3943 tabula
949 3892 1056 3954 Isiaco,
1073 3890 1120 3942 nbi
1133 3890 1245 3957 nigredo
1255 3896 1283 3943 et

150 3957 248 4010 albedo
267 3961 338 4010 inter
353 3976 383 4011 se
400 3962 512 4013 radant
529 3965 557 4013 in
572 3978 685 4028 corpore
697 3963 803 4028 Apidis.
828 3961 890 4014 Vid.
905 3960 1017 4028 figuram
1031 3961 1191 4027 insignitam
1203 3960 1284 4013 litertt

148 4028 181 4082 R.
198 4029 293 4094 Neque
306 4027 389 4083 lanae
402 4032 566 4097 significatio
579 4033 656 4085 deest
670 4032 698 4082 in
712 4048 744 4083 eo
756 4031 856 4084 bove.“
1315 4027 1320 4035 ’

218 4117 262 4182 **)
279 4109 474 4183 „noanon
488 4119 547 4169 sive
558 4118 700 4171 felicitatis
714 4121 793 4181 anni,
813 4121 862 4173 abs
874 4121 927 4187 Api
937 4127 1047 4187 captum
1064 4119 1208 4186 angurium
1221 4135 1283 4186 pro·

148 4186 190 4238 art
196 4187 352 4240 Scholiasta
364 4187 482 4238 Lucinni
495 4188 529 4239 de
538 4188 662 4239 Sacrifie.
676 4189 728 4250 111,
739 4189 841 4257 79Bip.
856 4192 943 4253 Qnarn
954 4207 1010 4242 rem
1025 4207 1085 4242 cnm
1096 4189 1156 4242 Nili
1167 4205 1283 4241 ascensu

148 4272 193 4323 sp.
208 4257 351 4309 Aelianum
367 4256 394 4311 h.
411 4255 431 4307 l.
454 4258 593 4323 componit
605 4258 827 4311 Hemsterhnsius
845 4260 880 4310 nd
897 4260 972 4311 illum
987 4276 1049 4326 pag.
1064 4262 1124 4312 427.
1155 4260 1198 4312 De
1216 4260 1283 4311 sori·

147 4332 256 4448 ptogrpm
268 4326 457 4449 ἂξοοᾷἕηιοολὶο
469 4327 498 4378 in
508 4327 582 4378 notis
594 4326 690 4393 Apidis
703 4325 879 4394 designandis
892 4336 983 4382 monet
991 4329 1107 4383 Wossei.
1121 4330 1157 4380 ad
1167 4328 1282 4381 Diodor.

169 4434 176 4457 ‚
225 4412 307 4463 nus·
357 4400 373 4448 ·‘

215 4481 277 4551 ***)
294 4483 454 4549 „Tenebras
469 4487 534 4536 ante
544 4483 632 4537 lucem
645 4488 807 4552 noctemque
820 4491 933 4538 matrem
945 4501 1034 4538 rernm
1050 4486 1168 4536 omnium
1185 4501 1217 4536 ex
1231 4487 1282 4536 Ae·
