3042 5125
434 407 760 472 MELPOMENE.
783 409 838 471 IV.
861 420 904 474 21.

1139 494 1143 504 Ι
1175 406 1236 472 333

114 603 161 670 roi
171 597 321 691 ἡμερέων
335 606 513 692 δενδρέων.
537 597 772 688 ὑπεροικέουσι
785 600 820 669 di
829 599 958 670 τούτων
972 602 1132 689 δευτέρην
1144 599 1237 684 λάξιν

114 713 229 793 ἔχοντες
248 711 426 794 Βουδῖνοι,
450 711 515 795 γῆν
532 703 708 794 νεμόμενοι
732 708 843 773 πᾶσαν
863 707 986 793 ὃαοέην
1005 700 1070 793 ὕλῃ
1086 712 1236 794 παντοίῃ.

113 874 165 924 lion
176 877 260 940 atque
271 873 374 925 Araxes
386 890 407 925 a.
420 872 518 940 Wolga
528 873 645 924 maxime
692 872 835 938 planitiem
856 871 891 922 ad
912 870 1122 923 Scandinaviam
1150 887 1237 938 usqne

112 946 160 993 rint
176 945 336 1010 propinquir
358 949 388 994 ut
409 960 441 995 co
462 959 549 1009 usque
570 948 645 994 terra
692 957 837 1008 progressa
850 945 895 993 ait.
927 942 1006 1004 Quae
1026 958 1097 993 nunc
1116 958 1170 993 non
1182 956 1237 991 ma·

111 1013 323 1064 Sauromatarum
351 1014 525 1079 porrigatur,
561 1028 643 1078 supra
692 1014 736 1078 gis
755 1013 906 1078 disquirere
926 1017 1022 1075 vacat,
1043 1027 1123 1077 qnam
1137 1012 1237 1063 Ritteri

111 1098 179 1147 quarn
195 1083 258 1133 iude
279 1098 296 1132 a
313 1085 539 1149 quinquagesimo
557 1083 643 1148 mado
692 1082 850 1147 opinionem
868 1081 1011 1149 (Vorhalle
1029 1098 1056 1147 p.
1072 1084 1105 1132 25
1119 1098 1176 1148 aeq.
1193 1081 1236 1133 30.

110 1152 216 1204 borealia
242 1152 398 1222 latitudinis
421 1154 499 1204 sedes
525 1153 644 1204 Badiuo-
695 1150 744 1203 153
770 1151 873 1218 seqq.),
902 1166 956 1218 qna
979 1152 1076 1203 Rudini
1097 1151 1237 1214 Buddhae,

110 1237 160 1272 rurn
179 1223 369 1273 extendantur.
406 1223 442 1273 Et
458 1224 519 1288 quis
539 1238 643 1288 quaero
693 1221 783 1272 Indici
803 1221 862 1284 dci,
887 1220 1041 1272 habeantur
1061 1220 1179 1272 cultores
1204 1237 1237 1271 ex

109 1292 292 1342 iuhniuamodi
302 1291 542 1358 descriptionibus,
550 1292 643 1358 quales
692 1291 761 1342 Asia
777 1290 866 1341 media
883 1291 1006 1356 adeoque
1021 1291 1101 1341 ludia
1120 1290 1173 1341 huc
1191 1291 1237 1342 de-

108 1361 645 1427 annthiquindecimitinerisdiea‚omnia
693 1361 753 1411 lati.
774 1363 873 1426 Bayer.
901 1362 930 1411 in
947 1361 1065 1427 Opuacc.
1091 1377 1118 1427 p.
1138 1361 1172 1411 88
1193 1361 1235 1414 ed.

109 1437 157 1482 tam
167 1438 294 1482 accurate
307 1447 366 1482 eum
377 1432 420 1495 iia,
432 1447 502 1498 quae
513 1447 585 1482 nunc
597 1447 644 1482 va·
694 1431 785 1481 Klotz.
800 1432 921 1481 Budinos
941 1436 969 1481 et
982 1430 1100 1483 Gelonos
1118 1431 1158 1481 ibi
1180 1430 1237 1481 lere

110 1501 167 1565 lent,
178 1503 323 1553 convenire
336 1517 417 1567 posse
428 1502 613 1553 existimabit?
692 1499 831 1551 habitasse
858 1504 956 1566 putat,
988 1501 1035 1551 nbi
1062 1500 1237 1551 Palatinatua

134 1566 262 1637 δευτέρην
272 1563 353 1631 λάξιν
361 1564 482 1636 ἔχοντες]
498 1573 551 1622 Pro
562 1568 644 1631 λα’ξιν
693 1577 737 1622 est
759 1568 926 1621 Cheimenaia
952 1574 980 1622 et
1002 1572 1185 1622 Braestiensis
1208 1570 1236 1620 in

109 1641 155 1691 duo
166 1641 244 1692 codd.
258 1632 357 1704 τάξιν,
376 1641 447 1706 quod
459 1655 492 1692 ex
510 1643 643 1707 interpre-
692 1639 818 1692 Polonia.
847 1641 937 1704 Magia
954 1642 1166 1706 septentrionem
1179 1656 1237 1690 ver·

110 1715 220 1761 lamento
229 1712 257 1760 in
267 1715 371 1762 tentum
380 1712 491 1762 fluxisse
501 1726 580 1762 nemo
590 1725 644 1760 non
692 1724 739 1760 sua
756 1725 840 1776 prope
858 1709 951 1760 urbem
963 1712 1101 1775 Nooporod
1116 1710 1237 1761 Budinoa

110 1781 182 1832 ridet.
207 1780 438 1831 Pauloautecum
449 1781 643 1832 (iaistrescri-
692 1778 797 1844 relegat
815 1778 952 1830 Brehmer.
972 1780 1180 1845 Bntdechungg.
1200 1782 1237 1829 im

110 1852 148 1915 pai
159 1841 263 1899 τούτων
276 1866 325 1916 pro
339 1846 471 1914 τουτέων,
485 1856 517 1900 ut
530 1850 585 1913 lv,
601 1849 641 1901 13.
692 1849 847 1899 Altcrthum
864 1850 886 1898 1.
901 1865 928 1914 p.
943 1848 995 1899 484
1007 1864 1093 1914 seqq„
1106 1850 1153 1914 qui
1164 1849 1238 1899 Indi-

109 1923 151 1983 el,
163 1920 236 1972 alibi.
693 1933 740 1969 eos
759 1919 893 1969 coluerint
910 1905 986 1969 deos.
1005 1919 1110 1969 Contra
1127 1921 1156 1968 in
1173 1916 1236 1968 Vol·

139 1987 278 2056 Βουδῖνοι]
304 1988 385 2055 Apud
404 1987 571 2054 Stephanum
590 1988 645 2053 By·
692 1988 777 2054 hynia
790 1994 818 2038 et
830 1989 929 2039 Ruaaia
941 1986 1015 2050 alba,
1026 2003 1097 2053 quae
1111 1993 1237 2050 vocatur,

109 2064 176 2109 aaut.
191 2075 214 2112 a.
226 2055 454 2122 v.Boodrvoi,
469 2051 558 2114 ἔθνος
568 2056 641 2106 Σιιν-
691 2059 721 2108 iu
747 2056 970 2109 meridionalibua
994 2059 1099 2123 imperii
1127 2058 1238 2107 ltuasici

108 2120 203 2179 θικόν·
234 2122 312 2193 παρὰ
342 2120 374 2178 τὸ
400 2119 522 2178 δινεύων
545 2118 642 2177 ἐπάνω
692 2129 829 2178 tractibus
857 2127 936 2178 aedes
956 2128 1122 2178 Budinorum
1150 2127 1237 2178 fnisse

106 2190 216 2262 ἁμαξῶν
227 2189 283 2248 ὑπὸ
296 2194 370 2265 βοῶν
382 2188 549 2262 ἑλκομένων·
570 2188 642 2261 ἁμα·
693 2197 835 2250 contendit
848 2196 1015 2260 Schaffarilr,
1028 2198 1074 2263 qui
1085 2198 1182 2263 longua
1195 2201 1237 2248 est

107 2261 191 2334 ξόβιοι
207 2262 259 2334 γὰρ
280 2262 311 2318 oi
328 2260 460 2318 Σκόθαιε
479 2282 548 2332 quae
565 2267 642 2317 vocis

106 2339 234 2389 derivatio
253 2354 318 2389 uum
335 2353 403 2389 vera
419 2339 472 2401 sit,
497 2352 569 2387 nunc
589 2351 643 2387 nou

105 2409 529 2527 irridentium?
552 2407 644 2526 {2¹¹3}

106 2548 249 2615 Goettling.
258 2548 343 2600 Lehre
352 2514 501 2600 'edocent
512 2492 575 2612 pilg.
582 2494 643 2598 the.

105 2620 197 2684 ltaque
216 2622 257 2670 sic
277 2619 380 2669 retinui
399 2617 428 2668 in
448 2617 498 2668 hoc
510 2616 644 2668 Herodoti

106 2688 161 2738 loco
174 2693 257 2755 atque
268 2689 297 2739 in
306 2687 420 2753 reliquia
433 2688 528 2739 Nostri
545 2686 578 2738 de
591 2685 644 2736 hac

106 2759 403 2825 gentelocia,quiaunt:
412 2757 460 2819 IV,
468 2757 575 2808 22105,
585 2756 642 2806 108.

109 2828 162 2880 123.
176 2828 245 2882 add.
257 2829 331 2880 Mela
342 2829 366 2888 Ι,
378 2828 411 2879 19
423 2826 483 2878 fin:
501 2826 644 2890 „Foeeun-

105 2897 151 2947 dos
168 2898 281 2963 pabulo,
298 2896 397 2950 atalia
415 2895 523 2948 steriles
543 2895 645 2946 nudos·

106 2981 155 3030 que
180 2983 292 3034 campoa
318 2970 413 3018 tenent
433 2966 559 3018 Budini.“
585 2964 644 3031 [nbi

107 3038 171 3088 eoui.
184 3037 346 3090 Taschuekc
358 3040 428 3088 nott.
443 3037 518 3087 critt.
532 3034 593 3086 Vol.
604 3035 643 3087 11.

106 3106 131 3156 P.
144 3107 164 3156 l.
185 3123 249 3175 pag.
262 3107 315 3159 847
335 3114 364 3159 et
382 3112 454 3159 nott.
470 3121 566 3171 exegg.
580 3104 644 3156 Vol.

107 3176 152 3226 lll.
165 3177 197 3228 Ρ.
206 3180 228 3229 1.
241 3176 364 3244 papilii
377 3174 446 3244 soq.]
467 3177 509 3226 Ob
522 3190 591 3243 quae
602 3174 643 3225 lo·

106 3260 134 3295 ca
145 3246 280 3300 Hannert.
294 3247 405 3313 (Geogr.
416 3247 443 3298 d.
454 3247 501 3298 Gr.
513 3245 641 3296 ulioem.

105 3315 153 3367 111.
165 3332 228 3383 pag.
241 3318 258 3370 9
271 3332 348 3381 seqq.
366 3318 399 3368 lb
411 3332 488 3382 seqq.
505 3314 567 3366 coll.
581 3314 644 3367 493.

105 3383 148 3435 IV·
165 3402 228 3452 pag.
240 3386 300 3439 103.
314 3386 376 3450 108)
388 3387 466 3438 aedes
483 3385 575 3451 gentis
589 3382 644 3434 col·

104 3450 173 3505 locat
191 3458 220 3506 iu
238 3457 396 3523 regionibus
421 3471 438 3506 a
456 3456 644 3522 septentrione

105 3530 130 3572 et
150 3527 256 3578 oriente
274 3526 397 3578 Galitiae
416 3541 449 3577 ac
469 3524 644 3576 Lodomiriae

104 3593 135 3642 ad
143 3596 280 3647 vistulam
292 3611 378 3662 usque
391 3611 488 3648 versus
496 3609 572 3645 mare
581 3593 644 3645 Bal·

103 3662 196 3727 ticum3
234 3665 381 3731 eodemque
410 3665 494 3717 refert
521 3667 643 3716 Butonea

103 3734 170 3796 apud
183 3735 277 3787 Strab.
291 3736 358 3787 VIl..
373 3752 399 3801 p.
418 3735 470 3788 290
494 3750 516 3786 s.
535 3736 587 3785 448
599 3738 642 3796 A„

104 3803 146 3866 qui
157 3802 249 3856 Plinio
265 3806 301 3855 H.
314 3807 349 3857 N.
364 3805 416 3868 IV,
437 3807 469 3855 14
483 3809 547 3855 aunt
566 3806 642 3855 Guio-

102 3888 143 3923 πει
153 3880 181 3925 et
192 3875 351 3926 Ptolemaeo
367 3875 461 3926 Batiai.
488 3875 560 3937 Quin
574 3873 644 3924 ulte·

103 3943 156 3991 rius
175 3959 340 4008 progressus
356 3945 474 3995 Badiuoe
492 3945 551 3995 aive
568 3945 643 3997 Gelo-

101 4026 143 4061 aor
154 4029 203 4078 pro
217 4014 349 4066 Germania
360 4016 537 4080 ordpur'aeimie
548 4013 643 4064 haberi

101 4081 156 4130 vult
172 4085 233 4135 aire
250 4086 350 4143 Gothia,
373 4099 485 4149 quorum
504 4082 557 4133 dux
570 4083 643 4133 Odin

100 4151 155 4202 sire
167 4153 291 4205 Wodan:
310 4152 391 4219 quale
407 4153 479 4203 idem
491 4153 548 4204 iere
561 4168 644 4203 enun-

99 4220 180 4271 tiarit
190 4224 312 4276 Rommel
327 4225 355 4273 in
374 4222 468 4274 Erech.
480 4228 508 4273 et
521 4223 642 4274 Gruher:

98 4287 299 4359 Encyclopaed.
315 4293 389 4346 Sect.
407 4294 428 4344 I.
444 4291 504 4344 Vol.
519 4293 597 4343 xlii.
614 4308 642 4357 p.

98 4355 156 4422 341,
169 4367 217 4427 qui
228 4363 348 4415 Bndinos
358 4378 407 4429 pro
417 4363 565 4415 Gothorum
579 4377 645 4428 gen-

97 4433 249 4482 terenatui
264 4433 357 4484 dedita
374 4432 469 4483 haberi
481 4431 553 4493 ruit,
574 4446 644 4497 quae

96 4495 163 4550 duce
184 4501 286 4554 Odinio
312 4518 360 4569 per
389 4510 479 4554 terrae
501 4502 643 4554 Ukrainae

693 2267 788 2319 dehac
801 2273 898 2334 geute,
919 2267 1060 2319 Slawiach.
1073 2266 1237 2318 Alterthiim.

693 2338 715 2388 Ι.
730 2354 756 2404 p.
769 2339 817 2390 184
829 2354 916 2405 seqq„
932 2339 1078 2403 praecipue
1088 2354 1114 2404 p.
1131 2337 1191 2389 187.
1204 2338 1237 2388 ln

692 2408 809 2459 Podolia
840 2410 915 2459 circa
948 2410 1114 2474 superiorem
1146 2410 1237 2473 Tyrae

691 2474 832 2543 (Dnjestr)
849 2493 956 2529 cursum
971 2478 1035 2529 inde
1051 2478 1085 2528 ab
1105 2478 1170 2529 urbe
1183 2479 1238 2528 Ka·

693 2552 800 2599 moneta
810 2564 896 2614 nsque
908 2548 943 2599 ad
953 2548 1099 2613 paludosos
1111 2549 1236 2614 regiones

693 2621 769 2669 circa
799 2618 892 2669 urbem
913 2619 999 2669 Pinalr
1025 2621 1237 2684 septentrionem

692 2702 789 2739 versus
800 2687 917 2753 indeque
934 2689 1065 2739 orientem
1080 2703 1177 2739 versus
1193 2703 1237 2738 ns·

694 2757 795 2824 quoad
808 2757 915 2807 Tanain
927 2756 1012 2821 (Don)
1030 2757 1139 2807 extendi
1159 2757 1237 2808 sedes

692 2827 859 2878 Budinorum
882 2830 992 2892 putavit
1013 2825 1167 2877 Eichwald:
1183 2826 1237 2875 ult.

692 2896 847 2962 Geograph.
856 2895 882 2945 d.
897 2896 978 2961 Oaap.
987 2897 1092 2947 Moeres
1103 2912 1167 2961 pag.
1176 2897 1237 2947 274.

694 2967 815 3029 Quorum
835 2967 955 3017 virorum
975 2967 1116 3017 doctorum
1131 2971 1238 3017 senten-

693 3038 750 3088 tiae
771 3037 810 3086 ita
835 3035 943 3087 accedit
960 3036 1043 3088 Grotc
1064 3035 1191 3101 (History
1210 3034 1241 3085 ol

693 3107 796 3158 Greece
803 3107 856 3156 111.
863 3122 889 3171 p.
897 3105 969 3169 825),
979 3112 1010 3156 ut
1018 3105 1141 3158 Budinos
1152 3107 1237 3156 inPo·

692 3175 784 3228 ioniae
804 3180 832 3226 et
843 3177 961 3227 Russiae
973 3175 1159 3227 meridionalia
1176 3191 1238 3242 par-

692 3246 767 3296 tibus
782 3260 913 3312 quaerere
924 3245 1001 3297 malit
1013 3262 1095 3312 quarn
1107 3247 1135 3296 in
1149 3246 1238 3297 orien-

693 3314 795 3368 talibus
825 3316 982 3382 regiouibua
1013 3318 1087 3367 circa
1119 3322 1241 3367 montem.

692 3385 768 3437 llral.
794 3385 845 3436 Vel
870 3387 958 3453 magia
979 3387 1013 3437 ab
1038 3386 1113 3438 hisee
1134 3387 1238 3438 recedit

692 3455 804 3506 Kolster
814 3455 833 3507 l.
842 3454 860 3505 l.
874 3457 976 3522 pag.3i
990 3472 1077 3522 seqq„
1090 3457 1135 3521 qui
1148 3456 1238 3523 lllyri-

693 3541 753 3576 carn
780 3529 888 3590 gentem
907 3527 1054 3578 Boiinorum
1081 3522 1237 3590 (Bonirvoi)

693 3597 722 3645 in
738 3594 861 3658 Scylacia
886 3595 1022 3660 Caryand.
1040 3597 1139 3662 Peripl.
1165 3600 1188 3661 ς.
1204 3597 1238 3646 22

692 3669 931 3717 commemoratam
950 3681 1011 3717 cum
1032 3665 1166 3716 Herodoti
1183 3666 1234 3715 Bu·

692 3737 759 3787 dinis
778 3740 920 3799 comparat
938 3752 971 3786 ae
989 3751 1038 3800 pro
1054 3750 1110 3786 una
1132 3735 1238 3786 eadem·

692 3821 744 3871 que
763 3810 845 3870 gente
860 3804 955 3854 haberi
973 3804 1033 3854 vult
1050 3805 1124 3855 circa
1137 3806 1238 3855 Sarum

692 3875 807 3926 fluvium
817 3873 987 3924 habitantem
998 3889 1085 3939 usque
1094 3874 1129 3924 ad
1142 3875 1238 3923 Adria-

693 3946 742 3995 tici
754 3944 840 3994 maria
858 3958 948 3994 oram:
966 3959 1037 4008 quae
1056 3958 1137 4009 quam
1148 3943 1237 3994 aliena

692 4015 749 4066 sint
766 4014 802 4064 ab
814 4013 865 4064 hoc
877 4013 1013 4064 Herodoti
1025 4012 1099 4076 loco,
1114 4013 1238 4080 pluribus

693 4099 829 4148 exponere
841 4083 914 4134 haud
927 4083 1041 4133 attinet:
1061 4083 1173 4149 deipsis
1185 4085 1239 4133 Bn-

693 4154 764 4205 dinis
781 4153 837 4204 vid.
856 4169 929 4204 nunc
944 4152 1030 4203 allata
1048 4168 1065 4203 a
1077 4153 1140 4207 Car.
1153 4154 1239 4205 Muel-

692 4222 749 4273 lero
761 4225 790 4272 in
803 4222 902 4289 Geogr.
917 4223 963 4276 Gr.
978 4224 1061 4274 minu.
1081 4225 1102 4275 Ι.
1115 4239 1178 4289 pag.
1194 4227 1237 4275 28.

692 4293 736 4343 29.
765 4294 860 4358 Longe
883 4294 987 4345 rectius
1010 4310 1026 4344 a
1051 4295 1202 4360 septentrio
1224 4310 1239 4344 e

693 4362 932 4425 Sauromatarum,
951 4364 1024 4413 ultra
1038 4364 1146 4414 Tanain
1162 4310 1238 4413 hahi-

693 4433 826 4496 tantiam,
838 4434 1004 4484 Bodinornm
1014 4432 1092 4484 aedes
1108 4448 1239 4499 quaeren-

694 4502 744 4554 das
757 4519 817 4554 esse
832 4504 1073 4568 monetKoeppene
1089 4502 1237 4570 Nordgeat.
