3042 5125
432 347 756 410 MELPOMENE.
780 347 918 411 116181.
944 357 1002 411 185.
1242 346 1303 407 637

165 546 207 630 τῇ
228 537 341 630 ὀφρύη
359 540 610 627 κατοικημένων
623 539 816 622 καταλέξαι,
842 534 879 604 ιδ
900 534 932 607 δ’
954 533 1020 607 αἰτιδ
1037 536 1166 606 τούτων
1183 532 1303 607 ούκέτι.

109 643 284 732 36361ύμιει
299 639 332 710 δ’
345 633 393 711 όν
406 639 427 733 ἡ
440 639 551 729 ὀφρύη
564 644 660 729 μέχρι
669 635 861 727 Ἡρακλέων
873 644 1022 730 στηλέων
1035 643 1091 710 καὶ
1104 640 1141 711 τό
1152 647 1213 726 ἔξω
1227 670 1303 712 του-

166 750 269 817 τέων·
293 754 361 815 ἔστι
375 748 411 815 δὲ
424 742 502 824 ἁλός
513 770 549 813 τε
564 746 728 831 μέταλλον
739 746 776 811 έν
791 738 878 830 αὐτῇ
894 742 949 813 διὰ
964 749 1045 815 δέκα
1058 741 1209 837 ἡμερέων
1222 742 1305 816 ὁδοῦ

166 853 225 920 καὶ
240 847 418 939 ἄνθρωποι
431 850 604 926 οἰκέοντες.
631 843 671 914 τὰ
686 846 723 915 δὲ
737 851 826 914 οἰκία
840 845 985 917 τούτοισι
1000 853 1080 918 τοῖσι
1100 853 1136 920 ἐκ
1150 856 1218 919 τῶν
1232 844 1302 918 ἁλί-

167 980 240 1021 νων
253 950 408 1041 χόνδρων
420 953 661 1039 οἰκοδομέαται.
691 953 795 1018 ταῦτα
811 946 875 1036 γὰρ
895 947 960 1038 ἤδη
983 957 1040 1040 τῆς
1057 953 1186 1042 Λιβύης
1200 950 1302 1042 ἄνομ-

168 1056 235 1146 βρύ
248 1059 332 1124 ἐστι·
361 1052 401 1123 ού
423 1052 487 1144 γὰρ
505 1049 549 1122 όν
564 1055 723 1122 ἐδυνέατο
744 1054 859 1139 μένειν
880 1058 916 1122 ολ
925 1069 1029 1143 τοῖχοι
1051 1053 1162 1137 ε’όντες
1182 1053 1303 1142 ἅλινοι,

168 1166 201 1228 εἰ
212 1150 262 1227 ύε.
283 1154 301 1227 δ
317 1158 352 1227 δὲ
366 1155 425 1238 its
438 1153 559 1227 αύτόθι
573 1158 630 1224 καὶ
643 1153 760 1234 λευκός
775 1157 832 1224 καὶ
845 1156 1035 1247 πορφύρεος
1049 1155 1085 1226 τδ
1100 1159 1189 1240 εἶδος
1203 1156 1303 1248 όρύσ-

168 1285 271 1330 σεται.
312 1258 410 1349 Ὑπὲρ
426 1260 463 1329 δὲ
483 1265 540 1347 τῆς
560 1256 689 1348 ὀφρύης
703 1256 842 1344 ταύτης,
862 1258 899 1327 τό
919 1259 1001 1348 πρὸς
1015 1260 1114 1331 νότον
1136 1265 1192 1333 καὶ
1206 1262 1303 1352 μεσό-

168 1393 269 1453 γαιαν
291 1368 349 1452 της
362 1362 508 1451 Λιβύης,
530 1367 649 1451 ἕρημος
668 1362 725 1431 καὶ
744 1359 891 1449 ἄνυδρος
911 1366 967 1432 καὶ
980 1361 1108 1453 ἄθηρος
1130 1368 1187 1435 καὶ
1200 1364 1302 1456 ἄνομ-

170 1476 251 1557 βρος
264 1470 321 1537 καὶ
334 1466 453 1550 ἅξολός
466 1470 535 1535 ἐστι
548 1464 569 1554 η
583 1464 689 1554 ηοόρη,
702 1465 759 1533 καί
775 1464 915 1553 ἰκμάδος
930 1470 999 1536 ἐστὶ
1014 1472 1052 1537 ἐν
1065 1465 1152 1558 αύτῇ
1168 1466 1278 1540 οὐδέν.

169 1634 269 1700 quibus
283 1648 333 1683 sua
348 1633 456 1699 aceepit
467 1632 638 1696 Herodotus,
658 1646 712 1682 uon
763 1629 864 1694 miles,0
882 1635 953 1682 teste
977 1631 1070 1683 eodem
1087 1634 1188 1685 Leone.
1224 1637 1306 1686 Facit

169 1704 242 1753 ultra
259 1702 337 1753 sedes
350 1703 505 1767 Atlantnm,
524 1702 552 1753 id
569 1707 612 1752 est
626 1702 713 1765 regio·
763 1699 815 1749 buo
827 1700 933 1750 Plinius
950 1701 983 1752 de
1003 1702 1165 1753 rimantibus
1183 1705 1304 1756 scribens

170 1788 232 1823 uem
249 1772 351 1836 Biima,
371 1772 408 1823 ad
422 1787 502 1838 qnam
523 1770 590 1822 salis
608 1769 714 1821 emendi
763 1770 799 1819 Η.
810 1769 845 1818 N.
857 1769 889 1830 V,
899 1770 926 1819 6.
937 1774 961 1834 ς.
972 1769 1020 1821 ³4:
1036 1771 1151 1836 „domos
1162 1775 1221 1826 sele
1230 1789 1305 1826 mon·

170 1857 257 1894 eausa
281 1842 397 1907 profecti
425 1848 501 1892 eraut
525 1857 572 1906 per·
594 1841 714 1902 deserta,
764 1838 839 1888 tibus
861 1839 917 1890 suis
938 1841 1030 1891 exciso
1056 1858 1106 1892 oou
1126 1842 1218 1905 lapide
1240 1860 1305 1894 eon·

168 1911 714 2047 ff3u⁶5⁶1isu³t²²p¹¹ttt⁸33ituri
764 1908 905 2034 :biti
918 1906 1304 2034 ..itzhz‘sssiffriiitssi

327 2018 334 2032 ο
385 2019 392 2045 η
422 2018 428 2030 t
465 2023 470 2033 κ
1296 2012 1305 2022 “

168 2051 307 2102 Herodoti
318 2066 424 2116 qnoque
439 2051 633 2101 narrationem.
660 2051 715 2099 No·
765 2053 854 2097 morat
872 2047 970 2098 Strabo
991 2051 1065 2101 xvl.
1084 2066 1148 2117 pag.
1167 2053 1217 2106 166
1227 2054 1259 2104 B.
1282 2068 1304 2102 s.

170 2121 214 2171 bis
234 2119 316 2171 aliter
331 2119 420 2169 videri
444 2121 477 2171 de
495 2118 604 2170 aedibus
621 2118 714 2169 Atlan·
768 2116 871 2169 11160.
898 2118 1306 2174 Renoeliuradhunedoaedi-

171 2198 230 2240 tum
254 2191 310 2240 iam
335 2204 417 2254 supra
435 2189 632 2249 iudicavimus3
663 2187 713 2238 boe
764 2185 814 2236 bus
833 2186 891 2236 sale
913 2191 1075 2239 constructis
1093 2190 1197 2257 locum,
1227 2207 1306 2256 quem

169 2274 237 2311 vero
250 2259 311 2310 loco
320 2260 465 2309 afferamus
475 2260 507 2309 L.
518 2259 655 2320 Marcum,
670 2257 715 2322 qui
763 2271 904 2321 perperam
917 2273 944 2323 p.
957 2258 1009 2310 660
1021 2258 1057 2309 ed
1073 2260 1253 2313 Garamantes
1266 2276 1306 2312 re·

171 2330 209 2379 ad
222 2329 294 2379 Plio.
314 2328 366 2385 1.1,
382 2344 444 2395 pag.
465 2330 515 2379 174
533 2335 560 2379 et
577 2329 636 2393 ipse
651 2342 715 2376 oon·
764 2325 829 2375 tulit
846 2326 963 2392 itemque
986 2343 1013 2393 p.
1027 2329 1079 2381 672
1099 2330 1306 2393 adniterentur,

169 2399 262 2449 tendit
274 2399 348 2449 riam
360 2398 396 2449 eb
409 2396 550 2449 Herodoto
564 2398 713 2447 indicatam
764 2410 832 2460 quoa
854 2398 883 2445 iu
899 2398 959 2447 ossi
975 2399 1105 2449 uadamis
1124 2400 1247 2452 habituro
1263 2416 1307 2451 su·

169 2484 233 2533 oap.
243 2468 378 2519 181-185
388 2468 498 2519 minime
508 2466 645 2517 meridiem
655 2482 713 2516 ver-
764 2466 897 2530 opinatur,
908 2466 988 2517 affert
997 2468 1100 2519 Shawii
1111 2471 1307 2531 testimouium,

170 2555 220 2591 sus
236 2543 392 2604 spectasse,
411 2538 459 2589 sed
472 2536 641 2590 occidentem
655 2551 714 2588 ver·
764 2535 837 2585 iutra
850 2534 973 2600 Tripolin
984 2551 1018 2588 ao
1029 2538 1230 2593 Mauretaniam
1241 2538 1307 2592 salis

170 2625 220 2660 sus
240 2624 288 2659 eas
306 2608 343 2659 ad
359 2609 499 2674 regiones,
520 2607 591 2658 uude
609 2606 715 2672 lapides
765 2605 879 2669 reperiri
896 2606 979 2657 colles
1002 2606 1145 2676 laeuaque,
1165 2614 1308 2677 ipsumque

170 2681 308 2744 pretiosos
330 2678 473 2744 petierint,
499 2694 570 2728 nuuc
589 2677 715 2742 cognitas
764 2674 853 2724 solum
872 2675 1029 2740 gravidum,
1056 2693 1143 2744 equo
1162 2680 1242 2730 multi
1265 2694 1307 2730 aa·

171 2748 282 2799 nomine
296 2748 343 2798 Gir
354 2765 375 2799 s.
390 2749 491 2813 θύμω,
504 2750 584 2812 Niper
598 2763 619 2797 s.
635 2748 713 2797 Uror·
765 2744 799 2793 lis
813 2743 904 2794 sontes
922 2744 1080 2809 prosiliant3
1099 2763 1213 2815 eumque
1223 2748 1307 2799 salem

170 2822 233 2885 μελε
253 2827 277 2868 et
294 2818 390 2870 Montis
408 2818 476 2869 Am.
497 2844 530 2853 —
558 2817 600 2866 Ad
621 2808 715 2878 ὀφρύη
765 2812 845 2864 vaide
857 2813 954 2864 durum
966 2831 1026 2866 esse
1043 2831 1075 2867 ao
1087 2816 1192 2869 firmum
1208 2817 1308 2884 lapidis

171 2888 323 2941 eoniuott.
336 2886 372 2937 ad
383 2901 443 2951 oap.
459 2886 516 2937 181.
555 2877 716 2950 ’Πρακλέων

171 2957 272 3022 scripsi
281 2971 330 3022 pro
341 2955 415 3022 vulg.
422 2949 607 3020 Ἠρακληίων,
615 2959 646 3005 ut
654 2968 716 3018 esp.

172 3028 206 3090 8,
219 3026 267 3076 ubi
279 3026 335 3077 vid.
346 3031 428 3090 nott„
441 3031 469 3078 et
479 3040 540 3090 cup.
552 3025 610 3076 181.

209 3090 266 3144 ἔστι
276 3088 307 3143 δὲ
319 3086 386 3152 ἁλός
398 3110 427 3145 τε
438 3092 580 3161 μέταλλον]
597 3096 650 3144 Pro
660 3086 716 3142 ἔστι

174 3159 206 3214 δὲ
222 3165 276 3215 duo
291 3164 353 3215 libri
369 3155 457 3230 ένδὲ,
478 3169 508 3215 ut
522 3164 567 3226 11,
581 3164 640 3216 171.
679 3163 716 3213 At

766 2882 907 2934 adinstar
925 2889 953 2934 et
970 2886 1045 2935 rubri
1060 2886 1118 2937 sere
1136 2888 1250 2948 ooloris3
1269 2886 1308 2937 al-

766 2953 829 3003 bum
842 2968 906 3003 vero
921 2969 995 3017 enm,
1009 2956 1100 3021 quide
1112 2958 1251 3009 montibus
1264 2956 1309 3007 de·

765 3023 842 3086 fluat,
858 3024 930 3075 nivis
942 3024 978 3075 ud
988 3027 1114 3077 instaret
1126 3026 1310 3079 amaritudine

765 3097 903 3143 carentem
919 3095 1000 3145 omni.
1029 3097 1070 3146 De
1083 3111 1138 3163 quo
1149 3097 1206 3149 sale
1223 3097 1310 3148 italus

766 3162 901 3228 interpres
914 3164 994 3216 effert
1009 3164 1099 3216 looum
1115 3183 1148 3219 ex
1163 3165 1309 3219 Alexandr.

173 3240 299 3300 praestat
310 3235 431 3301 vulgata.
449 3233 616 3301 Intelligitur
625 3237 718 3284 autem
765 3233 892 3285 itinerar.
901 3249 987 3299 nuper
995 3235 1103 3287 detento
1114 3240 1137 3300 ξ.
1152 3239 1196 3289 62.
1211 3265 1241 3274 -
1256 3237 1309 3287 Pro

175 3307 201 3354 h.
214 3304 232 3353 l.
247 3307 310 3356 ralis
321 3305 427 3368 fodino,
446 3304 514 3354 bene
525 3301 719 3370 distinguenda

175 3390 192 3424 a
205 3377 268 3425 ralia
280 3377 343 3426 colle
356 3366 435 3438 (ἁλὸς
452 3366 600 3438 κολωνὸς),
619 3388 718 3438 neque,

174 3450 208 3495 nt
218 3444 347 3495 observat
358 3444 474 3494 Heeren.
488 3443 506 3494 1.
518 3442 537 3494 1.
550 3460 576 3508 p.
587 3445 638 3493 244
652 3447 718 3504 not,

174 3515 315 3580 pertinens
339 3510 375 3563 ad
392 3515 465 3564 viam
486 3513 580 3563 tritum
602 3511 720 3577 peregri·

174 3583 316 3646 nantium,
329 3597 346 3632 a
355 3598 409 3648 que
419 3584 511 3648 potius
521 3583 666 3633 introrsum
675 3581 720 3631 de·

176 3669 237 3705 cem
250 3651 354 3704 dierum
364 3653 461 3703 itinere
472 3658 577 3704 remota
588 3654 626 3702 sit
638 3650 720 3701 eollo·

176 3722 276 3773 cunda.
309 3722 363 3783 Qui
376 3721 447 3772 idem
464 3739 489 3787 p.
501 3724 552 3772 246
564 3720 720 3771 affertLeo-

176 3807 239 3843 nem
251 3791 411 3842 Africanum
429 3791 462 3843 de
479 3791 585 3857 mugnis
599 3790 665 3840 salis
681 3788 720 3839 fo-

177 3862 265 3924 dinis,
291 3875 361 3925 quae
383 3876 468 3927 prope
492 3862 600 3925 Tegees
623 3859 720 3909 mediis

177 3933 206 3980 in
221 3930 338 3982 desertis
356 3930 453 3995 viginti
467 3931 571 3982 dierum
591 3930 688 3979 itinere
705 3945 721 3978 a

178 4001 334 4051 Tombuetn
343 4005 464 4051 remotae
475 4001 539 4065 siut,
549 3999 720 4050 scribentem.

178 4067 279 4136 Itaque
300 4070 365 4121 sads
391 4061 434 4132 (ἐκ
457 4067 512 4118 τῶν
530 4062 635 4118 ἁλίνων
658 4059 719 4132 χόν·

179 4137 270 4204 ὄρειος
291 4140 327 4191 ω’.
343 4143 413 4190 nott.
426 4140 462 4190 ad
474 4154 535 4205 cup.
547 4138 721 4203 181)d0mos‚

178 4225 249 4275 quas
265 4210 422 4261 Herodotus
438 4225 500 4259 mox
518 4212 722 4269 commemorat,

178 4279 213 4329 ad
226 4294 306 4329 easas
318 4280 390 4329 idem
408 4278 493 4330 refert
509 4279 537 4329 in
554 4277 670 4328 introitu
681 4276 722 4327 to-

179 4348 304 4398 diuarnm
315 4348 350 4398 ab
363 4350 408 4411 iis,
422 4349 470 4414 qui
480 4349 517 4398 ibi
528 4363 595 4413 opus
605 4346 721 4408 faciunt,

180 4422 352 4482 exstructus,
368 4417 436 4468 viles
446 4418 507 4470 illus
517 4417 625 4483 quidem
636 4421 663 4467 et
674 4416 723 4466 hu·

769 3296 965 3366 οἰκοδομέαται
987 3305 1104 3358 Bredov.
1130 3323 1156 3372 p.
1175 3306 1238 3358 311.
1258 3304 1310 3356 334

769 3369 817 3436 (es.
834 3377 904 3422 nott.
920 3373 956 3424 ειδ
971 3389 1032 3439 cap.
1050 3374 1111 3440 136)
1129 3377 1214 3426 scribi
1235 3374 1311 3425 iubet

770 3434 964 3505 οἰκοδόμηται,
976 3459 1035 3493 enm
1049 3443 1197 3509 singularis
1210 3446 1246 3495 sit
1256 3444 1311 3493 for-

770 3524 815 3560 ma
828 3526 915 3576 neque
925 3510 1048 3576 pluralis.
1070 3513 1193 3565 Dietseh.
1207 3519 1234 3564 et
1245 3514 1310 3562 Diu-

771 3579 841 3629 dorf.
871 3582 899 3628 iu
928 3581 1041 3646 vulgata
1067 3580 1203 3645 lectione,
1230 3596 1310 3647 quam

772 3663 864 3698 omnes
886 3650 1020 3713 praebent
1044 3650 1108 3700 libri
1133 3652 1240 3717 scripti,
1265 3665 1311 3700 ao·

771 3717 942 3783 quieverunt.
975 3720 1029 3770 Pro
1039 3720 1152 3785 vulgata
1164 3711 1312 3785 vitiosiore,

772 3803 855 3854 quam
865 3788 979 3838 retinuit
986 3789 1121 3853 Dietseh.‚
1133 3790 1243 3840 exhibui
1251 3779 1312 3837 έδο-

772 3851 868 3918 νέατο;
889 3857 944 3909 vid.
958 3863 1026 3910 nott.
1041 3860 1074 3909 ad
1088 3874 1149 3925 oap.
1165 3860 1223 3911 110.

805 3923 892 3975 ταῦτα
908 3918 961 3991 γὰρ
979 3917 1035 3994 ἤδη
1047 3926 1099 3993 τῆς
1109 3920 1216 3995 Λιβύης
1226 3916 1313 3994 όνομ-

772 3989 827 4062 βρό
839 3985 907 4062 ἔστι]
931 3997 1078 4049 verissime
1091 3998 1160 4050 haee
1174 3998 1246 4050 tradi
1259 4014 1314 4049 mo·

772 4080 875 4130 nemer,
885 4081 947 4116 oum
957 4068 986 4118 iu
997 4067 1071 4118 hisce
1081 4069 1239 4134 regionibus
1250 4068 1313 4120 inde

773 4150 790 4185 a
803 4135 877 4200 Syrti
891 4137 990 4188 minori
1006 4138 1098 4190 nullae
1115 4154 1227 4204 prorsus
1242 4140 1314 4191 deoi-

773 4205 839 4254 daut
851 4205 959 4258 imbres.
978 4207 1056 4259 Cous.
1066 4209 1179 4261 Reuuel.
1189 4225 1251 4274 pag.
1263 4210 1312 4262 671

773 4289 842 4340 καφ,
859 4276 1058 4332 Ritter21irdk.
1073 4279 1095 4328 Ι.
1128 4294 1173 4345 ug.
1192 4277 1267 4330 1626.
1281 4305 1313 4313 -

773 4345 805 4394 In
816 4344 869 4396 fine
881 4362 943 4413 oap.
957 4347 993 4398 ad
1004 4363 1099 4399 rocem
1106 4293 1235 4413 ἰδιμύδος,
1245 4360 1316 4411 qnae

771 4415 896 4467 deonorum
916 4416 1058 4483 designat,
1082 4418 1155 4469 oens.
1173 4416 1231 4479 111,
1255 4415 1314 4469 125.
