3042 5125
267 594 325 665 τὸν
344 599 458 680 ἕτερον
478 596 710 659 καταλελοίπεε
725 593 801 662 ,τῶν
821 593 937 656 οἰκίων
959 580 1151 673 μελεδωνὸν
1174 578 1395 668 ὁΚαμβύσης.
1479 609 1480 656 3

171 475 174 480 ¹
269 402 329 462 ιον
701 395 969 458 nneonom

266 690 362 776 οὗτος
385 694 427 784 δὴ
447 683 495 764 civ
516 699 550 762 ολ
567 690 749 779 ἐπανέστη,
777 688 900 780 μαθών
918 717 954 759 τε
976 685 1035 757 τὸν
1055 685 1226 778 Σμέρδιος
1244 682 1394 758 θάνατον.
1479 687 1480 762 l

267 799 311 882 ὡς
334 799 513 888 κρύπτοιτο
534 795 730 885 γενόμενος,
759 797 815 863 καὶ
839 790 882 875 ὡς
907 790 1013 880 ὀλίγοι
1035 782 1120 881 ἦσαν
1141 794 1178 860 ολ
1195 787 1396 877 ἐπιστάμενοι
1479 785 1480 788 “

266 902 370 975 αὐτὸν
389 900 568 990 Περσέων,
598 904 633 968 ολ
650 901 686 969 δὲ
706 901 823 967 πολλοὶ
850 895 1025 987 περιεόντα
1044 925 1103 985 μιν
1123 900 1291 982 tecturae,
1323 891 1396 981 πρὸς
1479 933 1480 1000 l

267 1014 370 1079 ταῦτα
400 1004 585 1095 βουλεύσας
608 1003 687 1073 τάδε
719 1006 908 1091 ἐπεχείρησε
929 1018 1014 1071 τοῖσι
1037 1008 1251 1089 βασιληΐοισι.
1293 986 1352 1065 Ἠν
1370 999 1399 1065 ολ
1479 1025 1480 1086 7

266 1107 445 1199 ἀδελφεὸς,
459 1107 518 1178 τὸν
532 1106 608 1177 εἶπά
621 1112 656 1176 οἱ
666 1114 976 1195 συνεπαναστῆναι,
997 1101 1095 1185 elusis
1108 1102 1254 1192 μάλιστα
1267 1099 1304 1170 τὸ
1317 1101 1397 1179 εἶδος
1479 1105 1480 1132 l

267 1219 397 1306 Σμέρδι
411 1219 457 1305 τῷ
477 1210 610 1300 Κύρου,
639 1207 698 1279 τὸν
723 1206 741 1279 ὁ
761 1210 946 1300 Καμβύσης
967 1207 1064 1279 ἐόντα
1088 1212 1220 1279 ἑωυτοῦ
1242 1201 1397 1292 ἀδελφεὸν
1479 1231 1480 1282 i

267 1318 456 1389 ἀπέκτεινε·
484 1307 527 1404 ἦν
540 1342 575 1383 τε
598 1311 640 1403 δὴ
659 1310 772 1404 ὁμοῖος
793 1315 880 1396 εἶδος
900 1320 948 1408 τῷ
961 1317 1109 1404 Σμέρδι,
1130 1314 1189 1380 καὶ
1212 1309 1254 1400 δὴ
1273 1312 1328 1378 καὶ
1345 1305 1395 1376 ού·
1479 1313 1480 1382 i

267 1487 410 1537 itineribus
424 1483 591 1535 sciscitando
604 1484 767 1548 accepisset,
778 1498 811 1533 es

268 1558 303 1607 ab
316 1556 446 1606 historiae
458 1559 537 1618 patre
548 1554 592 1603 bic
608 1553 703 1605 referri
716 1552 810 1604 existi·

267 1642 336 1676 mem
346 1626 536 1689 diversumque
547 1625 656 1673 omnino
665 1623 767 1672 famem
777 1621 811 1671 de

266 1696 309 1747 his
319 1710 442 1761 sparsam
450 1709 511 1744 esse
519 1694 589 1743 idem
599 1692 721 1754 credam
735 1708 810 1742 mon-

267 1770 338 1816 strat
353 1767 381 1816 id
397 1764 507 1814 Ctesise
526 1764 664 1826 narratio,
684 1762 810 1828 imper-le·

267 1841 312 1886 cta
325 1833 373 1884 illa
387 1832 496 1899 quidem
512 1838 540 1883 et
552 1834 581 1883 in
594 1838 725 1897 angustos
738 1848 809 1882 com·

266 1905 359 1970 pendii
375 1903 442 1954 fines
461 1907 559 1953 coacta
577 1902 717 1953 aPhotio:
736 1918 811 1952 mon·

265 1980 337 2025 strat
356 1974 455 2024 Iustini
474 1973 513 2038 (1,
531 1972 558 2036 9)
578 1973 713 2035 narratio,
740 1987 810 2037 quse

265 2045 329 2096 aliis
339 2061 354 2093 e
364 2044 484 2094 fontibus
495 2042 578 2092 ducta
587 2043 705 2093 videtur.
729 2043 810 2091 Nam-

250 2118 318 2179 'que
335 2114 429 2163 Ctesia
449 2115 560 2162 auctore
581 2112 712 2176 (Persice.
728 2115 751 2175 ἕ.
768 2111 810 2174 10)

266 2185 458 2248 Spbeududutes
486 2197 579 2245 magus
607 2183 809 2247 Tauyooeerceru,

266 2252 409 2315 Cerubysis
420 2253 542 2311 fratrem,
550 2249 624 2315 apud
636 2251 724 2315 ipsum
732 2250 808 2299 Caru-

266 2323 359 2382 bysem
376 2321 415 2369 ita
433 2324 475 2369 est
491 2320 665 2382 criminatus,
684 2324 715 2369 ut
732 2319 810 2369 hicce

267 2391 377 2438 fratrem
398 2388 432 2438 ad
462 2403 492 2438 se
509 2390 671 2439 rucessitnm
693 2388 811 2438 interfici

267 2458 385 2508 iuberet:
404 2473 457 2522 quo
472 2455 547 2506 iscto
566 2473 675 2522 magns,
695 2459 742 2524 qui
754 2458 809 2508 Tu·

267 2527 396 2592 uyoxsroi
409 2525 489 2578 valde
498 2526 595 2579 similis
606 2527 690 2579 fnisse
700 2527 808 2592 dicitur,

267 2613 378 2661 regnum
391 2597 545 2658 affectavit3
562 2598 683 2648 Iustinus
696 2599 809 2662 Camby-

266 2683 321 2716 sem
342 2668 427 2718 trudit
447 2683 541 2718 somno
560 2668 718 2718 exterritum
740 2668 808 2731 (vid.

267 2737 367 2788 Herod.
381 2738 440 2797 111,
456 2737 502 2799 30)
520 2738 695 2801 parricidium
709 2738 810 2788 iecisse

265 2812 347 2872 atque
362 2808 396 2857 ad
412 2807 462 2856 hoc
480 2808 662 2858 ministerium
673 2807 809 2874 delegisse

266 2893 371 2941 megum
398 2877 532 2941 quendam
560 2894 592 2928 ex
620 2879 732 2940 amieis,
761 2894 809 2927 οο-

266 2949 336 2997 mine
348 2948 478 2999 Corrreten:
494 2946 565 2997 hunc
580 2964 655 3007 vero,
669 2952 808 3011 prostrato

266 3017 395 3075 Smerde,
427 3016 571 3080 Cambysis
600 3016 700 3076 fratre,
730 3032 807 3066 suum

266 3086 352 3149 ipsius
373 3085 499 3147 fratrem,
529 3086 636 3135 nomine
656 3087 806 3149 Orepasten,

265 3156 309 3219 qui
323 3154 427 3203 Sruerdi
440 3158 468 3203 et
479 3155 535 3204 oris
549 3159 578 3203 et
590 3155 712 3219 eorporis
724 3154 808 3205 linea-

191 3228 197 3237 '
265 3222 362 3273 mentis
374 3223 520 3285 persimilis
535 3222 646 3286 fuisset,
658 3224 808 3276 subiecisse

264 3307 406 3355 regemque
435 3293 620 3345 constituisse.
660 3294 698 3343 Hi
724 3294 808 3358 igitur

264 3362 412 3424 scriptores
441 3377 605 3425 quamquam
632 3364 660 3411 iu
691 3363 808 3427 singulis

265 3430 425 3494 quibusdam
437 3431 518 3481 rebus
531 3432 620 3496 iisque
637 3433 808 3485 secundariis

264 3500 436 3563 discrepant,
452 3499 479 3548 in
492 3516 597 3551 summa
613 3505 717 3565 tamen,
736 3518 807 3567 quae

264 3568 299 3618 ad
317 3569 410 3618 srstris
425 3569 493 3633 regii
511 3585 603 3620 necem
620 3575 648 3623 et
662 3572 698 3622 sd
714 3587 806 3637 mage-

263 3654 321 3687 rum
334 3638 507 3689 rebellionem
520 3640 605 3703 redit,
623 3642 692 3692 setis
707 3657 805 3692 conve-

262 3708 343 3758 niunt
354 3712 437 3773 etque
447 3709 554 3772 egregie
564 3711 755 3761 confirmantur
767 3717 805 3761 te·

263 3779 391 3828 stimonio
402 3779 590 3843 inscriptionis
598 3781 749 3831 Bisntunae
759 3781 804 3842 (tle

263 3864 316 3912 que
329 3848 385 3897 vid.
401 3864 482 3913 supra
494 3852 565 3900 nott.
580 3850 616 3900 ad
631 3850 689 3910 ΙΙΙ,
702 3850 746 3913 30)
763 3851 803 3901 sic

262 3919 414 3968 narrantis:
434 3934 495 3968 enm
506 3919 654 3984 Cambyses
667 3920 752 3970 fratre
765 3920 804 3968 in-

262 3988 376 4037 teriecto
399 3989 428 4037 in
446 3988 599 4053 Aegyptum
618 4007 648 4040 se
673 3987 805 4039 contulis-

261 4061 313 4117 set,
322 4056 489 4119 impietatem
499 4073 547 4121 per
555 4074 648 4109 omnes
659 4060 734 4124 regni
742 4059 805 4108 Per-

261 4140 352 4173 sarum
366 4129 452 4175 terras
461 4128 581 4190 grassari
592 4129 724 4192 coepisse,
730 4144 805 4178 men-

262 4193 343 4243 dscia
359 4194 386 4241 in
403 4195 461 4244 dies
477 4196 658 4255 increbuisse
677 4204 733 4247 tum
750 4213 805 4247 ma-

260 4277 323 4325 gum
334 4262 467 4327 quendum
478 4265 585 4315 nomine
594 4266 698 4317 qudte
707 4286 730 4317 s.
738 4270 809 4334 6ου-Ι

259 4341 327 4382 muta
338 4332 478 4383 exstitisse
492 4349 508 4382 s
522 4340 612 4385 monte
626 4336 760 4386 Arakadis
776 4336 803 4384 in

261 4401 804 4468 terrsPishijsnwstas.Pisiyauvadsys

261 4471 346 4540 primo
363 4470 408 4523 die
429 4475 529 4526 mensis
543 4473 713 4542 Viyals'hns,
730 4490 803 4524 men-

861 1484 942 1534 titum
952 1500 980 1534 se
990 1498 1051 1533 esse
1058 1482 1166 1546 BurtiJa
1174 1474 1331 1545 (Smerdin),
1340 1475 1396 1538 Cyri

859 1553 957 1616 tilium,
976 1551 1118 1615 cambysis
1135 1550 1267 1600 tratrem:
1286 1547 1320 1597 ad
1332 1545 1396 1594 bunc

860 1639 968 1688 magum
985 1620 1083 1672 deinde
1098 1635 1193 1671 omnes
1213 1625 1302 1669 terras
1316 1619 1397 1665 trans·

861 1694 927 1744 iisse
941 1691 1093 1742 defectione
1105 1694 1220 1755 parata:
1239 1688 1269 1737 id
1279 1701 1341 1736 vero
1357 1700 1397 1733 ee

859 1778 906 1828 gre
926 1762 1056 1813 ferentem
1073 1760 1239 1824 Cambysem
1258 1772 1318 1808 esse
1335 1768 1396 1803 mor-

860 1838 946 1883 tuum.
963 1833 1005 1881 De
1016 1832 1088 1896 magi
1097 1832 1209 1881 nomine
1220 1831 1338 1879 Gomara
1349 1824 1395 1873 dis·

860 1907 1003 1954 senuerunt
1012 1900 1184 1952 stlinson:
1199 1895 1312 1949 Journal
1322 1894 1350 1945 oi
1357 1892 1397 1943 the
1479 1943 1480 1950 ¹

860 1971 964 2021 Asiatie
983 1972 1094 2036 Society
1110 1970 1166 2032 xl,
1188 1972 1213 2020 l.
1231 1962 1396 2032 peg.135st
1479 1975 1480 1978 ’

862 2042 978 2104 Oppert:
994 2039 1110 2092 Journal
1121 2039 1267 2103 Asiatique
1276 2037 1307 2086 Τ.
1317 2032 1395 2084 XVII.

861 2112 921 2172 (1v.
936 2109 1005 2172 Ser.)
1020 2126 1082 2176 pag.
1096 2109 1161 2172 370,
1180 2110 1229 2172 qui
1244 2107 1395 2170 interprete·
1479 2111 1480 2156 1

861 2185 905 2230 tur
917 2181 1082 2231 ούυοιλοολεοι
1092 2180 1234 2245 pecudibus
1239 2198 1250 2236 ,·
1261 2178 1289 2226 in
1298 2174 1394 2225 nomine

861 2254 951 2300 terrse
964 2252 1173 2314 Pisiymmadaya
1183 2246 1313 2308 cognosci
1323 2255 1394 2308 posse
1479 2249 1480 2314 y

861 2322 1070 2384 Pasargadas-mu
1090 2333 1189 2370 nomen
1209 2315 1310 2381 (Perfa
1324 2309 1395 2374 etue}
1479 2319 1480 2364 i

861 2390 931 2440 irlem
947 2389 1087 2439 existimet
1097 2405 1161 2454 pag.
1176 2387 1238 2438 380.

895 2484 967 2558 πρός
979 2490 1066 2542 ταῦτα
1075 2481 1229 2558 βουλεύσας
1241 2478 1317 2552 τάδε]
1331 2473 1394 2546 πρὸς

860 2560 947 2612 ταῦτα
964 2561 1000 2613 od
1022 2561 1215 2614 sutecerlentia
1234 2557 1276 2624 (ut
1292 2574 1319 2608 v.
1336 2572 1358 2605 c·
1373 2551 1393 2611 l.
1479 2602 1480 2609 ,

860 2632 919 2685 tou.
934 2632 996 2697 207)
1012 2636 1133 2698 spectet,
1151 2632 1189 2682 ed
1207 2632 1319 2682 mortem
1331 2621 1393 2675 seili-

860 2708 904 2754 cet
918 2702 1047 2764 Smerdis,
1061 2702 1157 2767 psueis
1168 2702 1321 2769 cognitam
1335 2682 1392 2741 τάδε

860 2774 896 2823 ad
910 2773 1063 2838 sequentia,
1072 2772 1109 2823 ud
1119 2788 1161 2833 ea,
1170 2787 1241 2837 quse
1252 2779 1344 2831 mogus
1354 2777 1393 2811 es-

859 2843 1002 2908 cogitsvit,
1013 2847 1045 2893 nt
1053 2858 1142 2893 rerum
1151 2843 1297 2905 potiretur.
1312 2830 1393 2883 Verbs
1479 2842 1480 2901 y

859 2913 1002 2977 sequentis
1015 2902 1176 2976 ἐπεχείρησε
1192 2911 1265 2959 τοῖσι
1279 2892 1392 2973 flacitei·
1479 2916 1480 2977 l

860 2994 916 3030 οισι
927 2983 1011 3047 vrslgo
1021 2982 1149 3032 reddunt:
1168 2983 1265 3045 reptem
1277 2984 1392 3034 occupare

859 3055 977 3103 instituit:
995 3068 1047 3116 que
1063 3066 1144 3102 sensu
1161 3051 1258 3114 utique
1274 3035 1306 3094 soi
1322 3038 1391 3107 βασι·
1479 3076 1480 3105 3

859 3111 925 3184 λήϊα
936 3122 969 3173 de
981 3122 1057 3185 regie
1069 3119 1173 3185 palatio
1185 3106 1390 3171 arcuncurtis).

861 3190 920 3241 178.
956 3190 1087 3256 Equidem
1112 3205 1172 3239 cum
1191 3183 1390 3249 Schweighaeu-

860 3276 920 3310 sero
933 3260 1039 3323 (Lexie.
1053 3258 1185 3311 Herodot.
1198 3261 1222 3311 1.
1233 3275 1260 3323 p.
1271 3251 1330 3317 120)
1342 3262 1391 3298 mt-

858 3329 877 3378 li
881 3345 906 3378 m
919 3331 954 3379 ad
965 3331 999 3380 Η.
1009 3329 1141 3392 Stephani
1150 3328 1313 3380 sententiam
1322 3332 1391 3371 acoe-

859 3398 923 3449 (lere
939 3401 981 3449 sie
1001 3398 1153 3450 reddentis:
1178 3396 1339 3451 invadendum
1353 3404 1390 3437 rt·

855 3485 929 3531 μπιυο
941 3471 991 3520 sibi
998 3473 1104 3533 putauit,
1115 3468 1159 3520 vel
1173 3470 1280 3535 potins:
1298 3472 1389 3525 reptem

857 3540 997 3603 affectavit,
1021 3555 1081 3588 eum
1099 3541 1159 3603 ipse
1177 3554 1194 3588 a
1210 3536 1339 3597 Cambyse
1353 3542 1389 3603 σε·

857 3612 901 3657 aet
917 3607 1027 3659 relictus
1046 3605 1100 3657 scir
1121 3602 1220 3658 οἰκίων
1235 3600 1387 3670 pessumae

856 3677 954 3742 Itaque
975 3676 1011 3727 ad
1029 3680 1100 3727 teies
1119 3673 1287 3744 βασιληΐοισι
1309 3670 1389 3747 mente

856 3747 970 3799 subaud.
989 3738 1142 3812 πρήγμασι.
1182 3748 1259 3798 Infra
1282 3742 1335 3801 ΙΙΙ,
1358 3737 1387 3811 69

857 3816 1003 3880 Cambyses
1016 3816 1150 3883 loquitur:
1175 3810 1206 3865 ol
1220 3808 1251 3865 rii
1264 3803 1329 3877 ύμῖν
1342 3819 1387 3870 pu·

856 3900 900 3949 yos
912 3879 1058 3951 κρατέουσι
1070 3884 1126 3936 τοῖν
1139 3880 1290 3953 βασιληΐιον
1301 3896 1324 3929 ιι.
1335 3893 1355 3925 τ.
1366 3872 1386 3925 l.

891 3979 974 4046 οἰπύς
990 3981 1107 4051 μάλιστα
1129 3982 1161 4039 τὸ
1184 3981 1261 4045 εἶδος
1278 3973 1386 4046 Σμέρδι]

855 4059 998 4109 Οοοοοολίλ
1016 4075 1076 4110 cum
1089 4059 1164 4110 hisce
1176 4060 1283 4111 Ctesise
1300 4062 1386 4129 narre-

855 4131 893 4178 tio
906 4129 1025 4180 Persice.
1038 4131 1179 4194 Excerptt.
1195 4133 1220 4192 ξ.
1235 4127 1275 4180 10.
1304 4124 1333 4172 Iu
1345 4119 1385 4167 Br-

855 4201 955 4249 sutuna
964 4199 1142 4264 inscriptione
1155 4198 1221 4249 nibil
1234 4186 1385 4269 truditur'de

856 4268 936 4318 iseiei
951 4267 1128 4320 similitudine
1142 4283 1228 4333 neque
1243 4266 1385 4315 denomino

854 4337 962 4398 utrique
975 4339 1121 4388 communi:
1139 4340 1220 4388 immo
1231 4337 1383 4388 diversurus

854 4407 997 4472 Cambysis
1016 4407 1101 4459 fratre
1123 4422 1220 4458 nomen
1240 4403 1319 4456 habet
1333 4409 1383 4446 ms·

852 4493 912 4542 gns.
