3042 5125
246 351 309 414 376
680 345 949 410 HERODOTI

247 537 309 629 τήν
321 535 490 628 Ἐρυθρὴν
503 537 697 627 θάλασσαν,
719 536 740 628 ή
754 566 789 608 τε
803 534 954 626 Περσική
968 537 1023 604 καὶ
1045 531 1143 624 ήᾶιιὸ
1157 533 1276 625 ταύτης
1290 540 1374 606 isde-
1463 545 1467 602 ἵ

248 644 372 733 κομίνη
392 639 549 734 Ἀσσυρίη
562 644 619 713 καὶ
639 638 705 712 dud
721 641 895 732 Ἀσσυρίης
913 636 934 729 ἡ
949 636 1095 728 Ἀραβίη.
1132 637 1223 728 λήγει
1240 641 1275 710 δὲ
1290 637 1377 727 αὕτη,

171 819 177 826 ,
249 744 291 817 οὐ
309 745 456 836 λήγουσα
479 754 510 817 εί
528 744 573 836 μή
591 744 704 840 νόμῳ,
726 749 760 827 ἐς
781 743 840 815 τὸν
859 743 986 815 κόλπου
1003 740 1063 812 τὸν
1081 739 1255 832 Ἀράβιον,
1277 747 1310 823 ἐς
1329 741 1381 811 τὸν

250 861 395 940 Δαρεῖος
407 853 445 920 ἐκ
458 854 519 919 τοῦ
534 857 662 920 Νείλου
677 848 825 940 διώρυχα
841 847 990 938 ἐσήγαγε.
1029 846 1140 935 Μέχρι
1153 848 1215 933 μέν
1229 875 1295 916 υυν
1310 855 1380 915 Φοι-

250 960 345 1042 νίκης
363 949 429 1022 ἆιιό
442 955 603 1042 Περσέων
617 958 723 1044 χοῖρος
746 949 872 1033 πλατὺς
893 951 949 1021 καὶ
970 947 1092 1030 πολλός
1111 953 1196 1019 ἐστι·
1226 949 1262 1019 τὸ
1278 950 1314 1020 di
1327 946 1383 1018 izi

251 1154 312 1205 dem
326 1167 408 1205 sensu
420 1150 562 1218 appellari,
575 1166 630 1218 qno
644 1152 697 1216 Ν,
712 1151 746 1203 37
757 1151 797 1202 di·
845 1153 904 1204 sive
920 1151 1100 1218 pseninsulee
1108 1154 1187 1218 perte
1200 1150 1320 1217 quedem
1330 1165 1385 1214 qno·

251 1224 323 1276 uitur
340 1222 375 1273 de
391 1221 504 1272 Persico
526 1221 572 1273 vel
591 1222 683 1288 potius
700 1220 795 1272 Indico
846 1221 989 1274 dummodo
1002 1220 1099 1273 heberi
1116 1220 1224 1272 debeat.
1258 1220 1319 1271 Uen
1334 1225 1385 1269 ten·

252 1292 337 1354 meri,
354 1306 407 1357 quo
420 1289 500 1342 simul
512 1290 751 1356 comprehenditur
760 1292 795 1341 si·
846 1298 903 1343 tum
922 1292 974 1342 hoc
992 1297 1130 1358 reeeptnrn
1147 1305 1206 1342 esse
1218 1305 1251 1340 so
1268 1288 1386 1355 loquendi

253 1377 304 1414 nus
322 1361 450 1412 Persicus
468 1361 515 1425 qui
536 1361 652 1423 dieitur,
677 1362 724 1411 vix
744 1365 796 1424 est,
846 1360 1059 1424 consuetudine,
1085 1365 1116 1411 nt
1140 1360 1188 1411 illu
1208 1374 1258 1410 ore
1277 1358 1385 1409 Arsbieo

253 1430 325 1497 qnod
344 1444 515 1490 monesmne3
535 1430 608 1482 noni.
626 1432 709 1483 etiem
726 1432 798 1482 Ren-
847 1433 973 1483 sinuium
983 1432 1130 1482 terminate
1141 1430 1323 1490 existimetur,
1333 1444 1386 1479 eun

253 1499 307 1552 nel.
319 1515 347 1565 p.
359 1499 425 1561 454,
441 1498 533 1577 Hepse
543 1498 562 1550 l.
576 1499 594 1550 l.
605 1515 669 1565 peg.
687 1499 744 1552 103.
847 1515 960 1565 revere,
978 1499 1086 1566 longine
1104 1514 1266 1566 progressu,
1290 1513 1386 1549 omnen

289 1557 309 1636 ή
327 1583 356 1619 τε
375 1566 502 1632 Περσικη
520 1563 567 1618 καί
586 1559 603 1634 ἡ
618 1561 676 1619 sind
696 1561 800 1633 ταύτης
848 1570 986 1634 Africum,
999 1586 1081 1636 quem
1095 1570 1131 1620 ab
1141 1571 1209 1621 Asie
1221 1567 1306 1633 vulgo
1319 1583 1388 1632 sept·

255 1656 281 1690 κ.
297 1654 320 1688 τ.
344 1635 380 1703 λ]
405 1638 549 1690 Sententia
570 1640 713 1706 scriptoris
730 1637 800 1689 heee
849 1646 937 1691 retem
958 1641 1071 1691 tertiern
1092 1640 1166 1691 orbie
1179 1643 1316 1690 terrerum
1334 1653 1389 1688 eon-

254 1713 309 1761 est:
337 1708 390 1758 hee
418 1706 506 1758 alters
529 1706 614 1758 Asine
637 1707 800 1773 paeninsula
849 1711 968 1761 stitnent
1007 1714 1128 1775 portem,
1173 1707 1388 1774 comprehendet

255 1777 389 1830 contineri
401 1777 516 1843 primunr
525 1776 678 1841 Persidem,
692 1776 800 1841 deinde,
849 1784 935 1845 Quem
951 1779 1006 1830 loei
1022 1794 1130 1830 sensum
1143 1777 1319 1829 Dnhlmsune
1331 1791 1389 1842 que

256 1863 327 1914 quse
339 1862 399 1900 eam
414 1847 546 1898 continuo
565 1847 700 1912 excipiet,
717 1848 801 1911 Assy·
851 1866 904 1916 que
917 1849 1061 1915 probatum
1072 1847 1188 1912 (Herod.
1199 1863 1262 1914 ρας.
1273 1847 1321 1909 84)
1330 1847 1389 1898 bene

255 1920 341 1983 rium,
364 1920 392 1968 et
410 1931 482 1982 quae
500 1915 565 1966 inde
582 1915 714 1981 incipiet,
735 1917 802 1966 Ara·
851 1919 1123 1985 expressitlrengins,
1136 1919 1257 1984 itemque
1266 1918 1345 1978 biiot,
1357 1916 1391 1965 el·

256 1988 343 2047 bium,
360 1987 400 2036 ite
411 1990 443 2037 nt
454 1987 615 2036 terminetur
630 1986 691 2035 sinu
705 1985 802 2034 Arabi·
852 1993 894 2039 ter
907 1988 1003 2040 Gallus
1018 1990 1153 2053 interpres
1171 1988 1255 2050 („non
1272 2003 1321 2050 pus
1335 1991 1391 2037 ricl-

257 2073 299 2110 eo.
331 2054 457 2123 Astyriae
481 2060 572 2106 sutem
595 2070 692 2105 nornen
718 2052 802 2103 latius
853 2063 952 2118 λυτικέ,
966 2063 1088 2125 moispur
1101 2075 1148 2109 une
1163 2060 1279 2109 eortede
1292 2074 1391 2109 corper-

257 2130 354 2193 pstere
369 2139 527 2190 omnemque
540 2123 735 2190 Babylonium,
748 2123 805 2172 Me·
853 2131 905 2178 tion
925 2126 1052 2196 adopsffl)
1084 2132 1113 2179 et
1137 2126 1224 2178 Italus
1249 2129 1391 2191 interpres:

258 2194 439 2261 sopotsmiern
453 2209 487 2244 ee
499 2193 607 2257 Syriam
619 2192 764 2258 complenti
777 2196 804 2243 et
853 2196 926 2261 (‚,ma
947 2203 1081 2249 εοιαιιιυιιι
1099 2199 1210 2250 secondo
1234 2202 1261 2248 la
1280 2203 1391 2247 οοιιτιιιια

258 2279 342 2329 suprs
360 2264 416 2313 iem
432 2263 585 2313 monuimus
608 2262 730 2328 (1,102.
755 2261 803 2311 177
855 2266 1016 2333 ορίιιίοιιι“),
1054 2265 1355 2336 Solsvreighseusernrn¹
1368 2268 1391 2314 et
1464 2295 1470 2306 ·

258 2332 345 2398 seq.),
367 2336 395 2382 et
413 2331 465 2383 hoe
484 2331 544 2382 loeo
565 2347 626 2382 eum
643 2329 754 2382 Rennel.
776 2346 803 2395 p.
854 2333 913 2397 ipse
931 2341 1048 2388 secutus.
1066 2363 1098 2373 -
1119 2336 1201 2388 Velet
1221 2336 1307 2401 igitur
1322 2349 1391 2399 sopp
1466 2369 1470 2378 .

258 2401 429 2455 subitorum
453 2415 602 2453 monemus.
631 2403 692 2464 Quo
710 2400 805 2450 eodem
855 2401 926 2452 idem
941 2398 1347 2473 ἰατοηιιοᾱτῴυευομισμέκηι,
1366 2407 1392 2452 nt

260 2475 387 2523 monente
409 2470 524 2522 Arabiae
555 2486 652 2521 nornen
685 2468 749 2520 olim
776 2475 804 2520 et
855 2471 899 2533 ΙΙ,
920 2471 962 2522 17.
981 2472 1033 2534 IV,
1048 2476 1090 2525 45.
1113 2475 1331 2542 Thucydid.VI‚
1351 2473 1391 2525 lb:

258 2543 349 2609 ipsum
374 2539 457 2592 letius
481 2540 572 2607 putuit
593 2539 629 2592 ed
644 2540 742 2606 Tigrin
760 2554 806 2590 ns·
856 2532 933 2608 υόμῳ
946 2532 1062 2619 μὲγγάρ
1075 2537 1141 2611 τιμή
1155 2537 1326 2596 τὰτοιαῦτα.
1341 2544 1392 2594 Nee

260 2629 312 2680 que
323 2612 537 2677 septentrionem
549 2626 645 2662 versus
662 2615 804 2671 extensee3
856 2612 936 2662 aliter
957 2624 1041 2675 νομος
1057 2610 1091 2662 de
1107 2616 1243 2666 communi
1262 2614 1392 2666 hominnm

260 2698 341 2748 quern
371 2697 432 2732 eum
462 2682 650 2748 angustiorem
678 2679 807 2732 hebuerit
857 2680 986 2747 opinione
1001 2681 1029 2731 in
1046 2679 1154 2735 Platon.
1171 2684 1287 2736 Phaedr.
1306 2700 1333 2749 p.
1347 2682 1390 2733 231

260 2750 416 2803 Herodotus
439 2752 582 2818 sinumque
605 2750 745 2802 Persicum
766 2752 808 2800 et-
857 2753 903 2812 D„
916 2750 964 2800 ubi
974 2750 1029 2801 vid.
1041 2751 1182 2803 Heindorf.
1192 2770 1218 2820 p.
1230 2753 1283 2805 203
1298 2761 1325 2804 et
1336 2755 1392 2804 Ast.

261 2838 313 2888 que
322 2821 468 2872 Arabicum
481 2821 562 2872 nimis
575 2820 628 2872 sibi
640 2820 807 2886 propinquos
858 2836 886 2885 p.
901 2818 962 2874 238.

261 2890 440 2957 cogitaverit,
468 2890 504 2940 eb
529 2891 628 2942 erroris
652 2890 807 2955 suspicione
894 2879 923 2947 ἐς
931 2879 981 2938 τὸν
992 2889 1115 2953 Δαρεῖος
1129 2916 1161 2926 -
1174 2879 1303 2957 ἐσήγαγε]
1323 2892 1392 2942 lleee

261 2959 307 3012 ille
322 2975 376 3011 non
388 2958 572 3011 absolvendus
584 2960 651 3022 erit,
663 2964 694 3009 ut
708 2959 808 3011 stetnit
858 2959 943 3010 verbe
967 2959 1031 3010 ideo
1052 2958 1121 3009 eddi
1138 2963 1219 3024 putet
1238 2960 1392 3011 Dshlrnsnn.

261 3028 389 3093 Bennoi,
419 3028 567 3079 subiiciens
592 3027 664 3079 hune
690 3044 808 3080 errorem
858 3028 961 3079 Herod.
983 3043 1047 3094 peg-
1068 3028 1118 3091 85,
1140 3028 1214 3093 qnod
1232 3028 1284 3080 boe
1301 3029 1392 3089 eeneii,

260 3097 306 3149 vel
317 3096 399 3147 Plinii
412 3097 459 3161 (ni.
472 3098 545 3148 Hist.
555 3097 620 3148 Nst.
629 3099 677 3159 VI,
687 3099 721 3149 28
730 3114 752 3150 s.
764 3097 808 3149 32.
860 3114 912 3164 quo
925 3097 1036 3148 rubrum
1048 3112 1121 3148 mere
1132 3112 1199 3149 enm·
1206 3100 1392 3150 mediterraneo

262 3170 288 3229 ff.
305 3166 366 3230 143)
379 3165 574 3217 eetetesdhue
590 3167 739 3218 exstitisse.
766 3168 808 3218 Ad
859 3168 927 3218 meri
943 3166 1130 3233 coniungitur,
1155 3167 1264 3232 integre
1286 3168 1393 3219 etfieitnr

261 3250 340 3286 usum
353 3240 381 3286 et
394 3234 621 3300 significationem
637 3236 714 3287 verbi
731 3227 809 3287 ἔασε·
860 3237 1030 3303 paeninsula.
1067 3238 1108 3288 De
1132 3237 1193 3302 ipso
1215 3237 1295 3287 Derii
1312 3236 1393 3288 enneli

262 3298 367 3369 κομέοη
379 3304 452 3355 conf.
468 3304 515 3366 lv,
529 3304 560 3355 41
574 3305 664 3371 ibique
675 3309 745 3357 nott.
860 3307 978 3358 diximus
989 3307 1025 3358 ed
1039 3307 1077 3369 11,
1095 3306 1153 3357 158.
1173 3307 1208 3357 In
1220 3307 1341 3372 proxime
1352 3322 1393 3355 sn—
1471 3336 1472 3339 =

299 3363 374 3438 λήγει
384 3366 414 3423 di
424 3360 507 3440 αὕτη]
527 3363 601 3452 peirn
619 3390 679 3425 enm
691 3379 808 3428 reeentt.
858 3376 965 3430 teeedd.
990 3376 1081 3428 verbio
1101 3380 1181 3428 eiures
1200 3377 1334 3428 Arabium
1355 3392 1393 3426 ex·

262 3441 324 3495 edd.
338 3443 581 3520 reeepiprootrmp.
606 3444 682 3506 Qnee
692 3461 809 3511 sequun-
858 3462 951 3513 presse
970 3447 1208 3509 commemoravit,
1238 3461 1317 3512 quern
1333 3446 1392 3495 eliu

262 3516 308 3563 tur
322 3511 419 3562 verbe:
436 3526 469 3563 ου
487 3503 608 3577 λήγουσα
625 3507 651 3565 εἰ
666 3505 704 3580 μή
720 3505 807 3581 νόμῳ,
859 3516 953 3567 latiori
963 3520 1043 3569 marie
1055 3517 1129 3568 rubri
1140 3515 1325 3582 appellatione
1332 3531 1393 3567 eon·

263 3597 281 3631 ιι
307 3579 445 3632 nonnullis
470 3582 540 3633 mele
567 3583 721 3648 intellecta,
746 3600 808 3635 eum
859 3585 1011 3650 prehendit.
1035 3585 1300 3638 Cf.Sohliehthorst.
1318 3602 1343 3652 p.
1358 3584 1392 3643 18,

263 3650 415 3716 Schweigh.
441 3655 482 3703 sie
503 3654 574 3703 inter
593 3655 679 3704 reteri
701 3653 807 3704 meliors
858 3655 1052 3722 Breiger.l.1.
1072 3670 1134 3721 ρας.
1158 3655 1188 3707 13
1215 3672 1273 3721 seq.
1294 3660 1322 3706 et
1343 3654 1392 3707 vid.

262 3738 312 3774 non
328 3738 389 3773 vere
405 3724 502 3788 quidem
522 3669 592 3788 (ιιίιή1
605 3742 675 3776 orum
692 3726 809 3775 desinere
860 3731 931 3778 nott.
950 3725 986 3775 ed
999 3725 1043 3789 11,
1063 3725 1090 3777 8.
1120 3725 1197 3787 Quae
1218 3725 1345 3776 continuo
1360 3739 1393 3773 ee

262 3806 295 3842 eo
310 3790 389 3855 loeo,
409 3792 456 3842 nbi
475 3792 552 3844 sinus
568 3793 702 3844 Arabicus
726 3795 810 3843 inter·
859 3800 980 3860 quuntur
992 3795 1092 3846 verber
1110 3792 1190 3859 μέχρι
1208 3788 1262 3860 μέν
1277 3792 1393 3843 rovdol-

261 3860 334 3913 ieeto
353 3860 453 3912 isthmo
479 3877 496 3913 s
520 3864 589 3913 meri
610 3863 809 3914 mediterreueo
859 3863 942 3931 νίκης
957 3880 1042 3931 neque
1062 3864 1099 3915 ed
1118 3854 1211 3930 ίςτήυ
1223 3861 1344 3931 τελευτᾷ,
1364 3861 1394 3911 td

262 3935 415 3995 separetur,
427 3930 475 3982 sed
487 3948 522 3983 ex
531 3949 578 3984 usu
587 3942 691 3999 recepto
700 3936 809 3984 tentum
858 3934 939 3986 finem
951 3950 1012 4001 erp.
1023 3933 1211 3985 snteoedentis
1224 3934 1362 3999 transponi
1372 3934 1395 3981 et

261 4001 409 4064 loqueridioe
418 4017 489 4053 more
505 3992 604 4066 (νόμῳ)
616 4001 672 4052 ἱΙΙίο
684 4002 809 4055 desinere
859 4011 925 4055 ente
937 4004 1022 4055 verbs
1030 3997 1115 4053 οἰκέει
1128 3993 1158 4053 d’
1173 3994 1203 4053 ἐκ
1215 4001 1249 4070 τῇ
1259 3994 1329 4069 α’κτῇ
1338 3992 1393 4051 ταί

261 4068 361 4132 putari,
376 4084 438 4118 eum
447 4085 543 4121 revers
557 4069 613 4121 illio
624 4086 678 4122 non
688 4071 808 4136 desinet,
859 4089 892 4140 τη
904 4067 993 4124 ἔθνεα
1006 4063 1172 4139 ἀνθρώπων
1183 4065 1334 4140 τριήκοντα
1347 4069 1394 4121 αο1-

262 4135 311 4187 sed
329 4134 444 4188 ulterius
462 4154 614 4203 progresso
633 4156 681 4206 per
702 4157 808 4193 omnem
858 4143 945 4195 loeeri
964 4143 1023 4194 vult
1042 4141 1162 4209 Spengel
1182 4146 1227 4194 in:
1248 4140 1392 4195 Rheinieeb

261 4205 438 4257 continuetur
454 4207 589 4269 Airioem3
612 4207 653 4258 ite
673 4214 705 4260 nt
724 4211 808 4262 etism
857 4214 929 4265 Mus.
938 4214 974 4266 N.
990 4215 1023 4264 F.
1040 4213 1088 4264 VI.
1102 4228 1137 4278 ps
1159 4248 1166 4263 .
1182 4213 1233 4264 156
1245 4228 1303 4277 seq.

261 4274 370 4337 Αἰσίου,
392 4290 463 4340 quse
478 4275 596 4327 Arabico
616 4277 679 4329 sinn
695 4278 730 4329 sb
739 4280 807 4332 Asis
892 4280 982 4347 χῶρος
992 4273 1097 4340 πλατὺς
1109 4228 1158 4331 sod
1171 4273 1284 4347 πολλός]
1299 4283 1347 4332 Est
1359 4294 1394 4329 re·

262 4344 401 4395 terminari
421 4343 504 4412 vulgo
526 4345 646 4409 dicetur,
672 4363 766 4400 verum
782 4351 807 4401 si
856 4351 904 4417 gio
917 4351 1000 4417 plene
1010 4352 1130 4416 itemque
1141 4351 1223 4417 longe
1236 4352 1343 4417 lateque
1355 4365 1394 4413 pr-

261 4429 391 4481 qneerss‚
416 4431 466 4480 pro
493 4415 574 4467 huius
602 4416 715 4469 ulterius
740 4434 806 4471 oree
856 4424 927 4474 tens.
947 4422 995 4474 Sin
1007 4423 1055 4487 1v,
1071 4420 1135 4473 109:
1155 4417 1241 4487 λίμνη
1257 4415 1393 4487 μεγίλητὲ
