3042 5125
503 380 731 458 ,durnin
753 381 815 442 111.
839 392 882 445 ιι.
906 391 948 447 ιο.
1264 385 1304 447 ss

264 566 452 660 Καμβύσης
467 573 504 642 dl
525 575 571 650 ἐκ,
584 574 744 662 Μέμφιος
759 568 899 643 ἀπίκετο
919 576 953 653 ἐς
975 571 1065 642 Σάϊν
1078 574 1194 661 πόλιν,
1217 582 1299 665 βου·
1312 591 1351 651 16

157 669 303 761 λόμευος
323 679 477 764 ποιῆσαι,
492 673 533 745 τὰ
548 673 590 766 δὴ
605 678 661 747 καὶ
676 679 823 764 ἐποίησε.
851 679 928 746 ἐπεί
944 703 981 746 τε
994 674 1057 766 γὰρ
1072 681 1194 768 ἐσῆλθε
1216 682 1249 759 ές
1262 678 1303 749 τὰ

156 780 223 844 τοῦ
242 771 397 865 Ἀμιέσιος
412 785 518 865 οίκία,
538 776 660 849 αὐτίκα
676 783 811 850 ἐκέλευε
831 781 868 848 ἐκ
882 785 941 869 τῆς
955 785 1064 869 ταφῆς
1077 778 1136 851 τὸν
1152 776 1303 870 Ἀμάσιος

158 881 267 949 νέκυν
288 883 446 971 ἐκφέρειν
459 888 532 968 ἔξω.
566 879 610 966 ὦς
625 884 662 954 dl
677 882 783 953 ταῦτα’
802 886 837 953 oi
848 885 1001 953 ἐπιτελέα
1015 886 1167 971 ἐγένετο,
1183 908 1300 974 μαστι-

157 988 245 1070 γοῦν
266 986 402 1077 ἐκέλευε
416 988 472 1057 καὶ
490 985 549 1068 τὰς
568 995 682 1077 τρίχας
697 983 908 1076 ιἰποτίλλειν,
932 988 988 1071 καὶ
1010 994 1176 1078 κευτροῦυ
1189 1016 1226 1058 τε
1246 991 1302 1058 καί

157 1184 239 1236 dress
252 1185 384 1238 Schottus
401 1185 558 1238 udCtesiee
572 1186 623 1238 11.
653 1187 706 1238 Sed
757 1180 1304 1252 {ypapuuodromntinuncrectele·

156 1254 191 1304 de
201 1260 264 1305 tote
277 1255 330 1307 hec
342 1273 371 1308 re
382 1255 538 1321 propediem
548 1256 706 1308 accuratius
756 1258 845 1324 gitur;
872 1259 900 1320 1,
918 1257 970 1308 29:
996 1252 1230 1322 προπέμψαντες
1252 1250 1303 1323 κή-

156 1324 277 1375 disseret
293 1326 427 1390 peculiari
447 1327 597 1391 scriptione
613 1325 705 1377 Helle·
757 1342 829 1392 ρυκα
849 1317 1060 1392 πρότερον
1082 1319 1203 1392 πόλεμον
1218 1341 1302 1392 προε-
1337 1352 1343 1364 ·

155 1395 230 1458 rich,
242 1396 385 1447 Professor
396 1396 481 1462 Lycei
494 1395 706 1459 Heidelbergen·
757 1394 869 1460 ροῦντα.
885 1396 956 1447 Add.
968 1397 1099 1460 vn1,uu.
1114 1397 1163 1459 IX,
1178 1399 1212 1450 62
1225 1401 1253 1448 et
1264 1397 1302 1447 cf.

156 1464 208 1515 nis.
755 1466 857 1517 Herod.
872 1467 925 1529 111,
936 1467 982 1518 49:
1001 1458 1175 1531 πρότεροι
1190 1494 1225 1503 -
1241 1454 1302 1532 ἦρ-

756 1532 836 1600 ξαν,
855 1536 934 1602 plune
953 1540 985 1586 ut
1003 1537 1075 1601 epud
1093 1535 1245 1602 Thucydid.
1263 1536 1302 1597 ΙΙ,

254 1668 264 1678 -
352 1568 511 1681 φζχνῐ·
755 1607 804 1657 39ι
835 1594 957 1671 ἄρξομαι
978 1631 1014 1644 ·-
1039 1603 1165 1678 πρῶτον,
1192 1607 1240 1657 ubi
1262 1605 1300 1657 cf.

193 1683 330 1736 ποιησαι,
349 1687 382 1720 τα
397 1669 434 1736 dq
450 1667 498 1720 καὶ
515 1662 642 1735 ἐποίησε]
665 1671 705 1720 Si·
755 1675 860 1741 Poppo.
888 1675 967 1740 Apud
979 1677 1117 1726 Romenoe
1130 1691 1239 1741 quoque
1251 1691 1301 1725 vo·

155 1739 250 1790 milem
271 1741 303 1791 in
323 1742 432 1792 modum
450 1743 551 1793 Noster
568 1756 650 1807 supra
665 1740 704 1803 ΙΙ,
755 1761 815 1795 cem
826 1762 916 1796 nereus
928 1744 1017 1794 verbis
1029 1760 1090 1796 cum
1103 1763 1132 1797 re
1142 1746 1301 1811 compositis

156 1809 205 1860 49ι
225 1808 338 1860 ποιεῦσι
354 1804 389 1860 τὰ
403 1808 529 1876 ποιεῦσι,
544 1813 567 1873 l,
583 1811 617 1862 39
629 1809 704 1860 eliis·
755 1815 870 1865 similem
881 1815 909 1864 in
919 1813 1027 1864 modum
1036 1815 1149 1880 adiungi
1159 1817 1229 1865 setis
1238 1829 1301 1866 con-

157 1895 212 1945 que
233 1879 316 1942 locis,
336 1896 404 1947 quos
422 1882 476 1932 iem
493 1881 588 1931 attulit
611 1895 704 1931 omnes
755 1889 827 1935 etat:
840 1884 875 1935 cf.
883 1884 1002 1948 Herzog.
1011 1885 1045 1934 sd
1057 1884 1168 1935 Sallust.
1178 1883 1302 1934 Cetil.l8

155 1949 276 2001 Bredor.
286 1966 313 2015 p.
324 1950 368 2004 39.
383 1951 415 2001 In
428 1966 482 2017 qne
491 1952 614 2003 eiusdem
626 1950 703 2001 verbi
755 1969 820 2019 pag.
833 1955 876 2004 88.
889 1979 923 1989 —
940 1944 991 2001 τὸν
1005 1944 1130 2017 Ἀμάσιος
1146 1948 1230 2003 νέκυν
1245 1955 1300 2004 No·

155 2019 322 2085 repetitione
340 2022 474 2087 insignem
493 2021 629 2086 quendum
647 2020 703 2070 viru
755 2028 812 2073 ster
824 2022 912 2085 dixit,
933 2023 1112 2087 quisuprsl‚
1126 2022 1185 2075 113.
1200 2023 1243 2085 ΙΙ,
1256 2021 1299 2072 89.

156 2090 249 2140 inesse
260 2105 339 2140 nemo
351 2105 406 2141 non
418 2089 505 2142 ridet.
526 2090 633 2141 Similia
645 2089 703 2155 plu·
754 2092 790 2142 99
803 2086 904 2156 νεκρὸν
919 2092 1041 2154 dixerat,
1054 2090 1177 2143 hocloco
1189 2091 1226 2141 ed
1238 2106 1301 2155 poe·

154 2160 240 2221 rime,
257 2159 374 2210 collecte
395 2176 409 2210 e
423 2161 512 2225 politis
530 2159 702 2225 praesertim,
753 2167 845 2212 torum
860 2162 956 2227 opinor
968 2177 1001 2211 uo
1017 2162 1177 2227 praesertim
1190 2160 1301 2211 Homeri

155 2229 297 2280 Herodoto
317 2245 372 2280 non
388 2230 504 2292 omisso,
524 2230 600 2280 dedit
612 2229 701 2279 Blom-
754 2247 833 2282 usum
847 2232 993 2295 secedens,
1008 2232 1055 2296 qni
1066 2230 1119 2281 hec
1132 2247 1200 2281 voce
1213 2231 1301 2281 utitur

154 2298 230 2348 field.
250 2299 277 2348 in
297 2299 418 2350 Glosser.
435 2299 470 2350 ed
487 2299 613 2365 Aeschyl.
630 2298 703 2363 Age·
753 2302 855 2366 Odyss.
868 2302 906 2364 X,
921 2301 982 2352 521.
998 2300 1046 2362 XI,
1060 2300 1121 2352 491.
1137 2301 1226 2360 XXII,
1238 2298 1299 2350 437.

155 2383 256 2418 memn.
269 2369 312 2419 oo.
342 2369 447 2434 dirigit
469 2384 577 2435 quoque
594 2368 646 2419 hoc
663 2368 702 2418 di·
753 2369 894 2436 Euripidis
907 2370 995 2420 locum
1008 2385 1040 2420 ex
1054 2369 1144 2421 Orcst.
1159 2368 1227 2421 1623
1238 2383 1299 2419 curu

155 2438 239 2488 cendi
253 2453 339 2503 genus
353 2437 476 2490 Nitnsch.
495 2439 530 2488 sd
542 2439 641 2504 Odyss.
654 2438 702 2499 XI,
754 2441 818 2492 eliis
838 2439 1000 2505 quibusdam
1017 2439 1114 2489 attulit
1131 2438 1296 2490 Valckencr.

157 2509 217 2558 111.
232 2522 295 2574 pag.
315 2508 366 2560 295
385 2513 413 2560 et
430 2509 527 2559 lucobs
547 2508 582 2558 ud
597 2506 702 2560 delion.
752 2510 824 2561 Add.
847 2508 990 2558 Plroeniss.
1015 2509 1066 2560 189
1094 2507 1299 2573 (Πολυνείκους

153 2579 189 2629 N.
203 2579 238 2628 A.
250 2578 274 2640 1,
287 2580 331 2631 59.
754 2574 865 2641 νέκυν),
877 2578 923 2628 ubi
935 2582 998 2643 epte
1012 2578 1162 2630 Herodotei
1175 2580 1230 2630 loci
1243 2594 1298 2629 me·

189 2639 222 2705 ίς
242 2645 276 2696 τὰ
294 2644 345 2695 τοῦ
365 2636 489 2713 Ἀμοίσιος
508 2642 597 2711 οίκιά]
626 2639 703 2695 οίκία
754 2663 812 2698 mor
826 2647 988 2710 fuitApetz.
1009 2662 1035 2712 p.
1051 2648 1109 2700 159.
1138 2649 1215 2699 Infra
1233 2663 1299 2713 quo·

155 2717 232 2782 epud
248 2718 416 2768 Herodotum
438 2721 466 2767 in
488 2716 588 2782 plurali
609 2716 642 2767 do
662 2730 702 2765 re·
754 2715 880 2782 quelli,
899 2718 932 2764 24
949 2716 1102 2781 promiscue
1119 2709 1134 2764 ὁ
1151 2710 1251 2781 νεκρὸς
1271 2722 1299 2779 et

152 2803 219 2851 gum
231 2787 345 2837 aedibus
357 2786 504 2851 palatiisve
524 2786 579 2835 dici
593 2788 621 2834 in
634 2785 700 2834 Les.
751 2784 769 2834 ο*
788 2779 870 2841 νέκυς
887 2783 998 2835 dicitur.

152 2856 290 2908 Herodot.
309 2861 426 2907 annotet
444 2855 596 2919 Sclrweigh.
612 2853 702 2903 citans
788 2845 827 2911 ὦς
844 2848 873 2902 el
891 2846 978 2903 τοῦτοί
992 2845 1021 2901 ol
1038 2842 1162 2901 έπιτείέα
1178 2840 1296 2913 ἐγένετο]

153 2928 184 2990 Ι,
200 2926 245 2979 35.
264 2926 308 2977 41.
327 2929 369 2978 41.
383 2926 425 2977 98.
444 2925 500 2988 111,
514 2924 557 2975 53.
574 2923 630 2973 140.
661 2921 702 2971 Ad
753 2925 772 2975 i.
786 2940 809 2975 e.
821 2940 874 2974 οαιο
886 2924 949 2974 loeo
957 2923 1116 2989 perfecisset.
1131 2920 1247 2970 Locutio
1257 2933 1299 2969 ee·

153 2998 243 3061 ipsein
261 3012 317 3046 rem
335 2997 406 3047 coni.
419 2996 462 3059 11,
477 2993 526 3046 lud
545 2998 573 3043 et
586 2993 645 3054 111,
660 2989 702 3051 10,
753 2995 791 3045 tie
802 2993 930 3058 frequens
942 2994 1015 3057 opud
1027 2990 1209 3048 Herodotum
1227 2988 1297 3039 conf.

153 3066 227 3117 unde
248 3065 368 3117 forsitan
387 3066 447 3131 quis
465 3063 490 3115 h.
512 3062 530 3112 l.
549 3060 703 3126 intelligere
754 3063 851 3125 1,111.
867 3057 1297 3124 124.111,141.1v‚4.5.v,107.

152 3135 260 3187 mavult
279 3127 312 3184 τὰ
328 3129 404 3184 οίκία
420 3133 453 3183 de
470 3132 637 3197 amplissime
653 3128 703 3180 ille
753 3133 815 3195 vn,
833 3133 874 3185 ll.
888 3131 932 3192 39,
945 3146 1013 3196 quae
1025 3130 1094 3180 citet
1104 3127 1256 3192 Schweigh.
1270 3128 1298 3176 in

152 3206 323 3268 aedesseni,
336 3202 611 3268 cuiprivetoeoedes
623 3201 702 3250 Amc-
753 3203 821 3252 Lex.
840 3201 943 3252 Herod.
974 3198 1107 3251 Voculam
1129 3190 1160 3246 οί
1174 3212 1234 3247 cum
1257 3211 1298 3246 re-

151 3275 222 3326 sidio
232 3275 392 3325 adstructee
401 3273 503 3323 fuerint
511 3272 653 3337 ipsumque
662 3284 703 3320 ee·
752 3277 837 3322 centt.
848 3270 908 3322 edd.
922 3270 1032 3321 retinui.
1045 3297 1076 3304 —
1087 3268 1152 3318 Mox
1162 3283 1223 3318 eum
1232 3267 1298 3316 Din-

152 3345 286 3410 pulcrum.
321 3344 382 3406 „De
397 3342 505 3408 regibus
517 3341 635 3406 Aegypti
647 3355 701 3389 non
753 3333 1297 3401 ᾱοτ1.ο11)ἰοιοο11.5οᾶίκεντροῦυ,υ1

152 3414 243 3466 solum
267 3415 296 3463 in
321 3412 454 3479 hypogeis
483 3406 638 3476 (sepulcris)
661 3424 701 3458 re·
753 3410 891 3461 Senorofti
907 3408 975 3460 liber
993 3415 1021 3459 et
1038 3408 1092 3457 Dio
1109 3406 1295 3471 Chryscstom.

151 3486 223 3549 giis,
236 3482 285 3535 sed
298 3482 382 3533 etiarn
395 3483 424 3531 in
435 3480 504 3532 loeis
518 3481 622 3542 sacris,
636 3484 703 3529 tem·
753 3480 892 3529 xxxvli.
910 3494 938 3544 p.
951 3480 1001 3529 497
1022 3476 1145 3538 exhibet,
1163 3475 1297 3540 probante

152 3554 208 3620 plis
221 3552 331 3618 sepeliri
344 3550 448 3614 solitis,
466 3555 498 3600 ut
510 3548 701 3616 Osymcudyee
752 3563 860 3614 qnoque
872 3547 990 3598 Lobeclr.
1002 3549 1032 3597 in
1041 3537 1183 3610 Ῥηματικ.
1196 3560 1223 3609 p.
1238 3544 1297 3595 171.

152 3623 228 3689 opud
238 3621 368 3686 Diodor.,
386 3621 422 3673 cf.
435 3620 572 3685 Descript.
591 3619 625 3670 de
645 3617 701 3668 l'E-
752 3618 841 3684 Vulgo
854 3615 973 3666 κεντοῦν
988 3633 1005 3667 e
1019 3614 1103 3667 verbo
1114 3610 1234 3675 κεντότο,
1252 3627 1297 3663 cu·

152 3699 232 3759 gypt.
253 3693 286 3743 T.
300 3693 337 3744 ΙΙ.
356 3707 390 3757 pe
413 3729 420 3742 .
439 3691 498 3742 154.
506 3691 523 3715 “
550 3692 600 3741 Cr.
613 3715 648 3724 —
667 3688 700 3737 ln
750 3689 793 3737 ius
806 3687 908 3738 nullum
921 3686 989 3736 alibi
1004 3685 1151 3748 vestigium
1169 3683 1297 3752 occurrit.

152 3779 231 3828 seqq.
245 3752 377 3826 ἐκφέρειν
391 3707 444 3821 {ite
460 3760 496 3810 od
513 3760 626 3810 eundem
641 3773 700 3809 ore·
750 3759 793 3808 De
812 3756 949 3807 Amasidis
971 3754 1106 3806 cadavere
1129 3767 1146 3802 e
1164 3752 1297 3815 Cambyse

152 3834 239 3883 tionis
248 3830 337 3882 refero
348 3829 544 3882 abundantiam
556 3827 701 3895 quandem,
752 3827 877 3877 omnibus
895 3825 981 3876 modis
1005 3822 1108 3874 violeto
1132 3836 1164 3871 ec
1181 3820 1297 3884 denique

154 3918 210 3967 que
229 3901 303 3950 infre
320 3902 376 3966 ΙΙΙ,
394 3903 427 3953 75
440 3899 554 3964 legitur:
578 3888 701 3947 οἷνακτᾱ·
752 3898 868 3945 flonrmie
890 3895 992 3945 trudito
1010 3893 1094 3943 refert
1110 3904 1216 3954 quoque
1233 3889 1299 3939 Dio-

153 3971 227 4021 οθαι
244 3960 375 4035 ὀπίσω,
397 3971 444 4020 ubi
461 3974 543 4020 entes
561 3967 701 4025 eudemio
752 3966 835 4016 (lorus
854 3965 892 4025 Χ,
913 3964 946 4015 32
973 3963 1126 4027 (Excerptt.
1146 3958 1251 4009 Veless.
1269 3973 1296 4023 p.

153 4057 183 4092 re
207 4040 293 4092 verbo
317 4055 370 4091 uno
396 4055 502 4104 semper
520 4040 621 4091 Noster
642 4042 702 4088 eret
753 4034 826 4097 249).
967 4091 973 4109 ,

155 4124 223 4162 usus
245 4115 274 4160 et
294 4108 362 4172 vlu,
388 4111 454 4161 225:
487 4098 702 4173 ἄνεχῶρουν
788 4097 839 4162 τὰς
849 4099 945 4166 τρίχας
955 4093 1126 4160 exortum]
1141 4095 1299 4158 „QuodNo-

154 4171 171 4228 α’
179 4178 281 4240 πίσω,
297 4179 320 4240 1,
334 4179 392 4230 195.
403 4179 435 4241 V,
448 4179 492 4241 21,
504 4177 550 4227 ubi
561 4177 617 4228 rid.
630 4182 702 4227 nott.
754 4178 810 4222 ster
821 4169 949 4238 capillum
958 4167 1094 4219 Amesidis
1107 4164 1228 4216 evulsum
1243 4180 1297 4215 me-

154 4250 204 4312 lv,
217 4248 267 4299 30:
286 4238 399 4297 ὀπίσω
416 4237 631 4298 ἀπελαύνουσι.
654 4247 702 4308 Π,
754 4250 856 4305 moret,
871 4241 962 4291 fecere
976 4237 1084 4303 quidem
1094 4251 1155 4285 cum
1167 4250 1199 4285 eo
1210 4233 1298 4285 rideri

154 4318 198 4371 33.
211 4316 258 4368 43.
278 4316 336 4380 ΙΙΙ,
352 4316 416 4378 135;
437 4318 492 4379 IX,
508 4315 553 4366 102
577 4307 702 4380 ἔξεληλῦ-
753 4318 846 4377 potest
859 4307 1057 4377 quodammodo
1071 4304 1208 4356 Diodorus
1221 4304 1298 4354 Sicu·

154 4389 249 4439 droun
264 4378 318 4446 ἔξω
331 4377 480 4451 Σπάρτηςς
496 4386 616 4453 itemque
630 4384 702 4450 opud
753 4381 796 4433 lus
808 4383 836 4445 1,
848 4380 879 4432 91
902 4379 997 4429 itidem
1016 4375 1086 4442 pilos
1106 4375 1134 4424 iu
1146 4372 1299 4438 superciliis

154 4456 378 4524 Thucydidem,
392 4456 439 4508 23:
458 4446 509 4512 τὰς
520 4448 612 4513 αίτίας
624 4467 703 4519 προ-
755 4456 783 4501 et
808 4450 945 4516 palpebris
967 4447 1131 4498 caducorum
1153 4441 1300 4493 medicato·

1051 4525 1097 4587 3*
