3042 5125
256 365 316 429 180
686 360 958 423 HERODOTI

252 584 289 626 τε
316 557 373 625 καὶ
398 549 593 642 τετρακόσια
621 548 781 621 τάλαντα·
816 549 918 640 νομὸς
943 551 1079 628 δέκατος
1097 539 1205 629 οὗτος.
1246 546 1376 616 Κάσπιοι

254 759 371 825 Magnae
385 754 492 807 Mediae
516 753 655 819 acceperit
677 749 798 818 appella·
851 750 957 801 tebrun.
969 746 988 800 1.
1000 748 1030 812 1.,
1041 749 1070 798 in
1080 747 1156 798 bisce
1166 749 1252 798 tribus
1264 748 1380 813 satrapiis

255 829 373 889 tionem,
392 829 419 877 et
438 839 508 891 quae
527 820 799 874 nuncvoceturlralx
850 818 1020 872 Herodotum
1041 817 1163 868 ordinem
1184 819 1261 883 sequi
1280 834 1380 884 geogra-

255 897 361 955 Aiaml;
381 910 452 962 quae
465 894 556 945 Media
578 894 665 943 minor
684 891 798 943 ..Atro
851 887 1155 956 phicumameridiead
1168 889 1380 954 septentrionem

256 973 355 1034 patene
368 970 466 1031 postea
476 963 622 1014 vocatasit
635 967 663 1012 et
675 976 747 1012 nnnc
759 959 798 1009 di·
851 959 921 1011 unde
934 958 1048 1009 ulterius
1065 958 1282 1024 progredientem
1297 959 1331 1008 ad
1345 972 1381 1008 se

256 1041 336 1087 catur
361 1033 543 1098 Aderbidian,
573 1047 633 1083 eam
658 1030 798 1081 Herodoto
852 1028 1036 1096 pteutrionem
1059 1042 1212 1078 memorare
1237 1029 1336 1092 Caspios
1357 1027 1380 1075 in

256 1122 317 1158 esse
335 1105 475 1157 Matieaen.
499 1103 533 1153 In
550 1103 686 1152 Bisutuna
703 1100 799 1151 inscri-
852 1099 996 1150 undecima
1013 1098 1153 1163 satrapis,
1178 1098 1207 1147 in
1225 1095 1381 1151 meridionali

257 1177 350 1243 ptione
365 1175 442 1225 deest
450 1173 532 1223 buius
544 1177 635 1222 terrae
645 1185 754 1221 nomen:
772 1171 800 1218 in
852 1168 1010 1221 claustrali
1026 1167 1121 1233 Caspii
1137 1169 1222 1218 maris
1241 1171 1326 1216 tractu
1341 1165 1382 1215 bs·

258 1246 364 1297 duabus
381 1243 476 1295 alteris
490 1240 713 1307 inscriptionibus
726 1254 801 1305 repe-
852 1241 987 1301 bitantes,
1007 1243 1035 1287 et
1051 1239 1172 1301 Deitas,
1191 1244 1248 1288 tum
1266 1236 1380 1301 temporis

257 1317 327 1366 ritnr
343 1314 410 1365 Mad
424 1329 447 1363 s.
459 1310 623 1362 Madcrvid.
635 1310 739 1361 Lassen
751 1309 772 1360 l.
781 1309 800 1360 l.
852 1310 928 1360 cirea
955 1308 1071 1373 Caspiae
1096 1312 1192 1373 portas
1220 1306 1290 1358 hand
1311 1306 1380 1356 dubie

259 1401 285 1451 p.
300 1386 334 1436 48
347 1390 376 1434 et
387 1384 485 1433 Ritter.
495 1379 514 1430 l.
528 1379 545 1429 l.
561 1396 623 1446 pag.
637 1379 679 1430 88.
696 1381 738 1429 De
749 1380 802 1429 Ec·
852 1379 1021 1430 habitantes.

259 1456 373 1515 bntcnb,
393 1466 463 1517 qnae
474 1451 541 1501 nrbs
552 1450 580 1500 in
591 1447 803 1515 septentrionali
889 1441 1014 1497 Κάσπιοι
1029 1440 1059 1495 δὲ
1071 1442 1120 1495 καὶ
1130 1444 1271 1495 Honestius
1279 1460 1303 1494 κ.
1316 1460 1335 1493 τ.
1349 1441 1378 1508 t]

259 1522 417 1590 provinciae
432 1524 510 1587 parte
526 1524 586 1571 erat
597 1520 665 1582 sita,
684 1519 802 1569 diximus
854 1519 913 1568 Has
940 1522 1036 1584 gentes
1051 1531 1147 1567 omnes
1165 1518 1224 1567 sine
1243 1515 1322 1565 dubio
1336 1529 1381 1562 me·

259 1593 295 1644 ad
310 1592 339 1655 1,
350 1592 395 1652 08,
407 1591 454 1640 ubi
467 1591 550 1641 etiam
561 1588 594 1641 de
607 1590 744 1654 scriptura
754 1603 802 1640 vo·
854 1586 1016 1638 ridionalem
1026 1585 1121 1651 Caspii
1131 1587 1215 1636 maris
1227 1589 1337 1634 tractum
1349 1588 1381 1632 te·

260 1663 310 1713 cis.
335 1663 488 1713 Paricanios
504 1659 606 1711 rectius
624 1659 680 1709 dici
694 1661 802 1709 Paretu-
854 1658 949 1708 unisse
969 1656 1032 1707 inde
1047 1656 1140 1720 scyri
1161 1656 1241 1707 ostiis
1257 1653 1381 1720 usquead

260 1748 337 1783 cenos
357 1731 439 1797 (quae
460 1745 526 1796 gens
542 1730 570 1779 br
586 1728 709 1779 confiniis
722 1728 803 1778 buius
855 1730 942 1777 Oxum
953 1742 970 1777 a
980 1726 1092 1777 meridie
1101 1725 1241 1776 montibus
1250 1723 1311 1775 altis
1319 1722 1382 1772 clan-

260 1801 451 1868 prseiecturae
468 1798 648 1851 orientalibus
663 1814 680 1848 a
692 1797 804 1848 Perside
855 1812 928 1859 snm,
948 1795 1061 1847 coniicit
1069 1795 1185 1847 Rennel.
1198 1795 1217 1846 l.
1228 1793 1246 1845 Ι.
1260 1809 1319 1860 pag.
1330 1792 1382 1843 502.

261 1871 325 1922 inde
337 1886 423 1937 usque
440 1870 476 1920 ad
488 1870 604 1935 Caspias
616 1867 713 1919 fauces
725 1866 804 1919 sedes
854 1869 878 1918 N
881 1882 934 1918 unc
950 1871 1041 1918 terrac
1057 1871 1196 1917 vocantur
1209 1864 1318 1925 blbilsn,
1333 1862 1381 1910 Ma·

261 1941 372 2002 babuit,
392 1939 466 1992 conl.
484 1940 568 1990 etiam
584 1939 646 1989 Van
666 1937 713 1988 der
731 1937 804 2002 chys
856 1937 990 1987 sanderan
1004 1936 1062 1987 sive
1076 1934 1257 1995 Taberistan,
1274 1931 1382 1991 Korkau,

262 2011 413 2062 comment.
437 2025 530 2075 geogr.
554 2008 588 2058 ad
605 2008 712 2057 Arrisu.
738 2022 803 2072 pag.
855 2007 1007 2057 Dabestau.
1030 2005 1083 2055 Sed
1100 2005 1233 2056 videntur
1250 2006 1315 2055 istae
1329 2016 1381 2067 gen·

261 2080 294 2131 01
315 2086 343 2131 et
366 2095 436 2145 quae
460 2094 544 2144 supra
565 2080 705 2143 posuimus
727 2077 763 2127 sd
780 2078 803 2137 1,
855 2082 897 2127 tes
910 2075 1025 2142 posthac
1044 2089 1108 2125 suas
1118 2075 1201 2126 sedes
1221 2088 1324 2141 prorsus
1335 2086 1382 2119 mn-

264 2148 309 2200 101
327 2149 387 2199 coll.
401 2149 465 2211 VII,
475 2148 536 2214 86),
552 2147 676 2199 Rennelii
689 2152 730 2197 est
744 2162 804 2197 sen·
855 2152 944 2208 tasse,
964 2161 1024 2197 oum
1036 2144 1112 2196 nulla
1123 2146 1244 2211 amplius
1256 2158 1339 2194 eamn
1350 2141 1382 2188 in·

263 2221 350 2268 tentia
362 2218 380 2267 l.
394 2217 412 2268 l.
428 2233 489 2283 pag.
503 2218 551 2268 501
569 2216 632 2267 coll.
647 2215 803 2267 Maltebrnn
854 2211 1382 2267 veniaturmentio.Gonf.Heerenldeen

262 2288 280 2338 l.
293 2286 312 2338 l.
330 2301 393 2352 pag.
409 2286 469 2341 338.
495 2286 548 2337 Cui
563 2286 720 2350 obloquitur
738 2285 803 2335 Lar·
855 2287 883 2349 1,
898 2288 923 2338 2.
936 2302 962 2351 p.
976 2286 1037 2336 290.
1062 2284 1103 2335 Ad
1119 2286 1230 2351 Caspios
1243 2283 1310 2349 qnod
1329 2280 1382 2331 atti·

263 2356 335 2407 cher.
345 2356 373 2404 in
384 2355 454 2404 Tab.
470 2371 563 2421 geogr.
573 2372 595 2406 s.
605 2371 642 2415 v.,
654 2371 715 2405 cum
723 2355 804 2404 Pare·
856 2362 911 2420 net,
926 2359 1111 2406 memorantur
1122 2354 1164 2405 illi
1176 2355 1205 2406 in
1216 2354 1309 2405 Xerxis
1320 2365 1382 2402 exer·

264 2425 355 2474 taceni
372 2423 475 2473 inerint
486 2425 626 2474 Medorum
640 2440 693 2475 uua
707 2424 804 2485 tribus,
855 2427 914 2476 citu
923 2426 986 2487 Vll,
998 2425 1041 2477 et.
1050 2423 1094 2487 86,
1105 2424 1154 2475 ubi
1165 2430 1303 2490 praeterea
1312 2422 1382 2473 etiam

264 2491 438 2545 discernendi
450 2492 535 2557 igilur
547 2507 564 2542 a
576 2494 745 2555 Paricaniis,
757 2495 805 2560 qui
854 2495 1012 2546 indicantur
1028 2485 1186 2560 Κάσπειροι
1204 2490 1252 2544 καὶ
1272 2480 1382 2557 Hapsas-

264 2566 338 2614 intra
348 2560 442 2614 Medos
453 2568 480 2614 et
489 2560 750 2629 Ortbocorybsutios
763 2580 804 2615 se·
857 2580 923 2616 νιοι.
940 2566 1038 2628 Sedes,
1055 2571 1085 2616 ut
1097 2565 1231 2628 diximus,
1250 2564 1381 2614 imbueres
1457 2562 1464 2578 ⁴

266 2635 313 2685 des
330 2633 452 2685 tenuisse
468 2631 623 2683 videantur.
651 2634 805 2685 Maltebrnn
856 2636 968 2687 meridie
981 2635 1077 2701 Caspii
1094 2636 1194 2698 maris,
1207 2636 1241 2685 ab
1254 2636 1350 2686 oriente
1359 2633 1382 2678 et

265 2704 315 2756 ll.
331 2707 439 2770 gentem
452 2702 520 2753 dicit
534 2717 582 2767 per
593 2702 684 2766 plures
696 2704 806 2768 provin·
857 2706 1042 2772 septentrione
1055 2704 1174 2757 Mediae.
1200 2697 1382 2756 Conillennel.

266 2776 324 2826 cias
342 2788 475 2840 sparsam.
502 2773 554 2834 Qui
572 2771 631 2831 111,
648 2770 682 2822 04
694 2771 806 2822 Aetbio-
858 2774 876 2823 l.
886 2774 922 2838 1.,
941 2774 1104 2826 Billerbecls.
1124 2775 1142 2826 l.
1158 2775 1177 2827 l.
1190 2790 1251 2841 pag.
1266 2772 1296 2824 10
1306 2772 1382 2834 ibique

266 2845 346 2910 pibus
359 2844 508 2910 iunguntur
520 2844 659 2904 Perdocuit,
677 2841 712 2891 ad
724 2841 807 2891 aliam
857 2843 970 2895 Ptolem.
984 2845 1047 2907 vll,
1062 2845 1084 2905 1,
1097 2846 1142 2894 cui
1155 2844 1225 2896 adde
1234 2846 1323 2908 Pomp.
1336 2840 1383 2890 Me·

267 2915 347 2966 buius
363 2914 454 2980 gentis
472 2913 601 2977 vagantis
618 2927 652 2962 ac
662 2912 808 2962 nomadum
859 2911 1099 2976 lam111‚5.§.39:
1117 2915 1213 2976 „intns
1227 2919 1288 2965 sunt
1300 2911 1332 2962 ad
1342 2908 1383 2959 ca·

267 2984 302 3034 ad
315 2987 403 3034 instar
413 2983 533 3034 virentis
547 2982 647 3031 tribum
665 2981 809 3046 pertinuis·
859 2982 948 3046 psium
970 2982 1059 3031 sinum
1071 2984 1160 3049 Caspii
1174 2988 1202 3035 et
1219 2975 1383 3035 Amasenesf‘

267 3069 297 3104 se
308 3054 448 3112 videntum
470 3052 527 3102 vid.
545 3052 663 3101 Lasseu:
680 3051 808 3115 Beitrttge
860 3054 951 3113 Quare
960 3065 1014 3099 non
1026 3049 1130 3115 placet,
1144 3055 1218 3119 qnod
1230 3054 1328 3105 (latter.
1340 3048 1384 3098 Ca·

268 3127 320 3172 etc.
338 3138 399 3187 pag.
417 3121 451 3172 65
464 3135 539 3185 seq,
558 3121 605 3185 qui
617 3119 700 3170 etiam
713 3121 742 3169 in
760 3135 807 3170 no·
859 3122 934 3185 apios
948 3119 1090 3170 habitasse
1099 3120 1159 3170 vult
1168 3125 1239 3175 inter
1252 3136 1321 3173 mare
1329 3112 1384 3169 Arsi

268 3206 329 3241 meu
355 3191 446 3257 gentis
468 3190 557 3255 ipsum
583 3188 734 3252 inquisivit.
764 3189 808 3241 cf.
856 3195 883 3241 et
891 3190 1057 3255 litusCaspii
1068 3191 1151 3240 maris
1161 3190 1384 3257 euroaquilonium‚

268 3261 351 3311 etiam
365 3261 485 3324 Jacquet
495 3260 523 3309 in
535 3256 650 3309 Journal
665 3258 809 3323 Asiatique
858 3260 887 3308 in
899 3260 978 3310 litore
995 3258 1166 3309 meridionali
1180 3261 1307 3322 Iaxartis,
1324 3255 1384 3308 nude

269 3330 326 3381 Ser.
340 3330 392 3380 111.
406 3330 439 3380 Τ.
451 3328 484 3378 V.
499 3343 559 3393 pag.
576 3326 629 3379 582
640 3342 696 3393 seq.
720 3326 809 3380 Orrlo-
861 3334 923 3393 post
941 3328 1109 3380 occidentem
1132 3344 1230 3381 versus
1243 3337 1384 3395 progressos

268 3400 430 3465 corybantios
454 3399 481 3447 in
503 3396 676 3448 meridionali
704 3398 809 3463 praese·
860 3398 1385 3464 essecmpioseeinlooa,quaesitus-

268 3474 363 3521 oturae
371 3472 462 3518 tractu
471 3467 610 3518 habitasse
620 3466 732 3518 Rennel.
747 3483 810 3518 con·
860 3475 947 3520 tanim
956 3469 1384 3534 fuerint,antequamin1·2ur0psm

269 3538 374 3600 tendit,
387 3537 434 3587 ubi
447 3553 519 3588 nunc
529 3542 603 3588 terra
617 3537 810 3598 Kurrimebad,
859 3540 946 3604 primo
960 3539 1018 3590 sere
1029 3543 1092 3604 post
1110 3538 1174 3591 Cbr.
1192 3555 1220 3590 n.
1232 3535 1334 3589 saeculo
1345 3531 1386 3581 nri·

269 3608 340 3673 qnod
363 3607 462 3672 probat
484 3607 589 3658 Lassen
607 3606 626 3657 l.
645 3606 663 3656 l.
682 3623 744 3673 pag.
765 3609 808 3659 05.

268 3678 383 3743 lacquet
394 3677 412 3726 l.
427 3676 445 3727 l.
459 3692 521 3742 pag.
536 3677 584 3729 581
604 3677 693 3740 gentis
711 3692 809 3727 nomen

269 3749 311 3798 sic
335 3746 470 3812 explicet,
491 3751 523 3797 ut
545 3745 681 3812 significet
706 3751 810 3798 exorna

269 3815 407 3885 (monuwa)
418 3819 565 3869 obtinentes.
580 3816 684 3867 Gatter.
700 3816 741 3878 (in
753 3823 810 3867 not.

269 3887 305 3937 ad
319 3886 482 3940 Billerbeclr.
499 3888 573 3938 Dias.
585 3884 617 3952 l.)
638 3890 665 3937 et
679 3886 728 3936 has
747 3901 811 3952 gen·

270 3961 311 4007 tes
329 3962 357 4007 et
378 3972 437 4021 eas,
457 3972 527 4023 quae
545 3956 685 4022 proximae
704 3958 811 4022 provin-

269 4030 330 4076 ciae
347 4025 448 4077 fuerint
466 4026 638 4091 adscriptae,
653 4027 687 4077 ab
705 4026 810 4077 oriente

270 4094 352 4145 maris
373 4095 468 4160 Caspii
493 4097 521 4147 in
548 4099 629 4146 terris
653 4096 809 4147 borealibus

269 4164 438 4228 quaerendas
452 4180 513 4216 esse
524 4167 639 4227 statuit3
652 4166 809 4217 Paricanio·

269 4249 329 4284 rum
342 4234 421 4285 sedes
433 4250 450 4285 a
463 4235 574 4287 meridie
586 4236 706 4287 Iaxartis
717 4237 745 4285 in
757 4252 811 4286 me-

269 4302 315 4353 dio
327 4301 386 4354 iere
399 4319 479 4354 cursu
494 4320 579 4370 usque
596 4307 632 4358 ad
644 4304 734 4357 lacum
745 4305 810 4357 Auel

269 4373 355 4424 irrisae
368 4373 463 4424 videri.

303 4435 390 4507 νομὸς
403 4437 519 4501 δέκατος
534 4430 628 4512 οὗτος]
640 4448 734 4498 Mouet
742 4446 811 4497 Mal·

860 3609 1385 3675 grarintseeuratinsdeCaepiormaeu

861 3683 888 3730 te
904 3680 1057 3745 disputavit
1075 3679 1180 3730 Ritterr
1198 3675 1338 3729 Erdlrunde
1354 3670 1385 3720 ll·

861 3764 925 3814 pag.
933 3750 985 3800 890
991 3765 1064 3815 seqq.
1076 3748 1129 3811 Qui
1137 3752 1165 3799 et
1175 3751 1232 3815 ipse
1237 3747 1322 3814 gentis
1330 3740 1384 3820 oliui

862 3821 996 3870 maximae
1018 3825 1046 3870 et
1066 3821 1221 3870 mercaturi
1241 3813 1386 3868 florentissi-

860 3904 921 3939 mae
932 3890 1011 3941 sedes
1021 3889 1049 3939 in
1060 3888 1231 3940 meridionali
1241 3884 1328 3950 Caspii
1337 3894 1385 3930 ms·

861 3959 912 4020 ris,
926 3959 998 4023 quod
1012 3959 1074 4009 inde
1090 3974 1188 4011 nornen
1202 3958 1292 4020 traxit,
1304 3952 1385 4003 tractu

861 4028 993 4094 usquead
1009 4032 1102 4094 portas
1118 4029 1233 4094 Caspias
1248 4027 1301 4077 iere
1312 4022 1386 4073 luisse

860 4098 972 4163 probat,
989 4099 1028 4148 ita
1041 4104 1073 4150 ut
1088 4100 1229 4150 Persarum
1240 4099 1327 4148 aetate
1338 4096 1384 4139 ter·

860 4184 918 4219 reru
931 4167 1029 4219 Ghilsn
1039 4174 1068 4221 et
1079 4169 1206 4221 Derbend
1216 4167 1329 4218 tenuisse
1343 4172 1385 4224 pu·

861 4238 940 4289 tandi
960 4239 1025 4290 sint.
1046 4239 1166 4291 Posthac
1187 4242 1278 4289 autem
1301 4240 1385 4283 nomen

860 4310 951 4373 gentis
963 4309 1064 4361 sensim
1076 4311 1228 4375 sensimque
1237 4309 1384 4359 evanescere

861 4379 932 4428 idem
954 4379 1073 4430 subiicit.
1099 4380 1217 4442 Nomen,
1233 4376 1320 4428 codem
1336 4382 1384 4419 111⁰·

861 4453 955 4514 nente,
967 4450 1134 4501 derivatura
1147 4451 1226 4515 Oasp,
1243 4443 1311 4513 quod
1325 4453 1383 4490 aaa
