3042 5125
507 366 711 426 THALIA.
733 366 793 426 lll.
815 376 842 429 4.
861 379 887 430 ὁ.
1246 365 1267 431 9

124 562 255 642 ἔλασιν,
270 545 338 627 ὦσε
351 560 560 646 παραινέων·
574 558 752 644 πέμψαντα
765 555 855 645 παρὰ
866 555 924 627 τὸν
940 553 1106 645 Ἀραβίων
1127 559 1267 646 βασιλέα

125 664 279 747 δέεσθαι,
291 658 356 749 τὴν
370 658 522 743 διέξοδόν
530 663 566 730 ολ
573 657 726 749 ἀσφαλέα
739 676 934 749 παρασχεῖν.
958 661 1082 749 Μούνῃ
1103 662 1140 730 δὲ
1162 661 1266 751 ταύτῃ
1289 686 1308 745 5

125 765 195 835 ελσλ
215 766 360 852 φανεραὶ
383 767 518 852 ἐσβολαὶ
538 768 571 844 ἐς
595 774 780 852 Αιγυπτον.
815 761 881 833 ἀπὸ
909 761 974 851 γὰρ
994 770 1154 854 Φοινίκης
1172 766 1266 854 μέχρι

33 962 37 968 ⁴
126 866 326 958 οὔρωνιοῖν
337 867 506 949 Καδύτιος
518 867 632 949 πόλιός
646 871 714 939 ἐστι
723 866 855 957 4Σύριον
868 873 937 936 τῶν
949 874 1188 939 Παλαιστινῶν
1207 895 1267 937 αα·

163 1069 360 1136 ludmeapitis
369 1086 433 1136 pro:
446 1063 523 1136 παρὰ
532 1062 675 1138 τὸνἌρα-
725 1069 811 1140 βολαί
820 1070 914 1122 eodem
930 1086 1038 1135 prorsus
1048 1071 1128 1122 modo
1141 1070 1270 1121 dicuntur

128 1139 217 1208 βίων
234 1134 348 1206 βασιλέα
363 1156 434 1191 unus
448 1141 589 1193 Parisinus
608 1143 677 1193 liber
726 1159 743 1193 a
761 1141 901 1205 Polyaeno
915 1142 981 1202 vn,
1000 1141 1026 1192 9.
1053 1141 1129 1203 Quae
1142 1141 1195 1191 hoe
1207 1139 1269 1191 loeo

128 1210 240 1262 exbibet
250 1200 384 1275 Ἀράβιον,
397 1209 470 1274 qnod
484 1226 539 1261 non
549 1212 619 1263 male
629 1213 674 1262 bie
726 1211 890 1263 describitur
896 1211 942 1260 ria
954 1211 982 1259 in
992 1213 1145 1276 Aegyptum
1155 1226 1210 1261 una
1221 1209 1269 1260 illa

127 1281 184 1348 legi
197 1286 292 1331 censet
306 1279 457 1345 Schweigb.
478 1282 549 1333 eonl.
571 1283 629 1346 ΙΙΙ,
648 1285 674 1334 5.
726 1282 850 1348 quidem,
868 1297 917 1345 per
933 1296 1014 1346 qnam
1035 1280 1159 1331 terrestri
1172 1280 1269 1332 itinere

128 1354 153 1403 7.
170 1351 230 1401 Nec
242 1349 366 1415 equidem
380 1365 569 1428 repugnarem,
582 1353 606 1403 si
616 1358 674 1401 tau·
727 1368 760 1402 ex
769 1351 930 1401 Palaestina
941 1351 969 1400 in
979 1352 1132 1417 Aegyptum
1145 1349 1174 1413 (i.
1185 1366 1208 1402 e.
1222 1365 1270 1416 per

127 1427 187 1472 tum
202 1420 339 1484 legeretur
352 1411 430 1495 παρὰ
440 1411 622 1488 ιονἉροίβιον
632 1423 676 1486 (nt
727 1422 894 1480 Idumaeam,
903 1435 972 1484 qnae
981 1420 1271 1483 vocatur‚Pelusiaca-

128 1491 155 1552 1,
176 1493 195 1541 2
213 1488 260 1541 fin.
277 1481 326 1538 τόν
346 1488 484 1554 Kolpos),
502 1490 591 1543 deleta
608 1507 675 1543 voee
726 1506 780 1557 que
800 1489 920 1555 deserta)
942 1491 1083 1555 pervenire
1106 1491 1184 1552 lieet,
1209 1505 1270 1540 eum

129 1552 262 1626 βασιλέα,
281 1574 362 1623 qnam
379 1565 471 1609 tamen
493 1575 585 1611 omnes
608 1562 634 1612 b.
658 1559 675 1612 l.
727 1561 935 1622 omnitempore
950 1559 1013 1611 inde
1032 1561 1066 1610 ab
1088 1560 1141 1611 hae
1154 1560 1270 1623 Camby-

129 1629 228 1694 seripti
240 1628 471 1692 libriagnoscunt.
484 1628 578 1681 Suasit
585 1636 675 1681 autem
727 1632 767 1681 sis
781 1629 954 1695 expeditione
966 1643 1050 1695 usque
1064 1631 1098 1680 ad
1116 1629 1271 1682 recentissi·

128 1699 241 1749 Phanes
255 1698 395 1762 cambysi,
416 1708 443 1749 ut
459 1704 543 1753 nuntio
560 1704 596 1753 ad
607 1702 677 1752 Aro-
726 1715 771 1750 ma
789 1705 912 1764 tempora
931 1699 1023 1749 tritam
1040 1701 1129 1751 fnisse
1146 1700 1271 1750 omnibus

128 1770 184 1820 sm
198 1784 282 1834 repam
294 1771 368 1818 misso
382 1777 489 1833 peteret,
503 1779 531 1821 αι
543 1772 614 1822 hicce
626 1774 678 1836 ipsi
727 1785 813 1835 aeque
833 1769 997 1819 exercitibus
1016 1776 1100 1836 atque
1115 1769 1272 1821 mereatori-

128 1847 204 1890 emm
217 1843 351 1889 tramitum
365 1839 511 1902 praeberet.
548 1842 601 1890 Pro
623 1833 677 1905 τὴν
725 1840 778 1890 bus
796 1838 840 1890 vel
860 1839 1107 1904 peregrinatoribus
1126 1842 1194 1890 satis
1209 1855 1273 1891 eon-

129 1902 263 1968 διέξοδον
282 1907 377 1957 Cobet.
395 1907 451 1970 logi
469 1907 528 1958 vult
554 1902 606 1974 τὴν
619 1908 676 1958 dio·
727 1914 794 1972 stat,
806 1923 944 1972 nuperque
957 1908 1039 1959 etiam
1049 1909 1274 1960 commonstravit

129 1975 194 2038 δον,
211 1992 282 2042 qnae
295 1992 348 2026 vox
359 1975 461 2041 legitur
472 1977 536 2040 VII,
555 1981 614 2032 201.
629 1981 677 2044 ΙΙΙ,
730 1978 813 2029 Starlx
827 1975 915 2042 (Gaza
933 1993 955 2027 a
973 1978 1167 2042 Forsohnngen
1180 1996 1205 2034 a.
1220 1979 1272 2029 Ge-

128 2047 173 2099 99.
195 2047 256 2098 104.
295 2047 347 2097 Sed
370 2045 426 2097 vid.
447 2062 555 2113 qnoque
575 2049 677 2100 Herod.
729 2047 852 2098 sahiebte
864 2063 891 2098 u.
901 2046 1160 2099 Alterthumslrnnde
1171 2048 1195 2098 1.
1209 2063 1272 2114 pag.

130 2118 183 2178 ΙΙΙ,
200 2117 259 2166 117.
273 2116 321 2178 IV,
337 2115 395 2166 110.
410 2115 447 2178 ΙΙ,
462 2117 503 2167 21.
517 2119 561 2167 ab.
579 2120 677 2184 Itaque
729 2118 773 2180 10,
786 2117 904 2182 itemque
913 2117 1037 2167 Movere:
1051 2118 1103 2168 Die
1113 2117 1273 2169 Phoenieier

129 2186 274 2252 vulgatum
289 2184 398 2236 retinui.
410 2212 446 2221 -
467 2186 610 2240 Caeterum
629 2189 677 2239 du·
729 2193 780 2239 ete.
791 2187 828 2237 ΙΙ.
839 2188 865 2237 2.
875 2201 937 2252 pag.
953 2187 1075 2240 184οο11.
1087 2189 1124 2250 ΙΙ,
1136 2188 1224 2250 31ΠΙ,
1238 2187 1272 2251 l).

129 2257 203 2308 bitat
214 2255 249 2306 de
264 2255 316 2305 bae
329 2259 390 2304 tota
408 2258 564 2309 narratione
575 2260 675 2311 Joarrn.
726 2274 790 2323 pag.
802 2257 854 2309 279
871 2272 946 2322 seqq.
967 2262 995 2307 et
1009 2256 1076 2318 332,
1095 2260 1144 2323 qui
1162 2256 1272 2323 singula

129 2327 265 2378 Seemsnu
289 2325 342 2386 (De
361 2325 441 2374 rebus
460 2328 546 2390 gestis
557 2329 675 2379 Arabum
727 2332 860 2378 accurate
872 2331 936 2376 sunt
949 2328 1094 2391 persecuti.
1130 2329 1271 2378 Haerere

130 2403 195 2448 ante
216 2394 318 2446 Christ.
338 2398 441 2445 natum.
455 2396 574 2449 Beroliu.
596 2398 674 2449 1835.
727 2395 1272 2462 viaHerodotumipsuminhaneterrarn

129 2482 193 2532 pag.
211 2464 244 2516 13
266 2463 347 2529 seq),
359 2480 501 2530 quaerens,
515 2482 580 2517 num
593 2470 676 2530 ,‚Per-
728 2467 883 2532 pervenisse
891 2471 972 2531 putat
984 2467 1181 2534 Wesselingius
1191 2470 1271 2518 Prae·

129 2552 177 2589 sae
191 2534 376 2602 geographiae
389 2541 444 2585 tam
461 2535 549 2602 ignari
566 2538 676 2602 inerint,
728 2536 911 2603 iat.p.Ved.
926 2537 1013 2588 Gaisi.
1045 2538 1081 2588 ‚tt
1095 2536 1271 2589 verisimilius

129 2613 160 2657 ut
177 2604 321 2671 Babylone
339 2610 495 2671 expugnata
512 2608 597 2658 vieini
609 2609 676 2659 Ara·
727 2607 814 2657 videri
833 2612 925 2658 monet
936 2608 1027 2671 Heyse
1040 2608 1154 2669 Quaest.
1168 2607 1271 2660 Herod.

129 2677 192 2728 bum
204 2675 274 2726 iacti
287 2690 304 2725 a
318 2675 423 2725 Graeco
437 2676 542 2727 demum
558 2678 676 2741 quodam
726 2694 753 2742 p.
767 2678 810 2739 97,
825 2676 890 2726 uari
901 2691 932 2726 eo
949 2677 1099 2739 proiectum
1114 2692 1174 2728 esse
1185 2680 1272 2729 Hero·

130 2748 163 2798 de
173 2745 287 2812 populo.
299 2745 344 2810 qni
355 2745 464 2796 deserta
473 2746 675 2812 nltralinpbra·
728 2746 836 2805 dotum,
862 2745 1033 2810 potissimum
1057 2746 1091 2796 ob
1114 2762 1148 2796 ea
1171 2747 1271 2809 verba,

130 2814 675 2875 temsitaincolebat‚edoeendiessent?“
728 2830 797 2880 quae
821 2815 899 2864 initio
920 2814 1046 2878 leguntur
1070 2815 1169 2879 eapitis
1190 2816 1271 2878 sexti,

130 2887 227 2951 ltaque
250 2884 320 2935 haee
343 2885 377 2935 de
397 2885 540 2936 Persarum
566 2888 676 2938 inscitia
728 2885 775 2934 ubi
787 2885 888 2935 Noster
900 2898 929 2933 se
943 2884 977 2933 iis
989 2882 1168 2934 adnumerare
1179 2885 1272 2934 videa·

131 2956 235 3007 tradita
248 2970 280 3004 ex
292 2954 518 3006 oresacerdotnm
527 2958 674 3022 Aegyptio·
728 2959 786 3017 tur,
801 2954 848 3019 qui
863 2952 977 3003 illumin
990 2958 1089 3004 terram
1104 2953 1271 3018 navigarint.

130 3043 189 3078 rum
213 3023 343 3089 cambysi
371 3024 515 3092 Persisque
544 3028 677 3078 iratorum
727 3025 770 3075 De
782 3029 916 3089 tempore,
935 3038 988 3088 qno
1007 3023 1106 3073 Noster
1118 3024 1272 3089 Aegyptum

131 3096 243 3146 fluxisse
255 3094 382 3145 videntur
397 3095 456 3145 viro
471 3095 566 3159 docto,
586 3102 617 3147 nt
637 3098 676 3147 ni·
728 3094 841 3156 adierit,
863 3093 935 3144 coni.
960 3098 1029 3144 nott.
1048 3092 1082 3144 ad
1104 3094 1146 3157 11,
1168 3094 1190 3146 l.
1230 3093 1272 3144 De

131 3166 226 3216 mirum
248 3163 385 3228 imperitia
405 3180 497 3216 eornm
513 3168 677 3231 perstringe·
728 3165 795 3215 urbe
809 3164 900 3228 Codyti
911 3181 932 3213 s.
943 3162 1142 3228 Hierosolymis
1153 3162 1271 3214 diximus

130 3240 213 3287 retur.
241 3233 309 3284 Mihi
321 3248 400 3285 secus
413 3234 529 3286 videtur.
565 3238 675 3286 Etenim
726 3234 755 3283 in
773 3235 886 3283 Excurs.
907 3232 957 3282 XV
974 3232 1009 3282 ad
1028 3234 1071 3296 Il,
1088 3232 1143 3285 159.
1163 3249 1189 3297 p.
1208 3232 1271 3285 889.

130 3305 222 3355 Persis
242 3303 340 3353 itinere
360 3302 480 3368 pedestri
500 3321 547 3370 per
567 3305 676 3356 deserta
727 3319 802 3367 seqq.
839 3302 897 3353 Nee
914 3302 995 3353 aliter
1010 3303 1127 3372 Heeren.
1144 3303 1228 3354 Ideen
1246 3304 1270 3354 1.

130 3375 287 3440 Aegyptum
315 3374 471 3437 petentibus
495 3391 561 3440 opus
591 3375 676 3428 inisse

131 3444 286 3508 transigere
303 3458 363 3493 eum
381 3445 509 3509 gentibus
528 3443 584 3495 illie
601 3444 676 3495 babi-

131 3512 256 3564 lantibus
267 3514 485 3577 autrsgantibus
495 3529 581 3579 eoque
589 3518 676 3566 trans·

131 3583 198 3633 itum
212 3582 267 3631 sibi
279 3597 376 3646 parare
388 3587 491 3645 tntum,
510 3583 550 3633 ita
564 3600 676 3635 eonsen-

132 3658 244 3703 tanenrn
262 3667 323 3702 esse
337 3651 460 3713 ridetur,
480 3657 525 3715 nt,
544 3655 568 3702 ei
586 3653 675 3719 negle-

132 3722 247 3781 xissent,
257 3720 411 3772 mirandum
422 3723 516 3787 utique
528 3722 556 3772 id
567 3723 675 3775 fnisset.

132 3790 289 3842 Herodotus
301 3806 366 3840 vero
381 3807 413 3841 eo
425 3792 513 3856 magis
532 3792 600 3844 baec
618 3794 675 3857 opi-

132 3876 180 3910 nor
192 3859 302 3920 retnlit‚
321 3860 393 3924 qnod
405 3861 440 3911 ad
451 3861 677 3912 Halicarnassen-

132 3946 189 3981 sem
197 3929 296 3990 virum,
303 3930 457 3995 popularem
463 3946 550 3996 sunm,
560 3932 677 3997 pertine·

132 3999 209 4059 bant,
223 4014 241 4048 a
255 3999 334 4049 onius
348 4001 464 4063 posteris
480 4001 538 4051 sive
550 4002 675 4066 cognatis

133 4069 192 4134 ipse
204 4069 273 4119 haee
286 4068 424 4134 accepisse
437 4070 575 4136 putandus
587 4071 648 4123 erit.

351 4238 417 4290 Cer.
430 4240 463 4289 V.

168 4330 273 4406 Μοῦνῃ
293 4332 325 4389 db
344 4331 428 4407 ταύτῃ
446 4335 499 4391 eloi
514 4334 637 4406 φανεραὶ
649 4357 675 4390 κ.

137 4423 157 4457 τ.
170 4407 204 4476 1.]
222 4407 303 4462 Coni.
318 4411 362 4475 11,
379 4412 426 4462 141
443 4411 536 4478 ibique
546 4415 617 4462 nott.
633 4400 676 4461 λσ-

761 3388 817 3490 τρῶν
835 3429 969 3499 Καδύτιος
979 3432 1079 3499 πόλιός
1088 3430 1144 3490 ἔστι
1156 3430 1267 3507 Σύραν]

728 3509 946 3573 Schweighaeus.
965 3511 1051 3561 edidit
1069 3500 1087 3576 ἡ
1103 3501 1270 3571 ἔστ1,(λοίι-

728 3580 813 3630 iord.:
831 3572 850 3645 ἢ
867 3569 880 3629 ἕ
888 3574 940 3628 στὶ
954 3571 1064 3644 Σύρων,
1077 3580 1213 3645 vulgoque
1226 3596 1270 3630 ex-

725 3654 800 3700 stare
813 3650 853 3700 ait
869 3641 890 3714 ἥ
905 3638 975 3714 ἔστι,
994 3650 1072 3701 cuins
1091 3649 1152 3700 loeo
1167 3650 1281 3701 Grono··

726 3720 788 3769 vius
820 3734 934 3784 eumque
970 3721 1057 3770 secuti
1092 3719 1203 3768 Reizius
1238 3734 1271 3769 ae

726 3788 889 3840 Sebaeferus
911 3785 948 3853 pq
962 3778 1028 3838 ἐστι.
1065 3789 1122 3837 Nee
1137 3788 1217 3837 aliter
1230 3804 1272 3838 re·

726 3858 1098 3923 eentt.editt.‚quosdeserui;
1108 3857 1271 3921 nequeenim

726 3927 819 3994 placet
828 3925 871 3993 γῆ,
880 3928 951 3992 qnod
961 3927 1080 3991 glossam
1089 3925 1206 3987 redolet3
1221 3942 1271 3977 nee

727 3998 813 4062 magis
830 3997 998 4049 retinendam
1016 3995 1081 4046 duxi
1096 3995 1221 4047 voculam
1241 3984 1269 4062 ἢ,

726 4082 781 4131 qua
791 4068 879 4118 eiecta
890 4066 978 4116 oratio
988 4066 1111 4131 aequalis
1121 4065 1272 4133 fitseqnen·

726 4136 817 4199 tibus,
831 4136 859 4186 in
872 4135 969 4200 quibus
983 4136 1066 4185 etiam
1078 4135 1191 4200 simplex
1203 4136 1271 4186 adii-

727 4206 799 4255 citur
810 4205 950 4270 genitivus
963 4205 1047 4255 verbo
1067 4197 1148 4255 εἶναι.
1184 4205 1272 4256 Aliter

726 4275 878 4336 Matthiae,
900 4275 945 4324 eui
967 4274 1077 4325 videtur
1097 4274 1269 4335 Herodotus,

727 4359 809 4408 quum
822 4344 913 4395 disere
925 4342 1022 4406 vellet,
1035 4333 1095 4393 u’rrd
1108 4336 1161 4407 γὰρ
1174 4341 1270 4393 Φοινί·

726 4427 780 4477 αης
792 4406 872 4477 μέχρι
885 4399 979 4478 οὔρων
992 4411 1047 4462 τῶν
1063 4403 1204 4469 Καδύτιος
1220 4401 1271 4460 πό-
