3042 5125
462 390 790 456 MELPOMENE.
813 392 869 454 IV.
892 404 918 458 9.
1198 395 1261 460 305

140 586 188 668 τῆς
199 578 236 650 τὰ
249 581 310 670 μὲν
321 578 393 651 ἅνω
406 577 470 650 sind
485 586 553 652 τῶν
567 586 721 669 γλουτῶν
735 581 821 652 εἶναι
835 579 1011 670 γυναικὸς,
1033 582 1074 652 τὰ
1090 584 1127 654 δὲ
1141 592 1261 676 ἔνερθε

141 681 230 770 ὄφιος.
258 684 373 753 ἰδόντα
390 683 495 754 δὲκαὶ
513 686 742 774 θωυμασανπα
757 689 956 776 insternunt
971 715 1048 777 μιν,
1071 695 1260 760 rixoaldus

138 792 246 865 ἵππους
266 785 498 876 πλανωμένας·
536 785 598 877 τὴν
626 789 663 859 dt
684 789 808 878 φάναι,
836 787 964 880 ἑωυτὴν
984 796 1089 878 ἔχειν,
1116 793 1174 861 καὶ
1197 789 1260 863 οὐκ

137 886 311 960 ἀποδώσειν
323 894 442 983 ἐκείνῳ
457 892 538 979 πρὶν
549 890 571 979 ἦ
584 897 619 961 ol
627 897 806 982 μιχθῆναι·
834 891 894 961 τὸν
909 893 945 962 δὲ
954 889 1119 984 Ἡρακλέα
1137 901 1259 984 μιχθῆ-

135 1072 189 1122 gon.
207 1072 232 1122 p.
251 1058 312 1110 452.
331 1083 364 1094 -
382 1058 473 1124 Ipsam
491 1058 613 1109 fabulam
631 1058 666 1109 de
714 1064 836 1122 tuantur,
843 1058 938 1110 sabula
948 1060 1111 1111 hacGraeca
1121 1059 1261 1111 deEchid-

135 1126 211 1178 tribus
219 1127 343 1178 Herculis
355 1131 438 1193 atquc
450 1127 591 1179 Echidnae
603 1128 666 1179 filiis
714 1144 750 1180 na
764 1126 876 1197 (rma),
890 1146 961 1196 quae
973 1145 1034 1181 cum
1045 1129 1165 1181 Hercule
1175 1130 1259 1197 (Sole)

135 1198 366 1263 tractatKoeppcn
381 1198 539 1263 (Nordgest.
555 1199 581 1249 d.
593 1199 666 1250 Pon·
713 1199 902 1265 congreditur,
923 1199 991 1250 riihil
1009 1199 1086 1251 aliud
1101 1199 1158 1250 iere
1170 1200 1259 1252 decla-

135 1269 173 1316 tus
181 1281 240 1332 pag.
252 1265 310 1332 13),
327 1282 382 1333 qua
394 1266 463 1316 nihil
474 1266 550 1317 aliud
563 1266 666 1333 signifi·
713 1271 773 1320 rari
785 1268 952 1332 existimem,
964 1284 1045 1335 quam
1058 1270 1131 1335 quod
1145 1269 1260 1333 Scytha·

134 1337 183 1385 cari
193 1336 352 1398 arbitratur,
364 1336 419 1386 nisi
433 1336 505 1401 quod
516 1336 666 1403 Agathyrsi

136 1405 239 1468 (mid)
248 1405 283 1456 ab
297 1406 404 1456 oriente
418 1405 446 1456 in
461 1420 508 1456 aas
523 1410 622 1472 terras,
635 1408 664 1456 iu

135 1475 220 1539 quibus
230 1476 336 1527 versari
347 1479 411 1539 post
420 1475 556 1539 dicuntur,
570 1492 665 1542 perve-

135 1544 212 1594 nerint
228 1546 420 1610 regionemque
438 1544 483 1596 rel
505 1550 570 1595 ante
583 1546 666 1598 Gelo·

136 1628 176 1662 nos
191 1614 364 1679 occuparint:
387 1611 504 1664 filiorum
526 1616 598 1664 enirn
617 1632 664 1667 no·

135 1682 238 1733 minibus
255 1686 316 1734 sive
335 1683 492 1734 conditores
511 1685 601 1750 gentis
618 1685 666 1736 du·

135 1767 231 1818 casque,
241 1753 299 1805 sire
312 1754 389 1818 ipsas
402 1758 513 1818 gentes,
534 1769 604 1820 quae
616 1770 664 1805 an-

134 1821 270 1887 tiquissimo
283 1838 355 1874 aevo
369 1821 421 1872 hoc
442 1821 530 1873 solum
547 1839 665 1889 occupa·
684 1821 689 1828 ’

134 1892 192 1953 rint,
208 1891 333 1943 iudicari.
365 1894 404 1941 Ac
426 1892 536 1944 Gelonos
553 1895 663 1958 quidem

135 1959 260 2011 illchabct
274 1977 327 2027 pro
343 1961 541 2027 antiquissimis
551 1962 665 2014 Graecis

135 2045 198 2079 oram
209 2031 289 2081 Ponti
299 2031 402 2081 Euxini
418 2030 481 2081 olim
497 2032 665 2098 tenentibus,

133 2100 174 2150 sed
189 2105 279 2165 postea
302 2100 482 2150 barbarorum
500 2101 612 2152 incursu
630 2100 665 2152 ad

133 2170 251 2220 interiora
271 2171 337 2221 loca
353 2171 479 2232 reiectis3
502 2175 533 2220 ut
555 2172 665 2221 minime

134 2238 186 2289 iuda
199 2254 245 2304 pro
263 2241 384 2306 posteris
405 2239 562 2291 colonorum
581 2240 666 2292 Grae·
696 2295 699 2306 ,

133 2322 225 2373 eorum,
252 2309 424 2361 Milesiorum
452 2309 591 2375 inprimis,
618 2309 667 2375 qui

133 2377 206 2427 multo
215 2384 277 2444 post
286 2379 396 2429 demum
408 2379 437 2429 in
448 2377 500 2429 hec
514 2394 561 2430 ors
572 2394 666 2430 conse·

134 2446 225 2512 derint,
245 2448 368 2499 habendi
390 2449 455 2499 sint.
483 2447 525 2498 Ad
542 2447 665 2498 fabulam

133 2515 296 2582 dedoluisse,
310 2532 381 2584 quae
394 2533 450 2569 non
462 2517 518 2569 nisi
530 2517 664 2571 similibus

133 2585 220 2638 labnlis
231 2588 367 2640 illustrari
385 2592 483 2653 queat,
499 2588 568 2639 idem
584 2589 666 2639 affert

131 2659 303 2708 narrationem
317 2656 352 2708 de
364 2657 550 2723 serpentibus,
566 2659 664 2725 quibus

131 2726 345 2791 Nanri(IV,105,
357 2727 403 2777 ubi
413 2727 469 2777 rid.
481 2729 564 2789 nott.)
576 2727 666 2793 fugati

132 2793 229 2860 luerint,
241 2797 364 2862 itemque
377 2796 505 2846 admonet
513 2796 604 2848 Indici
617 2812 666 2848 nu·

132 2866 202 2916 minis
218 2866 359 2930 Vischuu,
384 2866 430 2931 qui
449 2866 516 2917 deus
532 2866 560 2916 in
577 2867 665 2932 prima

132 2934 270 2987 mutatione
287 2937 349 2986 sive
357 2935 546 2987 incarnatione
559 2936 667 3003 conspi-

132 3003 209 3055 cIatur
220 3005 373 3069 semideus,
385 3006 418 3056 ed
429 3003 530 3071 ligura,
550 3021 619 3071 quae
633 3021 667 3057 ex

132 3071 237 3126 hominis
262 3091 298 3126 ac
326 3075 412 3139 piscis
432 3075 556 3140 partibus
580 3076 666 3127 mixta

133 3142 173 3205 sit,
187 3143 220 3193 ad
236 3144 328 3196 instar
344 3144 413 3197 deae
432 3144 574 3210 Syriacae.
606 3147 666 3209 Quo

133 3211 215 3263 eodem
222 3214 294 3265 banc
303 3213 407 3265 lamam
417 3213 532 3265 relatam
541 3214 600 3265 vult
607 3216 668 3265 Rit-

133 3284 176 3332 ier.
187 3282 317 3335 Vorballe
333 3299 396 3349 pag.
411 3283 459 3347 64,
476 3300 536 3335 cum
555 3280 668 3351 serpens

132 3348 176 3402 hac
188 3353 214 3403 in
228 3368 257 3404 re
273 3368 330 3403 non
347 3353 456 3403 differat
473 3369 490 3404 a
504 3355 579 3419 pisce
594 3356 670 3406 inde-

134 3435 178 3484 que
199 3437 248 3475 οοο
278 3422 365 3487 ducat
386 3421 422 3473 ad
448 3424 561 3488 primam
579 3424 669 3476 Indici

132 3492 240 3544 numinis
251 3491 471 3544 incarnationem
479 3508 623 3558 rerumque
635 3511 670 3546 οι

132 3573 193 3624 aqna
205 3562 433 3628 procreationem.
450 3563 560 3614 Atvero
569 3562 670 3616 Echid-

132 3643 195 3693 nam,
204 3647 274 3697 quae
287 3632 324 3682 ab
337 3632 466 3683 inferiore
476 3633 598 3698 corporis
608 3649 669 3699 par·

133 3700 157 3747 ta
173 3702 306 3767 serpentis
330 3701 449 3766 speciem
470 3717 536 3767 prae
555 3717 585 3755 se
602 3703 666 3768 iert,

132 3767 163 3817 ad
179 3778 273 3822 tmrsa
297 3776 424 3836 spectare
445 3771 557 3837 eiusque
580 3773 668 3824 videri

131 3838 272 3899 symbolum
288 3841 386 3906 negari
400 3840 447 3892 vix
458 3844 570 3906 poterit,
583 3847 670 3894 recte·

134 3921 178 3971 que
195 3911 278 3960 etiam
299 3911 341 3960 sle
362 3911 494 3961 statuisse
509 3911 589 3962 video
602 3911 669 3963 Hal·

133 3973 192 4041 ling.
210 3979 313 4041 (WIen.
332 3978 448 4032 Jahrbb.
469 3979 543 4030 LIX.
563 3997 590 4046 p.
606 3980 668 4033 253.

133 4043 226 4099 LXIII.
246 4064 274 4114 p.
294 4048 353 4100 139.
372 4048 512 4101 Deutscha
526 4049 625 4102 Gesch.
644 4052 667 4101 l.

133 4128 155 4177 p.
169 4114 201 4167 85
220 4116 291 4184 aeq.)
310 4119 429 4183 itemque
445 4119 580 4170 Heiniclre
601 4121 669 4182 (Ho-

134 4198 191 4236 mer.
206 4202 234 4236 u.
251 4188 373 4253 Lycurg.
392 4203 420 4252 p.
440 4188 510 4253 127),
531 4191 578 4255 qui
596 4188 668 4240 hanc

136 4251 164 4302 de
179 4255 302 4307 Echidna
317 4263 345 4308 et
361 4257 479 4309 Hercule
496 4257 618 4310 fabulam
636 4258 674 4309 ad

136 4336 177 4373 eas
194 4323 301 4378 fabulas
322 4326 431 4390 retulit,
450 4328 593 4393 inquibus
613 4344 675 4379 eoc-

133 4389 182 4441 lum
190 4408 223 4444 ac
232 4398 305 4446 terra
314 4396 365 4448 sub
372 4396 424 4447 riri
433 4402 461 4447 et
470 4398 548 4448 navis
555 4398 675 4464 imagine

134 4469 378 4526 repraesententur:
401 4468 512 4533 quaesi
530 4471 605 4519 recte
618 4472 675 4520 sta·

168 4566 330 4614 HERODOT·
351 4572 388 4616 11.

713 1354 774 1390 rum
791 1337 865 1388 fami
881 1339 1031 1405 significari
1050 1353 1134 1403 supra
1153 1337 1201 1403 (ad
1209 1340 1259 1404 lv,

713 1407 740 1473 5)
755 1407 887 1460 vidimus:
900 1424 970 1474 quae
985 1409 1082 1459 adore
1091 1404 1176 1474 (Sole)
1189 1415 1217 1459 et
1229 1408 1259 1459 ii·

713 1476 751 1528 lis
763 1477 942 1541 Borysthenis
959 1478 1037 1529 fluvii
1052 1475 1144 1545 (aqua)
1164 1482 1258 1529 uatum

713 1547 783 1598 lacit
801 1547 978 1613 Targitaum,
1005 1547 1169 1613 Scytharum
1193 1547 1260 1598 aba·
1364 1577 1368 1584 ·

713 1633 791 1680 vum,
816 1617 928 1683 eiusque
947 1617 1018 1668 filios
1035 1621 1104 1680 ires,
1131 1617 1258 1682 quisunt

714 1687 796 1736 trium
809 1687 933 1752 gentium
949 1701 972 1737 s.
987 1685 1105 1736 trIbuum
1118 1685 1259 1750 ScythIca-

713 1770 772 1805 rum
785 1761 813 1806 et
827 1756 881 1820 ipsi
894 1755 990 1807 abavi:
1008 1760 1041 1806 ut
1056 1754 1126 1806 adeo
1141 1759 1258 1820 utraque

713 1824 789 1875 lama
806 1826 940 1890 originem
960 1826 1050 1890 gentis
1069 1840 1084 1876 ο
1103 1828 1178 1875 terra
1197 1824 1259 1889 ipsa

714 1894 807 1945 editae
820 1894 988 1959 maximeque
1000 1894 1145 1960 indigenae
1161 1897 1189 1943 et
1202 1899 1258 1944 sta·

715 1965 765 2013 tim
785 1964 821 2014 ab
837 1963 916 2013 initio
935 1964 963 2012 in
982 1967 1038 2014 tres
1057 1961 1146 2013 tribua
1161 1961 1258 2013 distin-

714 2037 778 2084 ctae
799 2031 956 2098 significare
977 2031 1098 2084 voluisse
1121 2032 1259 2083 videatur.

713 2102 747 2152 In
759 2101 802 2153 his
819 2101 953 2151 subsisto:
972 2116 1060 2166 neque
1077 2101 1148 2152 enim
1166 2100 1260 2166 placet

714 2186 776 2222 cum
783 2172 842 2221 Em.
850 2172 942 2221 Braun
955 2169 1075 2236 (Griech.
1086 2165 1259 2222 Gdtterlelrre

712 2245 737 2306 δ.
757 2241 819 2306 110)
838 2240 960 2291 fabulam
980 2239 1013 2291 de
1024 2239 1150 2291 Echidna
1166 2241 1208 2291 ita
1223 2239 1259 2290 ad

714 2327 757 2362 res
776 2309 918 2361 naturales
937 2310 965 2359 iu
986 2310 1144 2361 universum
1169 2313 1260 2361 trans-

714 2381 800 2445 ferre,
818 2385 849 2430 ut
861 2379 914 2431 hac
925 2380 1031 2445 virgine
1042 2380 1146 2431 mixtae
1159 2386 1187 2430 et
1199 2395 1260 2445 por·

713 2454 840 2502 tentosae
851 2450 954 2500 formae
965 2448 1100 2500 declarari
1108 2453 1201 2515 putem
1211 2465 1258 2500 no·

713 2521 815 2572 tionem
825 2519 935 2585 vaporis
946 2518 1073 2584 pestiferi
1083 2524 1181 2571 eterra
1192 2518 1261 2571 editi

714 2590 859 2655 omniaque
873 2589 1072 2640 consumentisr
1087 2604 1148 2639 cum
1160 2587 1260 2639 Echid-

713 2675 750 2711 na
765 2660 853 2724 virgo‚
866 2673 1009 2724 quaecum
1020 2656 1139 2708 Hercule
1151 2672 1262 2722 congre·

714 2729 744 2780 di
766 2728 842 2794 cupit
862 2726 1030 2792 eundemque
1051 2727 1125 2791 apud
1147 2741 1176 2777 se
1196 2725 1261 2777 reti-

714 2812 778 2849 nere
791 2798 892 2861 studet,
906 2800 1007 2847 terram
1015 2796 1109 2861 potius
1122 2794 1262 2849 declarare

713 2868 843 2920 videatur
866 2866 977 2929 duram,
1007 2864 1149 2930 frigidam,
1176 2864 1263 2916 incul-

714 2944 781 3002 tam,
793 2931 862 3003 quae
873 2935 944 2987 Solis
952 2935 1038 2986 radiis
1049 2934 1215 2987 incalescere
1227 2950 1261 2985 ac

714 3006 858 3060 secundari
899 3006 977 3071 cupit
1015 3004 1133 3070 indeque
1170 3004 1260 3057 Solem

716 3074 885 3144 (Herculem)
907 3090 989 3141 quam
1008 3074 1165 3125 diutissime
1186 3074 1261 3140 apud

716 3163 746 3200 se
758 3147 877 3197 retinere
888 3143 955 3196 vult.
979 3144 1033 3196 Sed
1044 3143 1154 3210 longius
1165 3144 1262 3196 abesse

716 3221 794 3283 puto,
805 3229 875 3282 quae
887 3214 1011 3265 Iustinus
1026 3213 1066 3279 (in
1078 3214 1262 3265 Pseudo-Ori.

718 3287 796 3353 genis
812 3302 835 3337 s.
853 3283 998 3350 Hippolyti
1016 3282 1168 3350 philosoph.
1187 3283 1207 3334 l.
1229 3282 1260 3348 l.)

718 3358 886 3407 commentus
899 3357 957 3418 est,
975 3369 1037 3405 cum
1051 3353 1122 3404 hanc
1138 3352 1261 3404 fabulum

718 3426 754 3477 ad
764 3425 885 3476 universi
896 3425 1061 3474 creationem
1069 3423 1184 3474 referret
1196 3429 1263 3473 trea-

718 3493 850 3561 quefilios
868 3492 903 3543 ab
918 3492 1042 3544 EchIdna
1060 3498 1141 3544 natos
1161 3494 1262 3543 consti-

717 3567 809 3616 tueret
822 3562 876 3614 tria
890 3562 1026 3629 principia
1039 3563 1175 3614 universis
1187 3564 1263 3627 inge·

715 3630 1263 3696 nerstarcbus,duomascula,unumioe·

717 3703 857 3755 mininam.
874 3705 931 3754 Nec
940 3702 1055 3767 danique
1064 3700 1174 3766 probari
1182 3716 1264 3766 posse

719 3774 817 3837 credo,
834 3771 907 3838 quod
927 3771 1034 3822 Gibbon
1054 3769 1220 3833 (Geschicht.
1235 3769 1263 3822 d.

719 3842 795 3894 Veri.
823 3857 849 3891 u.
867 3842 982 3904 Untcrg.
1005 3839 1031 3889 d.
1049 3839 1144 3890 Roem.
1162 3839 1263 3889 ReIchs

718 3911 781 3963 Vol.
794 3912 841 3963 VI.
857 3924 917 3974 cap.
933 3908 1032 3959 XXVI.
1052 3923 1079 3973 p.
1098 3923 1134 3958 m.
1147 3906 1210 3973 326)
1229 3924 1264 3960 ex

719 3982 773 4032 hac
788 3980 953 4032 Graecorum
965 3977 1039 4027 lama
1050 3977 1084 4027 ds
1098 3976 1264 4042 Scytharum

719 4051 824 4117 origine
836 4049 922 4114 repeti
933 4046 993 4098 vult
1004 4061 1047 4111 ea,
1063 4062 1133 4112 quae
1145 4047 1179 4099 de
1188 4048 1265 4098 Hun-

718 4136 815 4172 norum
837 4118 940 4184 origine
960 4117 1034 4182 turpi
1048 4115 1177 4183 leguntur
1191 4117 1264 4183 apud
1322 4151 1324 4154 >
1379 4122 1382 4127 '

722 4190 852 4241 Iornand.
865 4188 898 4238 ds
911 4186 987 4239 rebb.
1002 4186 1075 4237 Gett.
1088 4201 1150 4251 cap.
1163 4189 1207 4238 24.

759 4254 828 4323 πρὶν
841 4247 858 4323 ἦ
870 4250 901 4307 οἷ
909 4253 1062 4322 μιχθῆναι]
1074 4256 1107 4305 Iu
1119 4256 1224 4306 duobus
1234 4255 1265 4305 li-

723 4329 781 4379 bris
792 4328 901 4393 scriptis
911 4327 1048 4377 invenitur
1053 4323 1154 4391 μιχθῇ,
1165 4326 1194 4375 in
1204 4325 1266 4375 aliis

725 4397 910 4464 compluribus
935 4396 1013 4449 deest
1035 4393 1136 4448 vocula
1150 4387 1177 4460 ἤ
1208 4395 1266 4445 Νοο

724 4467 874 4535 pleniorem
899 4466 1064 4518 locutionem
1095 4465 1267 4527 retinuImus,

1016 4550 1057 4612 20
