3042 5125
239 363 301 423 410
675 356 941 419 ΗΕΒΟΒΟΤΙ

240 550 448 642 θεησάμενος
464 550 499 619 dl
514 551 571 620 καὶ
591 546 649 619 τὸν
663 546 838 637 Βόσπορον
856 547 977 638 στήλας
999 557 1113 639 ἔστησε
1134 550 1196 618 δύο
1216 545 1267 619 ἐπ’
1281 542 1364 641 αὐτῷ
1460 558 1461 565 ’

242 665 343 726 λίθον
355 658 496 740 λευκοῦ,
517 651 669 742 ἐνταμὼν
682 652 875 743 γράμματα,
898 657 931 733 ἐς
943 654 1005 742 μὲν
1017 651 1078 742 τὴν
1095 651 1266 741 Ἀσσύρια,
1288 657 1319 733 ἐς
1332 655 1364 723 δὲ

242 759 303 848 την
315 755 505 847 Ἑλληνικὰ,
525 764 628 828 ἔθνεα
643 756 767 843 πάντα,
788 753 914 844 ὅσαπερ
931 747 1003 845 ἦγε·
1031 748 1092 846 ἦγε
1108 759 1143 828 δὲ
1157 756 1280 843 πάντα,
1297 761 1405 827 sustu

278 950 379 1039 στήλας
390 951 485 1023 ἔστησε
500 948 551 1007 δύο
566 930 615 1007 ἔπ’
629 949 717 1025 αὐτῷ]
734 947 783 1006 ἐπ’
835 955 942 1023 quidem
956 970 973 1004 ιι
989 956 1134 1009 Persarum
1153 958 1275 1024 adeoque
1288 959 1368 1023 ipsius

242 1046 261 1078 α
270 1044 352 1078 υτον
364 1029 513 1091 ltlediceps,
525 1027 712 1089 Florentium,
722 1025 786 1086 alii3
835 1027 915 1076 Darii
928 1040 1002 1075 more
1018 1041 1071 1077 non
1087 1027 1262 1078 abhorruisse
1273 1032 1368 1078 testam

242 1099 321 1150 cuius
339 1099 399 1149 loco
417 1098 488 1163 quod
509 1097 664 1149 Gronovius
682 1096 786 1160 reposi·
835 1101 879 1145 tur
892 1102 948 1146 tres
960 1094 1024 1145 illae
1033 1097 1113 1147 Darii
1124 1098 1315 1163 inscriptiones
1326 1099 1368 1147 ad-

242 1176 300 1218 tum
312 1168 376 1219 olim
391 1166 478 1218 voluit
492 1157 538 1215 ἐπ’
554 1160 631 1231 αὐτῷ
645 1164 694 1229 (cd
704 1169 785 1230 ι’ρτιαιι
833 1165 886 1216 huo
898 1165 1076 1229 superstites,
1097 1182 1169 1232 qnae
1186 1169 1296 1218 nomina
1312 1184 1369 1232 geu·

242 1238 302 1289 scil.
327 1235 494 1301 Bosporum),
527 1235 555 1286 id
577 1234 683 1286 duobus
705 1234 784 1284 libris
834 1237 902 1285 tium
914 1233 958 1284 vel
969 1238 1100 1286 terrarum
1110 1236 1280 1287 subditarum
1292 1237 1370 1288 conti·

243 1308 447 1372 comprobatum
480 1321 550 1356 nunc
573 1309 712 1369 receptum
741 1308 785 1353 est
834 1311 916 1366 nent,
941 1302 1091 1369 dequibus
1108 1307 1164 1357 vid.
1182 1311 1252 1359 nott.
1274 1308 1309 1357 ad
1324 1306 1370 1367 111,
1460 1308 1461 1311 ’

243 1377 403 1428 auctoribus
414 1374 545 1426 Valcken.
564 1379 592 1425 et
610 1374 786 1438 ll'esseling.,
835 1373 878 1424 89.
897 1373 1031 1424 Videntur
1048 1381 1140 1425 autem
1157 1377 1244 1427 verba
1255 1367 1370 1440 ἐνταμὼν
1460 1430 1461 1447 q

244 1448 290 1512 qui
301 1444 409 1496 confert
422 1445 477 1507 IV,
490 1445 526 1495 80
536 1437 583 1493 lul
596 1432 784 1507 Θερμώδοντι.
836 1433 984 1508 γράμματα
1000 1470 1034 1480 -
1045 1437 1135 1494 ἔθνεα
1152 1444 1226 1496 idem
1242 1444 1330 1497 ualere
1343 1460 1371 1495 ac

244 1517 291 1565 Sia
302 1529 409 1581 quoque
418 1516 538 1564 Pausun.
552 1513 631 1575 1,29‚
644 1514 670 1571 7,
684 1513 730 1562 ubi
742 1527 786 1563 sa·
835 1514 858 1564 si
871 1513 987 1563 dixisset
999 1503 1217 1577 ἐγγραψάμενος
1230 1508 1332 1579 ἔθνεα,
1345 1522 1371 1564 ut
1459 1546 1461 1567 ι

242 1591 323 1650 trapa
330 1589 555 1635 commemoratur
566 1575 662 1648 trielp’
671 1573 785 1645 ‘Ellqo-
833 1581 908 1632 haud
922 1596 1033 1633 necesse
1046 1583 1130 1633 tuerit
1143 1580 1293 1649 γράμματα
1307 1586 1371 1634 ami·
1460 1582 1461 1649 l

243 1650 337 1721 πόντῳ
354 1652 486 1720 Φρυγίας.
523 1653 606 1703 Plura
625 1652 674 1718 qui
696 1652 787 1717 requi·
834 1666 898 1718 pers
913 1666 962 1716 pro
974 1655 1147 1718 inscriptione.
1174 1656 1299 1720 Namque
1310 1655 1370 1704 alter
1460 1674 1461 1715 ς

243 1731 301 1788 rat,
326 1724 407 1774 adeat
429 1722 545 1774 collecta
565 1738 581 1772 a
602 1722 732 1773 Fischero
749 1720 785 1772 ad
834 1721 1009 1772 aecusativus
1028 1714 1118 1772 ἔθνεα
1135 1722 1184 1773 vix
1204 1723 1287 1774 aliter
1299 1724 1372 1788 expli·

243 1793 355 1845 Welleri
367 1793 486 1844 Gramm.
496 1793 554 1855 111,
574 1792 601 1844 b.
620 1807 647 1856 p.
662 1792 714 1843 233
726 1806 785 1856 seq.
834 1790 936 1842 candus
948 1798 1030 1856 atque
1043 1792 1093 1855 lv,
1103 1791 1136 1841 88
1154 1790 1226 1859 (ζῷα
1236 1785 1371 1858 γραψάμε·

242 1865 284 1913 Ex
298 1863 412 1925 Aldina,
427 1862 553 1927 adquam
566 1861 704 1911 Sanerolti
717 1860 786 1910 liber
835 1875 885 1917 νος
896 1857 993 1910 πᾶσαν
1011 1854 1063 1926 τὴν
1077 1858 1189 1925 ζεῦξιν,
1208 1863 1229 1913 i.
1241 1880 1264 1914 e.
1278 1862 1372 1925 {oppu-

243 1932 349 1997 duoque
363 1931 411 1981 alii
424 1930 502 1982 codd.
515 1931 662 1989 accedunt,
686 1928 786 1980 Schae-
835 1923 931 1995 φήσας
942 1926 1039 1979 πᾶσαν
1055 1946 1077 1980 r.
1091 1930 1142 1991 ζ.);
1162 1931 1201 1980 et'.
1222 1938 1293 1982 nott.
1310 1931 1341 1981 sd
1353 1933 1372 1991 1,

243 2002 317 2053 serus
349 2002 454 2066 recepit
481 1990 528 2049 ἐπ’
555 1993 681 2061 αὐτοῦ,
712 1997 786 2064 quod
834 2000 879 2050 08.
894 2000 947 2061 111,
961 2001 1006 2052 25.
1020 2000 1098 2051 Infra
1109 2001 1157 2059 1v‚
1170 1994 1373 2066 91ιγροὶμματα

243 2087 303 2121 curn
335 2072 412 2136 prius
440 2070 625 2134 displicuisset
649 2069 787 2132 Schweig·
834 2059 979 2133 ἐγγράψας
991 2064 1105 2133 λέγοντα
1120 2063 1197 2120 τάδε.
1218 2099 1251 2107 -
1267 2071 1308 2120 Ad
1320 2085 1372 2134 par·

243 2142 390 2201 lraeusero‚
413 2145 476 2205 post
496 2140 536 2189 ita
554 2139 660 2203 placuit
678 2138 785 2201 (Leria.
835 2138 979 2190 ticularum
991 2139 1144 2190 iuncturam
1162 2144 1250 2219 atque
1262 2140 1374 2191 ordinem

223 2262 227 2269 ,
242 2209 367 2260 Herodot
377 2210 400 2260 1.
413 2225 439 2273 p.
448 2209 525 2271 213),
540 2213 570 2258 ut
580 2214 719 2272 receptum
731 2205 787 2257 vel·
835 2201 875 2273 (ἐς
894 2202 960 2272 μὲν
978 2202 1031 2274 τὴν
1043 2238 1076 2245 -
1086 2200 1116 2266 ἐς
1134 2201 1174 2256 di
1187 2212 1255 2275 την)
1269 2210 1374 2269 faciunt,

243 2279 296 2341 let,
317 2278 430 2330 eundern
449 2278 648 2342 praepositioni
662 2278 785 2326 tribuens
836 2293 906 2344 quae
929 2278 1042 2344 collegit
1057 2279 1190 2343 Krueger.
1210 2280 1247 2331 ad
1269 2280 1376 2344 Dionys.

243 2346 469 2413 significationem
482 2346 544 2411 (ad,
557 2349 639 2411 apud,
656 2345 741 2409 lamro)
757 2350 785 2396 et
837 2347 1027 2399 llalicarnsss.
1040 2363 1102 2414 pag.
1114 2348 1173 2400 100.

243 2418 278 2468 ad
297 2416 397 2466 similia
413 2414 611 2480 exemplasse
627 2412 835 2548 collectam?
868 2408 1006 2482 Ἀσσύρια]
1033 2419 1142 2469 Literna
1168 2419 1301 2482 Assyrias
1324 2433 1376 2468 eas·

243 2489 335 2537 Leria.
355 2484 450 2549 Polyb.
471 2500 497 2548 p.
518 2486 570 2535 242
592 2487 665 2535 nr.4
690 2485 785 2535 addito
838 2486 978 2538 demesso
999 2487 1299 2554 atqueBabylonicae‚
1322 2502 1376 2537 cum

243 2554 382 2608 llerodoto
391 2554 454 2618 vn,
469 2554 528 2606 115.
541 2554 603 2616 Vll,
614 2554 630 2605 0
640 2554 784 2620 ablegares:
810 2553 821 2572 ⁸
836 2557 965 2621 Assyriae
978 2574 1011 2609 ec
1021 2556 1194 2624 Babyloniae
1211 2575 1309 2609 nomen
1321 2574 1374 2623 pro-

243 2643 329 2692 noque
345 2641 409 2677 vero
426 2626 543 2689 posteris
562 2625 712 2676 editoribus
724 2641 786 2691 per·
804 2679 807 2692 .
837 2629 939 2678 miscuo
951 2628 1297 2693 ponatur(vid.uott.ad1‚
1312 2627 1376 2688 192),

243 2697 346 2757 suasit,
366 2697 394 2745 iu
407 2695 523 2746 lectione
535 2684 584 2743 ἔνι’
598 2687 674 2761 αὐτῷ
687 2697 785 2745 merito
812 2689 818 2700 '
838 2699 937 2748 statuit
948 2699 1054 2748 Hesreu
1067 2698 1266 2750 Commentatt.
1286 2700 1375 2749 societ.

242 2765 468 2826 subsistentibus;
494 2764 594 2814 etenim
611 2763 655 2815 vel
671 2780 785 2829 sequen·
837 2767 913 2818 Gott.
938 2768 1016 2818 Xlll.
1036 2767 1109 2833 pao
1125 2784 1185 2833 seq.
1204 2768 1270 2820 coll.
1290 2767 1376 2818 Grote-

242 2841 284 2886 tes
295 2835 410 2900 genitivi
423 2833 507 2884 λίθοο
524 2831 623 2883 λευκοῦ
635 2834 671 2884 ad
684 2824 786 2899 στήλας
836 2836 901 2886 send
917 2838 958 2887 in:
976 2837 1060 2889 Ideen
1074 2842 1126 2890 eto.
1144 2839 1171 2900 1,
1192 2841 1219 2888 2.
1240 2855 1303 2903 pag.
1321 2835 1374 2894 309,

242 2906 388 2967 referendi,
402 2909 532 2969 tanquam
546 2904 664 2968 genitivi
677 2904 788 2955 materi-
835 2905 882 2956 ubi
896 2906 978 2957 hasce
994 2908 1121 2970 Assyrias
1131 2907 1230 2958 literas
1244 2923 1336 2958 earum
1347 2921 1375 2954 ex

242 2991 290 3036 ae,
312 2975 382 3024 satis
395 2974 555 3024 dissuadere
571 2979 713 3039 poterant,
730 2972 786 3024 alia
834 2991 932 3040 genere
943 2991 1003 3026 esse
1017 2977 1089 3040 vult,
1111 2993 1182 3043 quae
1199 2994 1274 3029 nuuc
1285 2992 1375 3027 vocan-

242 3050 273 3093 ut
291 3048 440 3095 taceamus.
468 3035 569 3107 στήλας
589 3044 688 3093 Noster
703 3049 786 3094 vocat
835 3052 1027 3110 innumerae,
1049 3048 1077 3097 in
1096 3049 1282 3098 monumentis
1294 3047 1375 3109 Baby-

241 3115 343 3177 cippos,
365 3118 395 3163 ut
408 3118 483 3163 recte
500 3112 629 3163 observat
643 3112 730 3162 Italus
746 3117 786 3163 in·
835 3115 933 3166 loniois
952 3116 1051 3166 obviae
1069 3122 1097 3167 et
1111 3133 1128 3167 a
1140 3116 1237 3168 Persis
1254 3119 1283 3166 iu
1296 3115 1375 3181 publi·

243 3188 360 3246 terpres;
386 3183 481 3248 quales
507 3183 615 3232 omuino
637 3183 664 3232 in
686 3182 785 3233 tinibus
835 3201 927 3235 corum
945 3190 1177 3236 monumentorum
1193 3185 1374 3252 inscriptioni-

243 3253 349 3316 imperii
366 3253 539 3302 terminorum
559 3256 786 3316 tropaeorumqne
835 3254 1134 3307 busadlriberieolitae.
1149 3257 1190 3306 De
1201 3256 1375 3322 lingnaPrll-

240 3321 301 3372 looo
328 3325 445 3387 scriptos
469 3338 486 3371 a
511 3321 650 3370 veteribus
678 3322 784 3385 positos
835 3327 921 3388 niara,
942 3340 1011 3390 quse
1030 3327 1174 3376 Persarum
1195 3327 1224 3375 in
1242 3326 1373 3377 sulatum

241 3392 341 3451 fuisse,
366 3392 438 3442 haud
460 3404 550 3455 pauca
570 3395 786 3441 commonstrant
834 3395 918 3445 fuerit
942 3399 1067 3459 recepta,
1102 3396 1281 3461 cogitandum
1303 3399 1375 3458 putat

241 3459 363 3526 exempla
386 3478 403 3512 a
417 3462 510 3520 Zodpu
525 3457 640 3509 collecta
659 3459 701 3510 De
722 3460 785 3512 obe·
834 3463 978 3514 Palmblad
987 3464 1015 3513 in
1025 3465 1175 3530 scriptione
1186 3467 1252 3529 adl,
1266 3464 1374 3517 luanu-

240 3530 431 3596 liscc.p.577.
458 3532 500 3579 Ex
517 3528 610 3578 codem
623 3544 721 3593 genere
738 3530 785 3581 ille
835 3533 914 3594 datu,
932 3535 1050 3599 papiu.
1079 3538 1128 3588 Cr.
1147 3531 1372 3586 excitaretur.

240 3602 407 3665 esteippns,
425 3597 604 3664 quemlitoris
622 3600 782 3664 inscriptum
836 3604 927 3653 Goett.
946 3604 1004 3653 Anz
1035 3604 1110 3656 1802.
1136 3621 1162 3670 p.
1184 3605 1249 3656 1101
1272 3604 1330 3655 coll.
1349 3619 1371 3666 p.

240 3670 275 3720 ad
293 3672 411 3720 Tearum
432 3684 537 3719 amnem
562 3670 649 3746 erexit
668 3671 780 3734 Darius,
835 3673 916 3734 1187,
935 3673 1037 3738 llager.
1056 3674 1085 3723 in
1100 3675 1190 3725 Asist.
1205 3675 1316 3740 Magea.
1335 3687 1369 3722 ur.

239 3745 271 3789 ut
280 3740 394 3805 legimus
406 3741 455 3801 lv,
464 3739 507 3790 91.
528 3738 642 3804 στηλας,
654 3755 722 3805 quas
734 3741 781 3791 Se·
832 3744 878 3793 lV.
893 3758 920 3807 p.
935 3741 996 3792 308.
1010 3742 1076 3806 315,
1096 3748 1124 3794 et
1142 3745 1176 3794 de
1192 3744 1281 3795 literis
1296 3746 1372 3805 Assy·
1458 3797 1459 3802 ,

239 3812 335 3860 sostris
346 3810 504 3873 constituit,
517 3809 635 3860 vidimus
646 3825 730 3874 snpra
743 3811 781 3872 11,
831 3812 880 3862 riis
889 3827 922 3861 ac
931 3812 1026 3876 lingua
1038 3812 1158 3864 conferri
1167 3814 1228 3864 vult
1237 3810 1370 3864 Iublonski

242 3878 303 3942 100,
330 3881 377 3930 ubi
400 3880 474 3933 coni.
499 3884 570 3929 nott.
601 3879 710 3930 Ctesias
727 3881 781 3929 Ex·
832 3882 947 3946 Opuscc.
969 3881 1030 3934 Vol.
1047 3883 1101 3934 111.
1117 3899 1145 3948 p.
1161 3883 1211 3934 126
1229 3900 1304 3949 seqq.
1325 3879 1368 3930 130

238 3953 337 4011 cerptt.
349 3951 465 4001 Persice.
482 3953 505 4012 §-
520 3949 551 3998 17
560 3964 634 4000 eram
647 3949 708 3999 lovi
720 3946 781 3998 δια·
831 3967 904 4017 seq,
918 3951 1024 4016 Volney
1041 3953 1211 4005 Recherches
1234 3950 1367 4004 nouvelles

241 4014 364 4084 βατηρίῳ
386 4034 403 4067 a
422 4020 508 4068 Dario
526 4020 705 4070 constitutam
721 4035 781 4071 esee
833 4037 879 4072 sur
891 4021 1025 4073 l’histoire
1039 4024 1171 4073 ancienne
1184 4025 1218 4074 T.
1238 4024 1290 4073 111.
1309 4036 1365 4082 cap·

240 4086 351 4147 scribit,
366 4087 399 4136 de
410 4088 499 4152 cippis
509 4088 578 4137 nihil
590 4088 684 4139 trudit.
832 4092 872 4142 14.
886 4107 913 4155 p.
926 4092 976 4142 181
983 4106 1076 4158 seqq,
1089 4092 1170 4143 Palin
1181 4093 1271 4143 Etude
1284 4093 1309 4142 d.
1319 4090 1369 4139 hie-

273 4146 398 4234 fqrupo'rv
407 4150 697 4236 γράμματα-ἔθνεα
708 4150 779 4207 πάν·
830 4161 957 4226 roglyph.
975 4161 1034 4212 Vol.
1054 4163 1079 4213 1.
1094 4178 1120 4227 p.
1139 4163 1181 4214 19.
1209 4164 1288 4213 Haec
1309 4159 1367 4210 olim

238 4238 272 4271 τα
287 4236 395 4286 οοαιιεη
409 4223 469 4290 ηγε]
490 4225 546 4274 Rex
567 4226 685 4291 insculpi
700 4227 781 4278 iussit
831 4232 1008 4296 scripseram:
1031 4246 1102 4281 nuuc
1118 4233 1228 4282 dubium
1240 4231 1306 4282 mihi
1318 4244 1367 4279 nou

238 4294 267 4343 in
280 4291 330 4344 hos
348 4294 443 4358 cippos
462 4295 595 4356 omnium,
616 4311 684 4359 quas
701 4295 782 4347 duce·
832 4306 889 4364 est,
907 4301 996 4351 literis
1009 4303 1125 4366 Astyr-iia
1140 4318 1227 4368 aeque
1245 4316 1278 4352 ac
1289 4301 1366 4365 Syriis

238 4364 301 4426 bat,
330 4364 450 4427 gentium
477 4365 588 4414 uomina
613 4369 640 4414 et
663 4365 780 4418 tortasse
833 4369 906 4435 apud
929 4371 1137 4437 Xenophontem
1163 4373 1192 4421 in
1220 4367 1364 4437 Cyropsed·

239 4449 347 4501 quoque
358 4432 525 4501 singularum
537 4449 692 4486 numerum:
707 4437 781 4502 quod
832 4442 901 4509 Vll,
920 4440 936 4493 3
943 4479 951 4504 ,
968 4441 1001 4492 10
1019 4440 1108 4494 nullas
1128 4442 1201 4494 alias
1220 4441 1314 4494 literas
1330 4436 1362 4487 si·
