<?xml version="1.0" encoding="UTF-8"?>
<!DOCTYPE html PUBLIC "-//W3C//DTD XHTML 1.0 Transitional//EN"
    "http://www.w3.org/TR/xhtml1/DTD/xhtml1-transitional.dtd">
<html xmlns="http://www.w3.org/1999/xhtml" xml:lang="en" lang="en">
 <head>
  <title>
</title>
<meta http-equiv="Content-Type" content="text/html;charset=utf-8" />
  <meta name='ocr-system' content='tesseract 3.04.00' />
  <meta name='ocr-capabilities' content='ocr_page ocr_carea ocr_par ocr_line ocrx_word'/>
</head>
<body>
  <div class='ocr_page' id='page_1' title='image "./herodotihalicar00unkngoog/herodotihalicar00unkngoog_0116.png"; bbox 0 0 3042 5125; ppageno 0'>
   <div class='ocr_carea' id='block_1_1' title="bbox 233 410 1418 1537">
    <p class='ocr_par' dir='ltr' id='par_1_1' title="bbox 233 410 1418 1537">
     <span class='ocr_line' id='line_1_1' title="bbox 235 410 938 479; baseline -0.01 0"><span class='ocrx_word' id='word_1_1' title='bbox 235 416 295 479; x_wconf 76' lang='lat'><strong>¹02</strong></span> <span class='ocrx_word' id='word_1_2' title='bbox 667 410 938 474; x_wconf 86' lang='lat' dir='ltr'>HERODOTI</span> 
     </span>
     <span class='ocr_line' id='line_1_2' title="bbox 233 601 1369 702; baseline -0.01 -17"><span class='ocrx_word' id='word_1_3' title='bbox 233 621 332 685; x_wconf 86' lang='grc' dir='ltr'><em>τοῦτο</em></span> <span class='ocrx_word' id='word_1_4' title='bbox 351 611 388 684; x_wconf 89' lang='grc' dir='ltr'><em>τὸ</em></span> <span class='ocrx_word' id='word_1_5' title='bbox 412 612 564 702; x_wconf 82' lang='grc' dir='ltr'><em>κήρυγμα</em></span> <span class='ocrx_word' id='word_1_6' title='bbox 580 606 657 678; x_wconf 83' lang='grc' dir='ltr'><em>οὔτε</em></span> <span class='ocrx_word' id='word_1_7' title='bbox 671 613 720 686; x_wconf 88' lang='grc' dir='ltr'><em>τίς</em></span> <span class='ocrx_word' id='word_1_8' title='bbox 735 609 771 674; x_wconf 84' lang='grc' dir='ltr'><strong>οί</strong></span> <span class='ocrx_word' id='word_1_9' title='bbox 783 607 1016 692; x_wconf 77' lang='grc' dir='ltr'><em>διαλέγεσθαι,</em></span> <span class='ocrx_word' id='word_1_10' title='bbox 1040 601 1117 674; x_wconf 79' lang='grc' dir='ltr'><em>οὔτε</em></span> <span class='ocrx_word' id='word_1_11' title='bbox 1130 612 1264 676; x_wconf 79' lang='grc' dir='ltr'><em>οἰκίοισι</em></span> <span class='ocrx_word' id='word_1_12' title='bbox 1279 608 1369 675; x_wconf 87' lang='grc' dir='ltr'><em>δέκε-</em></span> 
     </span>
     <span class='ocr_line' id='line_1_3' title="bbox 234 704 1418 808; baseline -0.011 -14"><span class='ocrx_word' id='word_1_13' title='bbox 234 735 316 794; x_wconf 74' lang='grc' dir='ltr'><em>σθαι</em></span> <span class='ocrx_word' id='word_1_14' title='bbox 336 718 454 808; x_wconf 78' lang='grc' dir='ltr'><em>ἤθελε·</em></span> <span class='ocrx_word' id='word_1_15' title='bbox 487 713 569 804; x_wconf 83' lang='grc' dir='ltr'><em>πρὸς</em></span> <span class='ocrx_word' id='word_1_16' title='bbox 590 713 626 782; x_wconf 83' lang='grc' dir='ltr'><em>δέ</em></span> <span class='ocrx_word' id='word_1_17' title='bbox 641 708 721 781; x_wconf 72' lang='grc' dir='ltr'><em>οὐδὲ</em></span> <span class='ocrx_word' id='word_1_18' title='bbox 742 704 842 789; x_wconf 79' lang='grc' dir='ltr'><em>αὐτὸς</em></span> <span class='ocrx_word' id='word_1_19' title='bbox 862 711 989 788; x_wconf 79' lang='grc' dir='ltr'><em>ἐκεῖνος</em></span> <span class='ocrx_word' id='word_1_20' title='bbox 1012 712 1161 779; x_wconf 87' lang='grc' dir='ltr'><em>ἐδικαίευ</em></span> <span class='ocrx_word' id='word_1_21' title='bbox 1184 715 1418 799; x_wconf 63' lang='lat' dir='ltr'><strong>respicecerem</strong></span> 
     </span>
     <span class='ocr_line' id='line_1_4' title="bbox 235 814 1370 914; baseline -0.01 -18"><span class='ocrx_word' id='word_1_22' title='bbox 235 825 476 914; x_wconf 77' lang='grc' dir='ltr'><em>ἀπειρημένου,</em></span> <span class='ocrx_word' id='word_1_23' title='bbox 497 815 581 888; x_wconf 78' lang='grc' dir='ltr'><em>ἀλλὰ</em></span> <span class='ocrx_word' id='word_1_24' title='bbox 597 816 843 903; x_wconf 78' lang='grc' dir='ltr'><em>διακαρτερέων</em></span> <span class='ocrx_word' id='word_1_25' title='bbox 864 814 901 881; x_wconf 86' lang='grc' dir='ltr'><em>ἐν</em></span> <span class='ocrx_word' id='word_1_26' title='bbox 920 818 995 902; x_wconf 78' lang='grc' dir='ltr'><em>τῇσι</em></span> <span class='ocrx_word' id='word_1_27' title='bbox 1010 817 1138 902; x_wconf 80' lang='grc' dir='ltr'><em>στοιῇσι</em></span> <span class='ocrx_word' id='word_1_28' title='bbox 1153 816 1370 886; x_wconf 77' lang='grc' dir='ltr'><em>ἐκαλινδέετο.</em></span> 
     </span>
     <span class='ocr_line' id='line_1_5' title="bbox 235 913 1370 1019; baseline -0.009 -19"><span class='ocrx_word' id='word_1_29' title='bbox 235 928 374 1019; x_wconf 77' lang='grc' dir='ltr'><em>τετάρτῃ</em></span> <span class='ocrx_word' id='word_1_30' title='bbox 390 922 422 993; x_wconf 92' lang='grc' dir='ltr'><strong>δ’</strong></span> <span class='ocrx_word' id='word_1_31' title='bbox 438 920 543 1013; x_wconf 84' lang='grc' dir='ltr'><em>ήμέρῃ</em></span> <span class='ocrx_word' id='word_1_32' title='bbox 558 919 643 990; x_wconf 76' lang='grc' dir='ltr'><em>ἰδών</em></span> <span class='ocrx_word' id='word_1_33' title='bbox 662 946 721 1008; x_wconf 90' lang='grc' dir='ltr'><em>μιν</em></span> <span class='ocrx_word' id='word_1_34' title='bbox 735 914 752 986; x_wconf 86' lang='grc' dir='ltr'>ὁ</span> <span class='ocrx_word' id='word_1_35' title='bbox 767 922 978 1007; x_wconf 88' lang='grc' dir='ltr'><em>Περίανδρος</em></span> <span class='ocrx_word' id='word_1_36' title='bbox 993 913 1170 1007; x_wconf 76' lang='grc' dir='ltr'><em>ἀλουσίῃσί</em></span> <span class='ocrx_word' id='word_1_37' title='bbox 1180 946 1216 989; x_wconf 87' lang='grc' dir='ltr'><strong>τε</strong></span> <span class='ocrx_word' id='word_1_38' title='bbox 1230 922 1286 989; x_wconf 79' lang='grc' dir='ltr'><em>καί</em></span> <span class='ocrx_word' id='word_1_39' title='bbox 1298 916 1370 990; x_wconf 79' lang='grc' dir='ltr'><em>οἷσι-</em></span> 
     </span>
     <span class='ocr_line' id='line_1_6' title="bbox 235 1014 1373 1132; baseline -0.009 -28"><span class='ocrx_word' id='word_1_40' title='bbox 235 1040 323 1122; x_wconf 90' lang='grc' dir='ltr'><em>τίῃσι</em></span> <span class='ocrx_word' id='word_1_41' title='bbox 340 1023 621 1118; x_wconf 89' lang='grc' dir='ltr'><em>συμπεπτωκότα,</em></span> <span class='ocrx_word' id='word_1_42' title='bbox 642 1033 800 1132; x_wconf 72' lang='grc' dir='ltr'><em>οἴκτειρε·</em></span> <span class='ocrx_word' id='word_1_43' title='bbox 827 1017 923 1101; x_wconf 80' lang='grc' dir='ltr'><em>ὑπεὶς</em></span> <span class='ocrx_word' id='word_1_44' title='bbox 946 1020 983 1089; x_wconf 82' lang='grc' dir='ltr'><em>δέ</em></span> <span class='ocrx_word' id='word_1_45' title='bbox 1002 1026 1061 1109; x_wconf 80' lang='grc' dir='ltr'><em>τῆς</em></span> <span class='ocrx_word' id='word_1_46' title='bbox 1076 1017 1177 1111; x_wconf 79' lang='grc' dir='ltr'><em>ὀργῆς</em></span> <span class='ocrx_word' id='word_1_47' title='bbox 1197 1020 1249 1112; x_wconf 78' lang='grc' dir='ltr'><strong>ήίε</strong></span> <span class='ocrx_word' id='word_1_48' title='bbox 1266 1014 1373 1094; x_wconf 78' lang='grc' dir='ltr'><em>ἆσσον</em></span> 
     </span>
     <span class='ocr_line' id='line_1_7' title="bbox 235 1121 1374 1221; baseline -0.008 -14"><span class='ocrx_word' id='word_1_49' title='bbox 235 1139 291 1208; x_wconf 81' lang='grc' dir='ltr'><em>καί</em></span> <span class='ocrx_word' id='word_1_50' title='bbox 311 1143 421 1221; x_wconf 81' lang='grc' dir='ltr'><em>ἔλεγε·</em></span> <span class='ocrx_word' id='word_1_51' title='bbox 449 1121 489 1198; x_wconf 78' lang='grc' dir='ltr'><em>Ὦ</em></span> <span class='ocrx_word' id='word_1_52' title='bbox 503 1145 582 1215; x_wconf 73' lang='grc' dir='ltr'><em>παῖ,</em></span> <span class='ocrx_word' id='word_1_53' title='bbox 603 1126 722 1215; x_wconf 88' lang='grc' dir='ltr'><em>κότερα</em></span> <span class='ocrx_word' id='word_1_54' title='bbox 741 1123 871 1195; x_wconf 83' lang='grc' dir='ltr'><em>τούτων</em></span> <span class='ocrx_word' id='word_1_55' title='bbox 886 1121 1085 1213; x_wconf 72' lang='grc' dir='ltr'><em>αἱρετώτερα</em></span> <span class='ocrx_word' id='word_1_56' title='bbox 1105 1129 1191 1213; x_wconf 84' lang='grc' dir='ltr'><em>ἐστι,</em></span> <span class='ocrx_word' id='word_1_57' title='bbox 1213 1134 1318 1198; x_wconf 85' lang='grc' dir='ltr'><em>ταῦτα</em></span> <span class='ocrx_word' id='word_1_58' title='bbox 1333 1127 1374 1198; x_wconf 81' lang='grc' dir='ltr'><em>τὰ</em></span> 
     </span>
     <span class='ocr_line' id='line_1_8' title="bbox 234 1225 1373 1326; baseline -0.007 -16"><span class='ocrx_word' id='word_1_59' title='bbox 234 1245 300 1310; x_wconf 80' lang='grc' dir='ltr'><strong>νῦν</strong></span> <span class='ocrx_word' id='word_1_60' title='bbox 314 1245 399 1326; x_wconf 77' lang='grc' dir='ltr'><em>ἔχων</em></span> <span class='ocrx_word' id='word_1_61' title='bbox 419 1232 594 1323; x_wconf 82' lang='grc' dir='ltr'><em>πρήσσεις,</em></span> <span class='ocrx_word' id='word_1_62' title='bbox 617 1227 711 1320; x_wconf 82' lang='grc' dir='ltr'><em>ήτήν</em></span> <span class='ocrx_word' id='word_1_63' title='bbox 730 1235 916 1317; x_wconf 75' lang='grc' dir='ltr'><em>τυραννίδα</em></span> <span class='ocrx_word' id='word_1_64' title='bbox 936 1230 991 1298; x_wconf 80' lang='grc' dir='ltr'><em>καὶ</em></span> <span class='ocrx_word' id='word_1_65' title='bbox 1009 1225 1140 1318; x_wconf 73' lang='grc' dir='ltr'><em>ἀγαθὰ,</em></span> <span class='ocrx_word' id='word_1_66' title='bbox 1161 1227 1285 1301; x_wconf 78' lang='grc' dir='ltr'><em>τὰνῦν</em></span> <span class='ocrx_word' id='word_1_67' title='bbox 1307 1232 1373 1323; x_wconf 73' lang='grc' dir='ltr'><strong>ἐγώ</strong></span> 
     </span>
     <span class='ocr_line' id='line_1_9' title="bbox 235 1332 1373 1433; baseline -0.004 -23"><span class='ocrx_word' id='word_1_68' title='bbox 235 1353 315 1433; x_wconf 78' lang='grc' dir='ltr'>ἔχω,</span> <span class='ocrx_word' id='word_1_69' title='bbox 336 1344 439 1408; x_wconf 81' lang='grc' dir='ltr'><em>ταῦτα</em></span> <span class='ocrx_word' id='word_1_70' title='bbox 461 1337 558 1408; x_wconf 90' lang='grc' dir='ltr'><em>ἐόντα</em></span> <span class='ocrx_word' id='word_1_71' title='bbox 573 1339 621 1428; x_wconf 76' lang='grc' dir='ltr'><em>τῷ</em></span> <span class='ocrx_word' id='word_1_72' title='bbox 634 1336 734 1420; x_wconf 83' lang='grc' dir='ltr'><em>πατρὶ</em></span> <span class='ocrx_word' id='word_1_73' title='bbox 749 1332 924 1423; x_wconf 80' lang='grc' dir='ltr'><em>ἐπιτήδεον</em></span> <span class='ocrx_word' id='word_1_74' title='bbox 939 1332 1231 1422; x_wconf 77' lang='grc' dir='ltr'><em>παραλαμβάνειν;</em></span> <span class='ocrx_word' id='word_1_75' title='bbox 1254 1333 1290 1417; x_wconf 78' lang='grc' dir='ltr'><strong>ὃς</strong></span> <span class='ocrx_word' id='word_1_76' title='bbox 1307 1335 1373 1406; x_wconf 71' lang='grc' dir='ltr'><em>ἐών</em></span> 
     </span>
     <span class='ocr_line' id='line_1_10' title="bbox 235 1435 1374 1537; baseline -0.007 -20"><span class='ocrx_word' id='word_1_77' title='bbox 235 1444 311 1537; x_wconf 88' lang='grc' dir='ltr'><em>ἐμός</em></span> <span class='ocrx_word' id='word_1_78' title='bbox 325 1470 362 1512; x_wconf 88' lang='grc' dir='ltr'><strong>τε</strong></span> <span class='ocrx_word' id='word_1_79' title='bbox 385 1457 463 1521; x_wconf 82' lang='grc' dir='ltr'><em>παῖς</em></span> <span class='ocrx_word' id='word_1_80' title='bbox 484 1443 540 1511; x_wconf 84' lang='grc' dir='ltr'><em>καὶ</em></span> <span class='ocrx_word' id='word_1_81' title='bbox 558 1445 735 1526; x_wconf 78' lang='grc' dir='ltr'><em>Κορίνθου</em></span> <span class='ocrx_word' id='word_1_82' title='bbox 754 1443 811 1525; x_wconf 86' lang='grc' dir='ltr'><em>τῆς</em></span> <span class='ocrx_word' id='word_1_83' title='bbox 832 1435 1030 1526; x_wconf 84' lang='grc' dir='ltr'><em>εὐδαίμονος</em></span> <span class='ocrx_word' id='word_1_84' title='bbox 1049 1436 1223 1527; x_wconf 78' lang='grc' dir='ltr'><em>βασιλεὺς,</em></span> <span class='ocrx_word' id='word_1_85' title='bbox 1247 1437 1374 1531; x_wconf 81' lang='grc' dir='ltr'><em>ἆλήτῃν</em></span> 
     </span>
    </p>
   </div>
   <div class='ocr_carea' id='block_1_2' title="bbox 233 1628 1375 2339">
    <p class='ocr_par' dir='ltr' id='par_1_2' title="bbox 233 1628 1375 2339">
     <span class='ocr_line' id='line_1_11' title="bbox 233 1628 1374 1712; baseline -0.001 -15"><span class='ocrx_word' id='word_1_86' title='bbox 233 1647 327 1712; x_wconf 79' lang='lat' dir='ltr'>ibique</span> <span class='ocrx_word' id='word_1_87' title='bbox 343 1638 462 1694; x_wconf 88' lang='lat' dir='ltr'><strong>Wessel.</strong></span> <span class='ocrx_word' id='word_1_88' title='bbox 479 1657 506 1706; x_wconf 92' lang='lat' dir='ltr'><strong>p.</strong></span> <span class='ocrx_word' id='word_1_89' title='bbox 526 1640 588 1691; x_wconf 83' lang='grc'><strong>512.</strong></span> <span class='ocrx_word' id='word_1_90' title='bbox 623 1637 714 1689; x_wconf 78' lang='lat' dir='ltr'><strong>Sinin</strong></span> <span class='ocrx_word' id='word_1_91' title='bbox 731 1637 781 1688; x_wconf 80' lang='lat' dir='ltr'><strong>Ar-</strong></span> <span class='ocrx_word' id='word_1_92' title='bbox 865 1628 1016 1705; x_wconf 82' lang='grc' dir='ltr'><em>ιίλουσίῃσί</em></span> <span class='ocrx_word' id='word_1_93' title='bbox 1027 1655 1055 1691; x_wconf 87' lang='grc' dir='ltr'><strong>τε</strong></span> <span class='ocrx_word' id='word_1_94' title='bbox 1068 1637 1117 1690; x_wconf 85' lang='grc' dir='ltr'><em>καλ</em></span> <span class='ocrx_word' id='word_1_95' title='bbox 1132 1631 1253 1710; x_wconf 71' lang='grc' dir='ltr'><em>ἀσιτίῃσι</em></span> <span class='ocrx_word' id='word_1_96' title='bbox 1270 1656 1374 1710; x_wconf 88' lang='grc' dir='ltr'><em>συμπε-</em></span> 
     </span>
     <span class='ocr_line' id='line_1_12' title="bbox 234 1701 1374 1777; baseline 0 -10"><span class='ocrx_word' id='word_1_97' title='bbox 234 1716 364 1768; x_wconf 88' lang='lat' dir='ltr'><strong>ehontum</strong></span> <span class='ocrx_word' id='word_1_98' title='bbox 383 1708 560 1762; x_wconf 87' lang='lat' dir='ltr'><strong>iureiurando</strong></span> <span class='ocrx_word' id='word_1_99' title='bbox 579 1713 653 1770; x_wconf 86' lang='lat' dir='ltr'><strong>erat,</strong></span> <span class='ocrx_word' id='word_1_100' title='bbox 674 1708 699 1757; x_wconf 89' lang='lat' dir='ltr'><strong>si</strong></span> <span class='ocrx_word' id='word_1_101' title='bbox 716 1709 779 1773; x_wconf 88' lang='lat' dir='ltr'><strong>quis</strong></span> <span class='ocrx_word' id='word_1_102' title='bbox 830 1701 972 1777; x_wconf 81' lang='grc' dir='ltr'><em>πτακότα]</em></span> <span class='ocrx_word' id='word_1_103' title='bbox 988 1711 1008 1762; x_wconf 93' lang='lat' dir='ltr'><strong>i.</strong></span> <span class='ocrx_word' id='word_1_104' title='bbox 1022 1727 1046 1762; x_wconf 88' lang='grc' dir='ltr'><strong>ε.</strong></span> <span class='ocrx_word' id='word_1_105' title='bbox 1059 1715 1103 1777; x_wconf 81' lang='lat' dir='ltr'><strong>qui</strong></span> <span class='ocrx_word' id='word_1_106' title='bbox 1113 1714 1145 1764; x_wconf 86' lang='grc' dir='ltr'><strong>οδ</strong></span> <span class='ocrx_word' id='word_1_107' title='bbox 1156 1713 1319 1777; x_wconf 70' lang='lat' dir='ltr'><strong>infortunium</strong></span> <span class='ocrx_word' id='word_1_108' title='bbox 1328 1733 1374 1767; x_wconf 81' lang='lat' dir='ltr'><strong>nec</strong></span> 
     </span>
     <span class='ocr_line' id='line_1_13' title="bbox 234 1778 1374 1852; baseline 0 -15"><span class='ocrx_word' id='word_1_109' title='bbox 234 1788 356 1852; x_wconf 86' lang='lat' dir='ltr'><strong>Ipsorum</strong></span> <span class='ocrx_word' id='word_1_110' title='bbox 371 1786 467 1832; x_wconf 86' lang='lat' dir='ltr'><strong>eontra</strong></span> <span class='ocrx_word' id='word_1_111' title='bbox 482 1781 558 1845; x_wconf 81' lang='lat' dir='ltr'><strong>loges</strong></span> <span class='ocrx_word' id='word_1_112' title='bbox 572 1778 698 1840; x_wconf 75' lang='lat' dir='ltr'><strong>fecisset,</strong></span> <span class='ocrx_word' id='word_1_113' title='bbox 718 1792 779 1828; x_wconf 88' lang='lat' dir='ltr'><strong>eum</strong></span> <span class='ocrx_word' id='word_1_114' title='bbox 829 1784 941 1832; x_wconf 80' lang='grc' dir='ltr'><em>ἱσυαινίε</em></span> <span class='ocrx_word' id='word_1_115' title='bbox 960 1798 1006 1831; x_wconf 83' lang='lat' dir='ltr'><strong>nee</strong></span> <span class='ocrx_word' id='word_1_116' title='bbox 1023 1782 1086 1833; x_wconf 82' lang='grc' dir='ltr'><em>α’δίε</em></span> <span class='ocrx_word' id='word_1_117' title='bbox 1104 1792 1232 1844; x_wconf 75' lang='grc' dir='ltr'><em>πεττείαν,</em></span> <span class='ocrx_word' id='word_1_118' title='bbox 1253 1799 1275 1835; x_wconf 90' lang='lat' dir='ltr'><strong>s.</strong></span> <span class='ocrx_word' id='word_1_119' title='bbox 1289 1788 1374 1838; x_wconf 78' lang='lat' dir='ltr'><em>illuvie</em></span> 
     </span>
     <span class='ocr_line' id='line_1_14' title="bbox 233 1851 1375 1926; baseline 0 -19"><span class='ocrx_word' id='word_1_120' title='bbox 233 1855 353 1907; x_wconf 88' lang='lat' dir='ltr'><strong>mulctae</strong></span> <span class='ocrx_word' id='word_1_121' title='bbox 369 1851 478 1902; x_wconf 87' lang='lat' dir='ltr'><strong>nomine</strong></span> <span class='ocrx_word' id='word_1_122' title='bbox 497 1855 618 1902; x_wconf 88' lang='lat' dir='ltr'><strong>statuam</strong></span> <span class='ocrx_word' id='word_1_123' title='bbox 633 1864 710 1899; x_wconf 84' lang='lat' dir='ltr'><strong>sunm</strong></span> <span class='ocrx_word' id='word_1_124' title='bbox 731 1862 779 1926; x_wconf 69' lang='lat' dir='ltr'><strong>an·</strong></span> <span class='ocrx_word' id='word_1_125' title='bbox 830 1860 855 1902; x_wconf 86' lang='lat' dir='ltr'><strong>et</strong></span> <span class='ocrx_word' id='word_1_126' title='bbox 866 1852 952 1901; x_wconf 77' lang='lat' dir='ltr'><strong>inedia</strong></span> <span class='ocrx_word' id='word_1_127' title='bbox 964 1855 1028 1903; x_wconf 83' lang='lat' dir='ltr'><strong>male</strong></span> <span class='ocrx_word' id='word_1_128' title='bbox 1044 1853 1173 1917; x_wconf 62' lang='lat' dir='ltr'><strong>affection,</strong></span> <span class='ocrx_word' id='word_1_129' title='bbox 1192 1856 1224 1903; x_wconf 88' lang='lat' dir='ltr'><strong>nt</strong></span> <span class='ocrx_word' id='word_1_130' title='bbox 1240 1854 1375 1919; x_wconf 85' lang='lat' dir='ltr'><strong>interpre·</strong></span> 
     </span>
     <span class='ocr_line' id='line_1_15' title="bbox 234 1914 1374 1990; baseline 0.001 -13"><span class='ocrx_word' id='word_1_131' title='bbox 234 1940 309 1978; x_wconf 85' lang='lat' dir='ltr'><strong>ream</strong></span> <span class='ocrx_word' id='word_1_132' title='bbox 328 1936 475 1990; x_wconf 85' lang='lat' dir='ltr'><strong>pensurum</strong></span> <span class='ocrx_word' id='word_1_133' title='bbox 491 1935 565 1982; x_wconf 83' lang='lat' dir='ltr'><strong>esse,</strong></span> <span class='ocrx_word' id='word_1_134' title='bbox 589 1914 711 1983; x_wconf 77' lang='grc' dir='ltr'><em>χρυσοῦν</em></span> <span class='ocrx_word' id='word_1_135' title='bbox 727 1932 778 1965; x_wconf 85' lang='grc' dir='ltr'><strong>αν·</strong></span> <span class='ocrx_word' id='word_1_136' title='bbox 830 1923 905 1970; x_wconf 88' lang='lat' dir='ltr'><strong>tatur</strong></span> <span class='ocrx_word' id='word_1_137' title='bbox 915 1919 1067 1987; x_wconf 80' lang='lat' dir='ltr'><strong>Schweigh.</strong></span> <span class='ocrx_word' id='word_1_138' title='bbox 1079 1920 1248 1986; x_wconf 81' lang='grc' dir='ltr'><em>συμπίπτειν</em></span> <span class='ocrx_word' id='word_1_139' title='bbox 1259 1927 1374 1977; x_wconf 77' lang='lat' dir='ltr'><strong>incidere</strong></span> 
     </span>
     <span class='ocr_line' id='line_1_16' title="bbox 235 1981 1375 2059; baseline 0.001 -14"><span class='ocrx_word' id='word_1_140' title='bbox 235 1985 355 2059; x_wconf 81' lang='grc' dir='ltr'><em>δρισὶντα</em></span> <span class='ocrx_word' id='word_1_141' title='bbox 375 1981 508 2041; x_wconf 71' lang='lat' dir='ltr'><strong>dorostoro</strong></span> <span class='ocrx_word' id='word_1_142' title='bbox 526 1987 639 2054; x_wconf 84' lang='lat' dir='ltr'><strong>Delphis</strong></span> <span class='ocrx_word' id='word_1_143' title='bbox 658 1986 779 2052; x_wconf 78' lang='lat' dir='ltr'><strong>Apollini</strong></span> <span class='ocrx_word' id='word_1_144' title='bbox 829 1989 938 2055; x_wconf 87' lang='lat' dir='ltr'><strong>quidem</strong></span> <span class='ocrx_word' id='word_1_145' title='bbox 954 1990 1044 2054; x_wconf 87' lang='lat' dir='ltr'><strong>valet,</strong></span> <span class='ocrx_word' id='word_1_146' title='bbox 1062 1991 1111 2042; x_wconf 88' lang='lat' dir='ltr'><strong>sed</strong></span> <span class='ocrx_word' id='word_1_147' title='bbox 1127 2008 1182 2043; x_wconf 93' lang='lat' dir='ltr'><strong>non</strong></span> <span class='ocrx_word' id='word_1_148' title='bbox 1195 1994 1254 2044; x_wconf 88' lang='lat' dir='ltr'><strong>sine</strong></span> <span class='ocrx_word' id='word_1_149' title='bbox 1270 1994 1375 2047; x_wconf 87' lang='lat' dir='ltr'><strong>doloris</strong></span> 
     </span>
     <span class='ocr_line' id='line_1_17' title="bbox 234 2055 1375 2130; baseline 0 -14"><span class='ocrx_word' id='word_1_150' title='bbox 234 2061 462 2124; x_wconf 74' lang='lat' dir='ltr'><strong>consecrandam,</strong></span> <span class='ocrx_word' id='word_1_151' title='bbox 484 2064 515 2110; x_wconf 86' lang='lat' dir='ltr'><strong>nt</strong></span> <span class='ocrx_word' id='word_1_152' title='bbox 532 2063 575 2111; x_wconf 81' lang='lat' dir='ltr'><strong>est</strong></span> <span class='ocrx_word' id='word_1_153' title='bbox 587 2057 661 2123; x_wconf 84' lang='lat' dir='ltr'><strong>apud</strong></span> <span class='ocrx_word' id='word_1_154' title='bbox 673 2055 776 2108; x_wconf 88' lang='lat' dir='ltr'><strong>Polluc.</strong></span> <span class='ocrx_word' id='word_1_155' title='bbox 828 2065 856 2110; x_wconf 88' lang='lat' dir='ltr'><strong>et</strong></span> <span class='ocrx_word' id='word_1_156' title='bbox 873 2059 985 2112; x_wconf 81' lang='lat' dir='ltr'><strong>affectus</strong></span> <span class='ocrx_word' id='word_1_157' title='bbox 1009 2061 1148 2113; x_wconf 72' lang='lat' dir='ltr'><strong>cuiusdam</strong></span> <span class='ocrx_word' id='word_1_158' title='bbox 1173 2063 1375 2130; x_wconf 77' lang='lat' dir='ltr'><strong>significatione</strong></span> 
     </span>
     <span class='ocr_line' id='line_1_18' title="bbox 233 2126 1375 2197; baseline -0.001 -10"><span class='ocrx_word' id='word_1_159' title='bbox 233 2136 316 2196; x_wconf 85' lang='lat' dir='ltr'>VIII,</span> <span class='ocrx_word' id='word_1_160' title='bbox 333 2131 377 2184; x_wconf 87' lang='grc'><strong>86.</strong></span> <span class='ocrx_word' id='word_1_161' title='bbox 394 2146 458 2197; x_wconf 76' lang='lat' dir='ltr'><strong>pag.</strong></span> <span class='ocrx_word' id='word_1_162' title='bbox 476 2128 528 2181; x_wconf 87' lang='grc'><strong>906</strong></span> <span class='ocrx_word' id='word_1_163' title='bbox 544 2126 699 2179; x_wconf 84' lang='lat' dir='ltr'><strong>Hernsterh.</strong></span> <span class='ocrx_word' id='word_1_164' title='bbox 734 2126 776 2176; x_wconf 83' lang='lat' dir='ltr'><strong>cf.</strong></span> <span class='ocrx_word' id='word_1_165' title='bbox 828 2128 934 2184; x_wconf 84' lang='lat' dir='ltr'><strong>addita.</strong></span> <span class='ocrx_word' id='word_1_166' title='bbox 962 2130 1375 2195; x_wconf 53' lang='lat' dir='ltr'><strong>eontwyrtenbachadpls„</strong></span> 
     </span>
     <span class='ocr_line' id='line_1_19' title="bbox 233 2196 1374 2267; baseline 0.002 -13"><span class='ocrx_word' id='word_1_167' title='bbox 233 2203 341 2255; x_wconf 89' lang='lat' dir='ltr'><strong>Platon.</strong></span> <span class='ocrx_word' id='word_1_168' title='bbox 359 2200 477 2251; x_wconf 83' lang='lat' dir='ltr'><strong>Phaedr.</strong></span> <span class='ocrx_word' id='word_1_169' title='bbox 494 2214 557 2264; x_wconf 76' lang='lat' dir='ltr'><strong>pag.</strong></span> <span class='ocrx_word' id='word_1_170' title='bbox 574 2197 666 2248; x_wconf 71' lang='grc'><strong>23511.</strong></span> <span class='ocrx_word' id='word_1_171' title='bbox 683 2196 777 2261; x_wconf 86' lang='lat' dir='ltr'><strong>ibique</strong></span> <span class='ocrx_word' id='word_1_172' title='bbox 828 2205 884 2250; x_wconf 88' lang='lat' dir='ltr'><strong>ton.</strong></span> <span class='ocrx_word' id='word_1_173' title='bbox 898 2199 1038 2253; x_wconf 88' lang='lat' dir='ltr'><strong>Phaedon.</strong></span> <span class='ocrx_word' id='word_1_174' title='bbox 1052 2216 1115 2267; x_wconf 81' lang='lat' dir='ltr'><strong>pag.</strong></span> <span class='ocrx_word' id='word_1_175' title='bbox 1129 2202 1190 2255; x_wconf 87' lang='grc'><strong>206.</strong></span> <span class='ocrx_word' id='word_1_176' title='bbox 1222 2203 1264 2254; x_wconf 80' lang='lat' dir='ltr'><strong>Ad</strong></span> <span class='ocrx_word' id='word_1_177' title='bbox 1277 2221 1374 2257; x_wconf 87' lang='lat' dir='ltr'><strong>vocem</strong></span> 
     </span>
     <span class='ocr_line' id='line_1_20' title="bbox 234 2259 1374 2339; baseline 0.004 -16"><span class='ocrx_word' id='word_1_178' title='bbox 234 2271 325 2324; x_wconf 83' lang='lat' dir='ltr'><strong>Schol.</strong></span> <span class='ocrx_word' id='word_1_179' title='bbox 337 2287 364 2336; x_wconf 92' lang='lat' dir='ltr'><strong>p.</strong></span> <span class='ocrx_word' id='word_1_180' title='bbox 377 2270 411 2321; x_wconf 84' lang='grc'><strong>56</strong></span> <span class='ocrx_word' id='word_1_181' title='bbox 421 2268 531 2320; x_wconf 80' lang='lat' dir='ltr'><strong>Ruhnk.</strong></span> <span class='ocrx_word' id='word_1_182' title='bbox 549 2266 723 2332; x_wconf 84' lang='lat' dir='ltr'><strong>reliquosque</strong></span> <span class='ocrx_word' id='word_1_183' title='bbox 737 2267 778 2315; x_wconf 89' lang='lat' dir='ltr'><strong>in·</strong></span> <span class='ocrx_word' id='word_1_184' title='bbox 827 2259 988 2335; x_wconf 83' lang='grc' dir='ltr'><em>ἆλονσίῃσι,</em></span> <span class='ocrx_word' id='word_1_185' title='bbox 1013 2285 1066 2337; x_wconf 86' lang='lat' dir='ltr'><strong>qna</strong></span> <span class='ocrx_word' id='word_1_186' title='bbox 1092 2275 1120 2321; x_wconf 89' lang='lat' dir='ltr'><strong>et</strong></span> <span class='ocrx_word' id='word_1_187' title='bbox 1137 2273 1321 2339; x_wconf 86' lang='lat' dir='ltr'><strong>Hippocrates</strong></span> <span class='ocrx_word' id='word_1_188' title='bbox 1346 2280 1374 2327; x_wconf 86' lang='lat' dir='ltr'><strong>et</strong></span> 
     </span>
    </p>
   </div>
   <div class='ocr_carea' id='block_1_3' title="bbox 225 2334 778 4571">
    <p class='ocr_par' dir='ltr' id='par_1_3' title="bbox 225 2334 778 4571">
     <span class='ocr_line' id='line_1_21' title="bbox 234 2334 776 2406; baseline -0.015 -14"><span class='ocrx_word' id='word_1_189' title='bbox 234 2346 332 2406; x_wconf 85' lang='lat' dir='ltr'><strong>tcrprr.</strong></span> <span class='ocrx_word' id='word_1_190' title='bbox 341 2337 479 2390; x_wconf 78' lang='lat' dir='ltr'><strong>Heracliti.</strong></span> <span class='ocrx_word' id='word_1_191' title='bbox 489 2338 597 2388; x_wconf 85' lang='lat' dir='ltr'><strong>Pontio.</strong></span> <span class='ocrx_word' id='word_1_192' title='bbox 606 2334 689 2387; x_wconf 91' lang='lat' dir='ltr'><strong>Polit.</strong></span> <span class='ocrx_word' id='word_1_193' title='bbox 698 2336 721 2400; x_wconf 89' lang='lat'><strong>1,</strong></span> <span class='ocrx_word' id='word_1_194' title='bbox 733 2334 776 2398; x_wconf 84' lang='lat'><strong>10,</strong></span> 
     </span>
     <span class='ocr_line' id='line_1_22' title="bbox 234 2403 776 2476; baseline -0.013 -16"><span class='ocrx_word' id='word_1_195' title='bbox 234 2412 330 2476; x_wconf 86' lang='lat' dir='ltr'><strong>inquo</strong></span> <span class='ocrx_word' id='word_1_196' title='bbox 349 2407 410 2458; x_wconf 90' lang='lat' dir='ltr'><strong>loco</strong></span> <span class='ocrx_word' id='word_1_197' title='bbox 427 2406 587 2470; x_wconf 78' lang='lat' dir='ltr'><strong>explicando</strong></span> <span class='ocrx_word' id='word_1_198' title='bbox 605 2407 723 2469; x_wconf 82' lang='lat' dir='ltr'><strong>turpIter</strong></span> <span class='ocrx_word' id='word_1_199' title='bbox 737 2403 776 2454; x_wconf 87' lang='lat' dir='ltr'><strong>la-</strong></span> 
     </span>
     <span class='ocr_line' id='line_1_23' title="bbox 233 2474 778 2544; baseline -0.011 -14"><span class='ocrx_word' id='word_1_200' title='bbox 233 2494 300 2544; x_wconf 88' lang='lat' dir='ltr'><strong>psus</strong></span> <span class='ocrx_word' id='word_1_201' title='bbox 315 2483 357 2530; x_wconf 86' lang='lat' dir='ltr'><strong>est</strong></span> <span class='ocrx_word' id='word_1_202' title='bbox 367 2475 499 2527; x_wconf 84' lang='lat' dir='ltr'><strong>Koelsrns</strong></span> <span class='ocrx_word' id='word_1_203' title='bbox 513 2492 539 2540; x_wconf 88' lang='lat' dir='ltr'><strong>p.</strong></span> <span class='ocrx_word' id='word_1_204' title='bbox 554 2474 617 2525; x_wconf 86' lang='grc'><strong>32.“</strong></span> <span class='ocrx_word' id='word_1_205' title='bbox 639 2475 686 2526; x_wconf 85' lang='lat' dir='ltr'><strong>Cr.</strong></span> <span class='ocrx_word' id='word_1_206' title='bbox 720 2475 778 2524; x_wconf 88' lang='lat' dir='ltr'><strong>Hu-</strong></span> 
     </span>
     <span class='ocr_line' id='line_1_24' title="bbox 233 2542 777 2609; baseline -0.013 -8"><span class='ocrx_word' id='word_1_207' title='bbox 233 2548 352 2601; x_wconf 89' lang='lat' dir='ltr'><strong>iusmodi</strong></span> <span class='ocrx_word' id='word_1_208' title='bbox 363 2546 479 2598; x_wconf 85' lang='lat' dir='ltr'><strong>mulctas</strong></span> <span class='ocrx_word' id='word_1_209' title='bbox 495 2545 549 2596; x_wconf 88' lang='lat' dir='ltr'><strong>diis</strong></span> <span class='ocrx_word' id='word_1_210' title='bbox 563 2543 717 2609; x_wconf 85' lang='lat' dir='ltr'><strong>solvendas,</strong></span> <span class='ocrx_word' id='word_1_211' title='bbox 732 2542 777 2596; x_wconf 80' lang='lat' dir='ltr'><strong>vel</strong></span> 
     </span>
     <span class='ocr_line' id='line_1_25' title="bbox 233 2615 778 2685; baseline -0.013 -15"><span class='ocrx_word' id='word_1_212' title='bbox 233 2617 350 2685; x_wconf 79' lang='lat' dir='ltr'><strong>singulis</strong></span> <span class='ocrx_word' id='word_1_213' title='bbox 366 2616 522 2668; x_wconf 74' lang='lat' dir='ltr'><strong>homiuibus</strong></span> <span class='ocrx_word' id='word_1_214' title='bbox 539 2615 583 2667; x_wconf 85' lang='lat' dir='ltr'><strong>vol</strong></span> <span class='ocrx_word' id='word_1_215' title='bbox 596 2615 664 2680; x_wconf 85' lang='lat' dir='ltr'><strong>ipsis</strong></span> <span class='ocrx_word' id='word_1_216' title='bbox 679 2615 778 2667; x_wconf 84' lang='lat' dir='ltr'><strong>cirita·</strong></span> 
     </span>
     <span class='ocr_line' id='line_1_26' title="bbox 233 2686 777 2753; baseline -0.006 -14"><span class='ocrx_word' id='word_1_217' title='bbox 233 2689 307 2739; x_wconf 88' lang='lat' dir='ltr'><strong>tibus</strong></span> <span class='ocrx_word' id='word_1_218' title='bbox 319 2688 473 2753; x_wconf 84' lang='lat' dir='ltr'><strong>impositas,</strong></span> <span class='ocrx_word' id='word_1_219' title='bbox 485 2690 695 2739; x_wconf 86' lang='lat' dir='ltr'><strong>commemorant</strong></span> <span class='ocrx_word' id='word_1_220' title='bbox 704 2686 777 2736; x_wconf 80' lang='lat' dir='ltr'><strong>Rosa</strong></span> 
     </span>
     <span class='ocr_line' id='line_1_27' title="bbox 232 2755 777 2824; baseline -0.009 -14"><span class='ocrx_word' id='word_1_221' title='bbox 232 2760 373 2824; x_wconf 84' lang='lat' dir='ltr'><strong>Inscriptt.</strong></span> <span class='ocrx_word' id='word_1_222' title='bbox 389 2758 501 2808; x_wconf 80' lang='lat' dir='ltr'><strong>Graeco.</strong></span> <span class='ocrx_word' id='word_1_223' title='bbox 518 2773 544 2823; x_wconf 93' lang='lat' dir='ltr'><strong>p.</strong></span> <span class='ocrx_word' id='word_1_224' title='bbox 558 2756 620 2819; x_wconf 88' lang='grc'><strong>216,</strong></span> <span class='ocrx_word' id='word_1_225' title='bbox 643 2755 777 2806; x_wconf 85' lang='lat' dir='ltr'><strong>Paoiandi</strong></span> 
     </span>
     <span class='ocr_line' id='line_1_28' title="bbox 231 2827 776 2892; baseline -0.006 -13"><span class='ocrx_word' id='word_1_226' title='bbox 231 2830 378 2880; x_wconf 88' lang='lat' dir='ltr'><strong>Monnmm.</strong></span> <span class='ocrx_word' id='word_1_227' title='bbox 387 2827 535 2891; x_wconf 87' lang='lat' dir='ltr'><strong>Peloponn.</strong></span> <span class='ocrx_word' id='word_1_228' title='bbox 544 2828 567 2877; x_wconf 92' lang='grc' dir='ltr'><strong>Ι.</strong></span> <span class='ocrx_word' id='word_1_229' title='bbox 576 2842 639 2892; x_wconf 86' lang='lat' dir='ltr'><strong>pag.</strong></span> <span class='ocrx_word' id='word_1_230' title='bbox 649 2827 698 2877; x_wconf 85' lang='grc'><strong>177</strong></span> <span class='ocrx_word' id='word_1_231' title='bbox 708 2840 776 2890; x_wconf 64' lang='lat' dir='ltr'><strong>seq„</strong></span> 
     </span>
     <span class='ocr_line' id='line_1_29' title="bbox 231 2896 775 2962; baseline -0.006 -13"><span class='ocrx_word' id='word_1_232' title='bbox 231 2898 342 2949; x_wconf 83' lang='lat' dir='ltr'><strong>Curtius</strong></span> <span class='ocrx_word' id='word_1_233' title='bbox 355 2897 476 2949; x_wconf 78' lang='lat' dir='ltr'><strong>Anecdd.</strong></span> <span class='ocrx_word' id='word_1_234' title='bbox 490 2896 633 2962; x_wconf 84' lang='lat' dir='ltr'><strong>Delphice.</strong></span> <span class='ocrx_word' id='word_1_235' title='bbox 652 2911 714 2962; x_wconf 79' lang='lat' dir='ltr'><strong>pag.</strong></span> <span class='ocrx_word' id='word_1_236' title='bbox 732 2896 775 2947; x_wconf 89' lang='grc'><strong>44.</strong></span> 
     </span>
     <span class='ocr_line' id='line_1_30' title="bbox 231 2966 776 3034; baseline -0.007 -15"><span class='ocrx_word' id='word_1_237' title='bbox 231 2969 382 3034; x_wconf 78' lang='grc' dir='ltr'><em>ΑροΙΙΙαίε,</em></span> <span class='ocrx_word' id='word_1_238' title='bbox 395 2969 441 3018; x_wconf 90' lang='lat' dir='ltr'><strong>cui</strong></span> <span class='ocrx_word' id='word_1_239' title='bbox 453 2967 522 3018; x_wconf 90' lang='lat' dir='ltr'><strong>haec</strong></span> <span class='ocrx_word' id='word_1_240' title='bbox 534 2966 636 3017; x_wconf 83' lang='lat' dir='ltr'><strong>mulcta</strong></span> <span class='ocrx_word' id='word_1_241' title='bbox 652 2966 776 3030; x_wconf 85' lang='lat' dir='ltr'><strong>debetur,</strong></span> 
     </span>
     <span class='ocr_line' id='line_1_31' title="bbox 231 3036 778 3104; baseline -0.005 -16"><span class='ocrx_word' id='word_1_242' title='bbox 231 3038 362 3104; x_wconf 86' lang='lat' dir='ltr'><strong>templum</strong></span> <span class='ocrx_word' id='word_1_243' title='bbox 379 3038 407 3087; x_wconf 91' lang='lat' dir='ltr'><strong>in</strong></span> <span class='ocrx_word' id='word_1_244' title='bbox 420 3037 549 3087; x_wconf 81' lang='lat' dir='ltr'><strong>inferiore</strong></span> <span class='ocrx_word' id='word_1_245' title='bbox 562 3036 687 3087; x_wconf 84' lang='lat' dir='ltr'>Corinthi</span> <span class='ocrx_word' id='word_1_246' title='bbox 699 3039 778 3102; x_wconf 87' lang='lat' dir='ltr'><strong>parte</strong></span> 
     </span>
     <span class='ocr_line' id='line_1_32' title="bbox 232 3105 776 3159; baseline -0.002 -2"><span class='ocrx_word' id='word_1_247' title='bbox 232 3112 425 3159; x_wconf 83' lang='lat' dir='ltr'><strong>commemorat</strong></span> <span class='ocrx_word' id='word_1_248' title='bbox 437 3106 531 3156; x_wconf 78' lang='lat' dir='ltr'><strong>Leuke</strong></span> <span class='ocrx_word' id='word_1_249' title='bbox 545 3105 659 3156; x_wconf 85' lang='lat' dir='ltr'><strong>Travcls</strong></span> <span class='ocrx_word' id='word_1_250' title='bbox 677 3106 705 3154; x_wconf 91' lang='lat' dir='ltr'><strong>in</strong></span> <span class='ocrx_word' id='word_1_251' title='bbox 718 3106 776 3156; x_wconf 89' lang='grc' dir='ltr'><strong>Μο-</strong></span> 
     </span>
     <span class='ocr_line' id='line_1_33' title="bbox 231 3174 777 3241; baseline -0.004 -14"><span class='ocrx_word' id='word_1_252' title='bbox 231 3192 279 3227; x_wconf 87' lang='lat' dir='ltr'><strong>roa</strong></span> <span class='ocrx_word' id='word_1_253' title='bbox 290 3177 343 3227; x_wconf 89' lang='lat'><strong>111.</strong></span> <span class='ocrx_word' id='word_1_254' title='bbox 362 3190 425 3241; x_wconf 78' lang='lat' dir='ltr'><strong>pag.</strong></span> <span class='ocrx_word' id='word_1_255' title='bbox 440 3174 507 3236; x_wconf 87' lang='grc'><strong>249,</strong></span> <span class='ocrx_word' id='word_1_256' title='bbox 530 3176 577 3240; x_wconf 87' lang='lat' dir='ltr'><strong>qui</strong></span> <span class='ocrx_word' id='word_1_257' title='bbox 594 3176 666 3225; x_wconf 86' lang='lat' dir='ltr'><strong>idem</strong></span> <span class='ocrx_word' id='word_1_258' title='bbox 686 3174 777 3240; x_wconf 87' lang='lat' dir='ltr'><strong>(Pelo-</strong></span> 
     </span>
     <span class='ocr_line' id='line_1_34' title="bbox 231 3242 776 3312; baseline -0.004 -16"><span class='ocrx_word' id='word_1_259' title='bbox 231 3261 345 3312; x_wconf 78' lang='lat' dir='ltr'><strong>ponnen.</strong></span> <span class='ocrx_word' id='word_1_260' title='bbox 361 3259 424 3309; x_wconf 85' lang='lat' dir='ltr'><strong>pag.</strong></span> <span class='ocrx_word' id='word_1_261' title='bbox 446 3242 509 3308; x_wconf 82' lang='grc'><strong>331)</strong></span> <span class='ocrx_word' id='word_1_262' title='bbox 533 3245 561 3293; x_wconf 91' lang='lat' dir='ltr'><strong>in</strong></span> <span class='ocrx_word' id='word_1_263' title='bbox 578 3243 659 3295; x_wconf 86' lang='lat' dir='ltr'><strong>huius</strong></span> <span class='ocrx_word' id='word_1_264' title='bbox 681 3243 776 3310; x_wconf 87' lang='lat' dir='ltr'><strong>templi</strong></span> 
     </span>
     <span class='ocr_line' id='line_1_35' title="bbox 231 3312 776 3379; baseline -0.002 -14"><span class='ocrx_word' id='word_1_265' title='bbox 231 3314 415 3367; x_wconf 77' lang='lat' dir='ltr'><strong>fundamentis</strong></span> <span class='ocrx_word' id='word_1_266' title='bbox 430 3327 501 3363; x_wconf 82' lang='lat' dir='ltr'><strong>anno</strong></span> <span class='ocrx_word' id='word_1_267' title='bbox 521 3312 588 3364; x_wconf 90' lang='grc'><strong>1676</strong></span> <span class='ocrx_word' id='word_1_268' title='bbox 602 3328 620 3363; x_wconf 84' lang='lat' dir='ltr'><strong>a</strong></span> <span class='ocrx_word' id='word_1_269' title='bbox 633 3314 734 3379; x_wconf 85' lang='lat' dir='ltr'><strong>Sponio</strong></span> <span class='ocrx_word' id='word_1_270' title='bbox 748 3319 776 3364; x_wconf 89' lang='lat' dir='ltr'><strong>et</strong></span> 
     </span>
     <span class='ocr_line' id='line_1_36' title="bbox 231 3382 776 3448; baseline -0.004 -13"><span class='ocrx_word' id='word_1_271' title='bbox 231 3384 357 3435; x_wconf 85' lang='lat' dir='ltr'><strong>Whelero</strong></span> <span class='ocrx_word' id='word_1_272' title='bbox 371 3386 505 3448; x_wconf 76' lang='lat' dir='ltr'><strong>repertam</strong></span> <span class='ocrx_word' id='word_1_273' title='bbox 518 3397 578 3433; x_wconf 88' lang='lat' dir='ltr'><strong>esse</strong></span> <span class='ocrx_word' id='word_1_274' title='bbox 590 3382 667 3433; x_wconf 89' lang='lat' dir='ltr'><strong>addit</strong></span> <span class='ocrx_word' id='word_1_275' title='bbox 681 3385 776 3434; x_wconf 86' lang='lat' dir='ltr'><strong>iuscri-</strong></span> 
     </span>
     <span class='ocr_line' id='line_1_37' title="bbox 230 3454 776 3519; baseline -0.002 -15"><span class='ocrx_word' id='word_1_276' title='bbox 230 3455 351 3519; x_wconf 86' lang='lat' dir='ltr'><strong>ptionem</strong></span> <span class='ocrx_word' id='word_1_277' title='bbox 364 3454 531 3517; x_wconf 78' lang='lat' dir='ltr'><strong>Romanam,</strong></span> <span class='ocrx_word' id='word_1_278' title='bbox 551 3468 604 3517; x_wconf 86' lang='lat' dir='ltr'><strong>qua</strong></span> <span class='ocrx_word' id='word_1_279' title='bbox 621 3454 654 3503; x_wconf 87' lang='lat' dir='ltr'><strong>L.</strong></span> <span class='ocrx_word' id='word_1_280' title='bbox 667 3454 776 3504; x_wconf 84' lang='lat' dir='ltr'><strong>Hermi·</strong></span> 
     </span>
     <span class='ocr_line' id='line_1_38' title="bbox 231 3521 774 3589; baseline 0.004 -16"><span class='ocrx_word' id='word_1_281' title='bbox 231 3523 292 3574; x_wconf 86' lang='lat' dir='ltr'><strong>dius</strong></span> <span class='ocrx_word' id='word_1_282' title='bbox 304 3523 399 3573; x_wconf 84' lang='lat' dir='ltr'><strong>Celsus</strong></span> <span class='ocrx_word' id='word_1_283' title='bbox 412 3521 507 3572; x_wconf 87' lang='lat' dir='ltr'><strong>aedem</strong></span> <span class='ocrx_word' id='word_1_284' title='bbox 521 3526 548 3572; x_wconf 91' lang='lat' dir='ltr'><strong>et</strong></span> <span class='ocrx_word' id='word_1_285' title='bbox 562 3525 681 3573; x_wconf 83' lang='lat' dir='ltr'><strong>statuam</strong></span> <span class='ocrx_word' id='word_1_286' title='bbox 691 3524 774 3589; x_wconf 85' lang='lat' dir='ltr'><strong>Apol-</strong></span> 
     </span>
     <span class='ocr_line' id='line_1_39' title="bbox 229 3591 772 3677; baseline 0.004 -34"><span class='ocrx_word' id='word_1_287' title='bbox 229 3592 293 3643; x_wconf 84' lang='lat' dir='ltr'><strong>linis</strong></span> <span class='ocrx_word' id='word_1_288' title='bbox 307 3591 449 3643; x_wconf 83' lang='lat' dir='ltr'><strong>dedicasse</strong></span> <span class='ocrx_word' id='word_1_289' title='bbox 463 3591 591 3671; x_wconf 58' lang='lat' dir='ltr'><strong>tgaditnr.</strong></span> <span class='ocrx_word' id='word_1_290' title='bbox 604 3618 639 3629; x_wconf 81' lang='lat'>—</span> <span class='ocrx_word' id='word_1_291' title='bbox 653 3592 685 3642; x_wconf 93' lang='lat' dir='ltr'><strong>In</strong></span> <span class='ocrx_word' id='word_1_292' title='bbox 697 3608 772 3677; x_wconf 76' lang='lat' dir='ltr'><strong>seqq.</strong></span> 
     </span>
     <span class='ocr_line' id='line_1_40' title="bbox 230 3653 773 3729; baseline -0.002 -17"><span class='ocrx_word' id='word_1_293' title='bbox 230 3663 264 3713; x_wconf 86' lang='lat' dir='ltr'><strong>ad</strong></span> <span class='ocrx_word' id='word_1_294' title='bbox 278 3663 361 3714; x_wconf 84' lang='lat' dir='ltr'><strong>verba</strong></span> <span class='ocrx_word' id='word_1_295' title='bbox 376 3653 448 3726; x_wconf 85' lang='grc' dir='ltr'><em>πρὸς</em></span> <span class='ocrx_word' id='word_1_296' title='bbox 464 3677 505 3711; x_wconf 88' lang='grc' dir='ltr'><em>ων</em></span> <span class='ocrx_word' id='word_1_297' title='bbox 525 3654 561 3728; x_wconf 83' lang='grc' dir='ltr'><strong>δὴ</strong></span> <span class='ocrx_word' id='word_1_298' title='bbox 579 3658 660 3711; x_wconf 79' lang='grc' dir='ltr'><em>τοῦτο</em></span> <span class='ocrx_word' id='word_1_299' title='bbox 678 3654 709 3710; x_wconf 89' lang='grc' dir='ltr'><em>τὸ</em></span> <span class='ocrx_word' id='word_1_300' title='bbox 724 3678 773 3729; x_wconf 88' lang='grc' dir='ltr'><strong>κῃ-</strong></span> 
     </span>
     <span class='ocr_line' id='line_1_41' title="bbox 231 3730 773 3797; baseline 0 -16"><span class='ocrx_word' id='word_1_301' title='bbox 231 3747 321 3797; x_wconf 81' lang='grc' dir='ltr'><em>ρυγμα</em></span> <span class='ocrx_word' id='word_1_302' title='bbox 334 3733 370 3785; x_wconf 83' lang='lat' dir='ltr'><strong>cf.</strong></span> <span class='ocrx_word' id='word_1_303' title='bbox 386 3736 456 3783; x_wconf 87' lang='lat' dir='ltr'><strong>nott.</strong></span> <span class='ocrx_word' id='word_1_304' title='bbox 475 3731 510 3783; x_wconf 90' lang='lat' dir='ltr'><strong>ad</strong></span> <span class='ocrx_word' id='word_1_305' title='bbox 523 3732 547 3794; x_wconf 89' lang='lat'><strong>1,</strong></span> <span class='ocrx_word' id='word_1_306' title='bbox 559 3731 608 3793; x_wconf 83' lang='lat'><strong>38,</strong></span> <span class='ocrx_word' id='word_1_307' title='bbox 625 3736 652 3782; x_wconf 89' lang='lat' dir='ltr'><strong>et</strong></span> <span class='ocrx_word' id='word_1_308' title='bbox 667 3730 701 3780; x_wconf 88' lang='lat' dir='ltr'><strong>ad</strong></span> <span class='ocrx_word' id='word_1_309' title='bbox 713 3746 773 3781; x_wconf 88' lang='grc' dir='ltr'><em>πει-</em></span> 
     </span>
     <span class='ocr_line' id='line_1_42' title="bbox 231 3792 773 3868; baseline 0.002 -17"><span class='ocrx_word' id='word_1_310' title='bbox 231 3799 339 3868; x_wconf 77' lang='grc' dir='ltr'><em>ρᾶσθαι</em></span> <span class='ocrx_word' id='word_1_311' title='bbox 353 3804 412 3863; x_wconf 90' lang='grc' dir='ltr'>ΙΙΙ,</span> <span class='ocrx_word' id='word_1_312' title='bbox 427 3801 484 3854; x_wconf 87' lang='grc'><strong>118.</strong></span> <span class='ocrx_word' id='word_1_313' title='bbox 514 3801 618 3852; x_wconf 80' lang='lat' dir='ltr'><strong>Deinde</strong></span> <span class='ocrx_word' id='word_1_314' title='bbox 632 3802 730 3867; x_wconf 78' lang='lat' dir='ltr'><strong>scripsi</strong></span> <span class='ocrx_word' id='word_1_315' title='bbox 742 3792 773 3852; x_wconf 90' lang='grc' dir='ltr'><em>ἐν</em></span> 
     </span>
     <span class='ocr_line' id='line_1_43' title="bbox 229 3863 775 3939; baseline 0.005 -18"><span class='ocrx_word' id='word_1_316' title='bbox 229 3869 292 3938; x_wconf 82' lang='grc' dir='ltr'><em>τῇσι</em></span> <span class='ocrx_word' id='word_1_317' title='bbox 306 3871 408 3939; x_wconf 78' lang='grc' dir='ltr'><em>στοιῇ</em></span> <span class='ocrx_word' id='word_1_318' title='bbox 415 3885 447 3921; x_wconf 90' lang='grc' dir='ltr'><em>σι</em></span> <span class='ocrx_word' id='word_1_319' title='bbox 461 3863 633 3921; x_wconf 76' lang='grc' dir='ltr'><em>ἐκαλινδέετο</em></span> <span class='ocrx_word' id='word_1_320' title='bbox 644 3869 681 3937; x_wconf 82' lang='lat' dir='ltr'><strong>(in</strong></span> <span class='ocrx_word' id='word_1_321' title='bbox 690 3875 775 3936; x_wconf 83' lang='lat' dir='ltr'><strong>porti-</strong></span> 
     </span>
     <span class='ocr_line' id='line_1_44' title="bbox 229 3939 770 4008; baseline -0.004 -15"><span class='ocrx_word' id='word_1_322' title='bbox 229 3944 299 3994; x_wconf 81' lang='lat' dir='ltr'><strong>cibus</strong></span> <span class='ocrx_word' id='word_1_323' title='bbox 314 3939 485 4007; x_wconf 75' lang='lat' dir='ltr'><strong>volutabatur)</strong></span> <span class='ocrx_word' id='word_1_324' title='bbox 507 3957 556 4007; x_wconf 87' lang='lat' dir='ltr'><strong>pro</strong></span> <span class='ocrx_word' id='word_1_325' title='bbox 575 3940 648 4007; x_wconf 78' lang='lat' dir='ltr'><strong>vulg.</strong></span> <span class='ocrx_word' id='word_1_326' title='bbox 666 3939 770 4008; x_wconf 78' lang='grc' dir='ltr'><em>στοῇσι,</em></span> 
     </span>
     <span class='ocr_line' id='line_1_45' title="bbox 229 4012 770 4132; baseline 0.006 -71"><span class='ocrx_word' id='word_1_327' title='bbox 229 4027 310 4130; x_wconf 56' lang='grc' dir='ltr'><em>αῃὲιαι</em></span> <span class='ocrx_word' id='word_1_328' title='bbox 340 4018 413 4132; x_wconf 44' lang='lat' dir='ltr'><strong>{ocgo</strong></span> <span class='ocrx_word' id='word_1_329' title='bbox 433 4012 627 4132; x_wconf 49' lang='lat' dir='ltr'><strong>drepndialrgrft</strong></span> <span class='ocrx_word' id='word_1_330' title='bbox 655 4017 770 4131; x_wconf 51' lang='lat' dir='ltr'>Regem</span> 
     </span>
     <span class='ocr_line' id='line_1_46' title="bbox 228 4096 771 4133; baseline -0.002 -1"><span class='ocrx_word' id='word_1_331' title='bbox 228 4097 360 4133; x_wconf 88' lang='lat' dir='ltr'><strong>e.·e.</strong></span> <span class='ocrx_word' id='word_1_332' title='bbox 403 4096 546 4133; x_wconf 88' lang='lat' dir='ltr'><strong>reov..</strong></span> <span class='ocrx_word' id='word_1_333' title='bbox 615 4118 621 4132; x_wconf 91' lang='lat'><strong>.</strong></span> <span class='ocrx_word' id='word_1_334' title='bbox 712 4097 771 4132; x_wconf 81' lang='lat' dir='ltr'><strong>ver-</strong></span> 
     </span>
     <span class='ocr_line' id='line_1_47' title="bbox 228 4098 771 4217; baseline 0.007 -17"><span class='ocrx_word' id='word_1_335' title='bbox 228 4116 475 4200; x_wconf 61' lang='lat' dir='ltr'><strong>bum’tsutsvdieso</strong></span> <span class='ocrx_word' id='word_1_336' title='bbox 489 4098 561 4201; x_wconf 63' lang='lat' dir='ltr'><strong>ooIrf.</strong></span> <span class='ocrx_word' id='word_1_337' title='bbox 571 4150 674 4202; x_wconf 86' lang='lat' dir='ltr'><strong>similes</strong></span> <span class='ocrx_word' id='word_1_338' title='bbox 685 4150 771 4217; x_wconf 83' lang='lat' dir='ltr'><strong>locos,</strong></span> 
     </span>
     <span class='ocr_line' id='line_1_48' title="bbox 228 4219 770 4285; baseline 0.009 -16"><span class='ocrx_word' id='word_1_339' title='bbox 228 4235 295 4285; x_wconf 87' lang='lat' dir='ltr'><strong>quos</strong></span> <span class='ocrx_word' id='word_1_340' title='bbox 313 4219 465 4270; x_wconf 83' lang='lat' dir='ltr'><strong>attulerunt</strong></span> <span class='ocrx_word' id='word_1_341' title='bbox 483 4220 589 4272; x_wconf 83' lang='lat' dir='ltr'><strong>Iacobs.</strong></span> <span class='ocrx_word' id='word_1_342' title='bbox 611 4221 646 4271; x_wconf 89' lang='lat' dir='ltr'><strong>ad</strong></span> <span class='ocrx_word' id='word_1_343' title='bbox 663 4221 770 4274; x_wconf 82' lang='lat' dir='ltr'><strong>Aelinn.</strong></span> 
     </span>
     <span class='ocr_line' id='line_1_49' title="bbox 227 4288 770 4357; baseline 0.006 -17"><span class='ocrx_word' id='word_1_344' title='bbox 227 4288 540 4355; x_wconf 81' lang='lat' dir='ltr'><strong>N.A.II‚31,Sanppius</strong></span> <span class='ocrx_word' id='word_1_345' title='bbox 553 4291 589 4341; x_wconf 90' lang='lat' dir='ltr'><strong>ad</strong></span> <span class='ocrx_word' id='word_1_346' title='bbox 598 4291 770 4357; x_wconf 83' lang='lat' dir='ltr'><strong>Xenophont.</strong></span> 
     </span>
     <span class='ocr_line' id='line_1_50' title="bbox 226 4359 770 4428; baseline 0.009 -19"><span class='ocrx_word' id='word_1_347' title='bbox 226 4359 268 4409; x_wconf 88' lang='lat' dir='ltr'><strong>De</strong></span> <span class='ocrx_word' id='word_1_348' title='bbox 281 4373 311 4407; x_wconf 86' lang='lat' dir='ltr'><strong>re</strong></span> <span class='ocrx_word' id='word_1_349' title='bbox 325 4362 444 4423; x_wconf 87' lang='lat' dir='ltr'><strong>equestr.</strong></span> <span class='ocrx_word' id='word_1_350' title='bbox 458 4360 496 4421; x_wconf 86' lang='lat' dir='ltr'><strong>V,</strong></span> <span class='ocrx_word' id='word_1_351' title='bbox 512 4360 537 4412; x_wconf 85' lang='lat'><strong>3.</strong></span> <span class='ocrx_word' id='word_1_352' title='bbox 552 4376 613 4428; x_wconf 81' lang='lat' dir='ltr'><strong>pag.</strong></span> <span class='ocrx_word' id='word_1_353' title='bbox 625 4362 676 4413; x_wconf 91' lang='grc'><strong>216</strong></span> <span class='ocrx_word' id='word_1_354' title='bbox 689 4368 717 4414; x_wconf 88' lang='lat' dir='ltr'><strong>et</strong></span> <span class='ocrx_word' id='word_1_355' title='bbox 730 4364 770 4413; x_wconf 87' lang='lat' dir='ltr'><strong>in·</strong></span> 
     </span>
     <span class='ocr_line' id='line_1_51' title="bbox 226 4428 770 4499; baseline 0.013 -22"><span class='ocrx_word' id='word_1_356' title='bbox 226 4428 321 4493; x_wconf 86' lang='lat' dir='ltr'><strong>primis</strong></span> <span class='ocrx_word' id='word_1_357' title='bbox 339 4428 455 4480; x_wconf 84' lang='lat' dir='ltr'><strong>Bredov.</strong></span> <span class='ocrx_word' id='word_1_358' title='bbox 479 4444 507 4494; x_wconf 89' lang='lat' dir='ltr'><strong>p.</strong></span> <span class='ocrx_word' id='word_1_359' title='bbox 526 4429 577 4483; x_wconf 89' lang='grc'><strong>371</strong></span> <span class='ocrx_word' id='word_1_360' title='bbox 597 4430 721 4499; x_wconf 84' lang='lat' dir='ltr'><strong>pluribus</strong></span> <span class='ocrx_word' id='word_1_361' title='bbox 736 4432 770 4485; x_wconf 81' lang='lat' dir='ltr'><strong>de</strong></span> 
     </span>
     <span class='ocr_line' id='line_1_52' title="bbox 225 4497 541 4571; baseline 0.013 -24"><span class='ocrx_word' id='word_1_362' title='bbox 225 4497 277 4549; x_wconf 86' lang='lat' dir='ltr'><strong>hoc</strong></span> <span class='ocrx_word' id='word_1_363' title='bbox 291 4497 374 4550; x_wconf 78' lang='lat' dir='ltr'><strong>verbo</strong></span> <span class='ocrx_word' id='word_1_364' title='bbox 388 4498 541 4571; x_wconf 85' lang='lat' dir='ltr'><strong>disputans.</strong></span> 
     </span>
    </p>
   </div>
   <div class='ocr_carea' id='block_1_4' title="bbox 822 2338 1375 4446">
    <p class='ocr_par' dir='ltr' id='par_1_4' title="bbox 827 2338 1375 2756">
     <span class='ocr_line' id='line_1_53' title="bbox 827 2338 1372 2401; baseline 0.011 -11"><span class='ocrx_word' id='word_1_365' title='bbox 827 2338 876 2390; x_wconf 89' lang='lat' dir='ltr'><strong>alii</strong></span> <span class='ocrx_word' id='word_1_366' title='bbox 895 2344 1024 2401; x_wconf 86' lang='lat' dir='ltr'><strong>utuntur,</strong></span> <span class='ocrx_word' id='word_1_367' title='bbox 1046 2341 1119 2393; x_wconf 81' lang='lat' dir='ltr'><strong>conf.</strong></span> <span class='ocrx_word' id='word_1_368' title='bbox 1137 2341 1213 2394; x_wconf 90' lang='lat' dir='ltr'><strong>locos</strong></span> <span class='ocrx_word' id='word_1_369' title='bbox 1226 2343 1327 2396; x_wconf 87' lang='lat' dir='ltr'><strong>allatos</strong></span> <span class='ocrx_word' id='word_1_370' title='bbox 1344 2348 1372 2396; x_wconf 90' lang='lat' dir='ltr'><strong>in</strong></span> 
     </span>
     <span class='ocr_line' id='line_1_54' title="bbox 829 2408 1375 2477; baseline 0.013 -18"><span class='ocrx_word' id='word_1_371' title='bbox 829 2408 961 2461; x_wconf 82' lang='lat' dir='ltr'><strong>Thesanr.</strong></span> <span class='ocrx_word' id='word_1_372' title='bbox 975 2412 1006 2461; x_wconf 81' lang='lat' dir='ltr'><strong>L.</strong></span> <span class='ocrx_word' id='word_1_373' title='bbox 1018 2411 1066 2463; x_wconf 82' lang='lat' dir='ltr'><strong>Gr.</strong></span> <span class='ocrx_word' id='word_1_374' title='bbox 1077 2413 1101 2461; x_wconf 91' lang='lat' dir='ltr'><strong>I.</strong></span> <span class='ocrx_word' id='word_1_375' title='bbox 1118 2428 1146 2477; x_wconf 91' lang='lat' dir='ltr'><strong>p.</strong></span> <span class='ocrx_word' id='word_1_376' title='bbox 1163 2412 1228 2464; x_wconf 74' lang='grc'><strong>1527</strong></span> <span class='ocrx_word' id='word_1_377' title='bbox 1245 2414 1288 2466; x_wconf 82' lang='lat' dir='ltr'><strong>ed.</strong></span> <span class='ocrx_word' id='word_1_378' title='bbox 1304 2415 1375 2467; x_wconf 86' lang='lat' dir='ltr'><strong>Din-</strong></span> 
     </span>
     <span class='ocr_line' id='line_1_55' title="bbox 829 2470 1375 2551; baseline 0.013 -23"><span class='ocrx_word' id='word_1_379' title='bbox 829 2478 897 2529; x_wconf 84' lang='lat' dir='ltr'><strong>dorf.</strong></span> <span class='ocrx_word' id='word_1_380' title='bbox 926 2479 968 2530; x_wconf 85' lang='lat' dir='ltr'><strong>Ad</strong></span> <span class='ocrx_word' id='word_1_381' title='bbox 979 2480 1064 2531; x_wconf 80' lang='lat' dir='ltr'><strong>verbe</strong></span> <span class='ocrx_word' id='word_1_382' title='bbox 1077 2470 1161 2540; x_wconf 73' lang='grc' dir='ltr'><em>ὑπεὶς</em></span> <span class='ocrx_word' id='word_1_383' title='bbox 1174 2474 1205 2532; x_wconf 75' lang='grc' dir='ltr'><strong>δὲ</strong></span> <span class='ocrx_word' id='word_1_384' title='bbox 1220 2480 1271 2548; x_wconf 84' lang='grc' dir='ltr'><em>τῆς</em></span> <span class='ocrx_word' id='word_1_385' title='bbox 1284 2474 1375 2551; x_wconf 81' lang='grc' dir='ltr'><em>ὀργῆς</em></span> 
     </span>
     <span class='ocr_line' id='line_1_56' title="bbox 829 2548 1374 2618; baseline 0.013 -18"><span class='ocrx_word' id='word_1_386' title='bbox 829 2548 902 2600; x_wconf 78' lang='lat' dir='ltr'><strong>conf.</strong></span> <span class='ocrx_word' id='word_1_387' title='bbox 915 2549 938 2613; x_wconf 94' lang='grc' dir='ltr'><strong>Ι,</strong></span> <span class='ocrx_word' id='word_1_388' title='bbox 953 2549 1003 2603; x_wconf 78' lang='grc'><strong>156</strong></span> <span class='ocrx_word' id='word_1_389' title='bbox 1016 2550 1077 2603; x_wconf 85' lang='lat' dir='ltr'><strong>coll.</strong></span> <span class='ocrx_word' id='word_1_390' title='bbox 1093 2551 1142 2618; x_wconf 83' lang='grc' dir='ltr'>ΙΙΙ,</span> <span class='ocrx_word' id='word_1_391' title='bbox 1155 2554 1182 2603; x_wconf 93' lang='grc'><strong>4.</strong></span> <span class='ocrx_word' id='word_1_392' title='bbox 1194 2553 1265 2617; x_wconf 83' lang='lat' dir='ltr'>VII,</span> <span class='ocrx_word' id='word_1_393' title='bbox 1282 2556 1334 2610; x_wconf 89' lang='grc'><strong>162</strong></span> <span class='ocrx_word' id='word_1_394' title='bbox 1346 2561 1374 2608; x_wconf 87' lang='lat' dir='ltr'><strong>et</strong></span> 
     </span>
     <span class='ocr_line' id='line_1_57' title="bbox 829 2620 1374 2690; baseline 0.017 -21"><span class='ocrx_word' id='word_1_395' title='bbox 829 2634 899 2685; x_wconf 87' lang='lat' dir='ltr'><strong>qnae</strong></span> <span class='ocrx_word' id='word_1_396' title='bbox 909 2620 964 2672; x_wconf 87' lang='lat' dir='ltr'><strong>alia</strong></span> <span class='ocrx_word' id='word_1_397' title='bbox 974 2620 1053 2673; x_wconf 86' lang='lat' dir='ltr'><strong>affert</strong></span> <span class='ocrx_word' id='word_1_398' title='bbox 1060 2624 1129 2674; x_wconf 81' lang='lat' dir='ltr'><strong>Wer</strong></span> <span class='ocrx_word' id='word_1_399' title='bbox 1140 2624 1175 2674; x_wconf 82' lang='lat' dir='ltr'><strong>ad</strong></span> <span class='ocrx_word' id='word_1_400' title='bbox 1185 2623 1311 2690; x_wconf 82' lang='lat' dir='ltr'><strong>Sophocl.</strong></span> <span class='ocrx_word' id='word_1_401' title='bbox 1319 2626 1374 2678; x_wconf 79' lang='lat' dir='ltr'><strong>An-</strong></span> 
     </span>
     <span class='ocr_line' id='line_1_58' title="bbox 827 2691 1103 2756; baseline 0.014 -16"><span class='ocrx_word' id='word_1_402' title='bbox 827 2692 913 2755; x_wconf 82' lang='lat' dir='ltr'><strong>tigcn.</strong></span> <span class='ocrx_word' id='word_1_403' title='bbox 928 2691 987 2742; x_wconf 88' lang='grc'><strong>714.</strong></span> <span class='ocrx_word' id='word_1_404' title='bbox 1002 2707 1028 2756; x_wconf 90' lang='lat' dir='ltr'><strong>p.</strong></span> <span class='ocrx_word' id='word_1_405' title='bbox 1042 2694 1103 2744; x_wconf 89' lang='grc'><strong>221.</strong></span> 
     </span>
    </p>

    <p class='ocr_par' dir='ltr' id='par_1_5' title="bbox 822 2750 1374 4446">
     <span class='ocr_line' id='line_1_59' title="bbox 863 2750 1374 2831; baseline 0.02 -23"><span class='ocrx_word' id='word_1_406' title='bbox 863 2750 995 2829; x_wconf 80' lang='grc' dir='ltr'><em>ἐόντατῷ</em></span> <span class='ocrx_word' id='word_1_407' title='bbox 1009 2758 1094 2827; x_wconf 76' lang='grc' dir='ltr'><em>πατρί</em></span> <span class='ocrx_word' id='word_1_408' title='bbox 1111 2752 1270 2831; x_wconf 84' lang='grc' dir='ltr'><em>ἐπιτήδεον]</em></span> <span class='ocrx_word' id='word_1_409' title='bbox 1286 2764 1330 2817; x_wconf 78' lang='lat' dir='ltr'><strong>Ad</strong></span> <span class='ocrx_word' id='word_1_410' title='bbox 1344 2766 1374 2817; x_wconf 87' lang='lat' dir='ltr'><strong>fi-</strong></span> 
     </span>
     <span class='ocr_line' id='line_1_60' title="bbox 827 2829 1373 2896; baseline 0.016 -17"><span class='ocrx_word' id='word_1_411' title='bbox 827 2829 893 2881; x_wconf 88' lang='lat' dir='ltr'><strong>lium</strong></span> <span class='ocrx_word' id='word_1_412' title='bbox 906 2831 1038 2896; x_wconf 80' lang='lat' dir='ltr'><strong>pertiuet,</strong></span> <span class='ocrx_word' id='word_1_413' title='bbox 1057 2831 1110 2884; x_wconf 88' lang='lat' dir='ltr'><strong>hoc</strong></span> <span class='ocrx_word' id='word_1_414' title='bbox 1129 2834 1185 2886; x_wconf 81' lang='lat' dir='ltr'><strong>sere</strong></span> <span class='ocrx_word' id='word_1_415' title='bbox 1203 2849 1299 2886; x_wconf 84' lang='lat' dir='ltr'><strong>sensu:</strong></span> <span class='ocrx_word' id='word_1_416' title='bbox 1317 2854 1373 2888; x_wconf 81' lang='lat' dir='ltr'><strong>eurr</strong></span> 
     </span>
     <span class='ocr_line' id='line_1_61' title="bbox 827 2904 1373 2967; baseline 0.011 -15"><span class='ocrx_word' id='word_1_417' title='bbox 827 2910 853 2952; x_wconf 82' lang='lat' dir='ltr'><strong>tu</strong></span> <span class='ocrx_word' id='word_1_418' title='bbox 864 2904 946 2966; x_wconf 79' lang='lat' dir='ltr'><strong>patri,</strong></span> <span class='ocrx_word' id='word_1_419' title='bbox 960 2919 983 2952; x_wconf 88' lang='lat' dir='ltr'><strong>s.</strong></span> <span class='ocrx_word' id='word_1_420' title='bbox 990 2905 1076 2967; x_wconf 77' lang='lat' dir='ltr'><strong>patrie</strong></span> <span class='ocrx_word' id='word_1_421' title='bbox 1088 2907 1185 2964; x_wconf 82' lang='lat' dir='ltr'><strong>auimo,</strong></span> <span class='ocrx_word' id='word_1_422' title='bbox 1198 2915 1223 2957; x_wconf 86' lang='lat' dir='ltr'><strong>te</strong></span> <span class='ocrx_word' id='word_1_423' title='bbox 1234 2922 1373 2959; x_wconf 80' lang='grc' dir='ltr'><em>ατοοαυιιο-</em></span> 
     </span>
     <span class='ocr_line' id='line_1_62' title="bbox 827 2970 1372 3035; baseline 0.007 -13"><span class='ocrx_word' id='word_1_424' title='bbox 827 2973 881 3022; x_wconf 85' lang='lat' dir='ltr'><strong>des.</strong></span> <span class='ocrx_word' id='word_1_425' title='bbox 906 2970 985 3021; x_wconf 84' lang='lat' dir='ltr'><strong>Conf.</strong></span> <span class='ocrx_word' id='word_1_426' title='bbox 996 2971 1049 3035; x_wconf 88' lang='lat'>111,</span> <span class='ocrx_word' id='word_1_427' title='bbox 1062 2973 1104 3023; x_wconf 85' lang='lat'><strong>70.</strong></span> <span class='ocrx_word' id='word_1_428' title='bbox 1117 3000 1151 3011; x_wconf 87' lang='lat'><em>—</em></span> <span class='ocrx_word' id='word_1_429' title='bbox 1163 2975 1207 3025; x_wconf 80' lang='lat' dir='ltr'><strong>Ad</strong></span> <span class='ocrx_word' id='word_1_430' title='bbox 1220 2976 1305 3028; x_wconf 82' lang='lat' dir='ltr'><strong>verba</strong></span> <span class='ocrx_word' id='word_1_431' title='bbox 1315 2977 1372 3026; x_wconf 85' lang='lat' dir='ltr'><strong>Ko-</strong></span> 
     </span>
     <span class='ocr_line' id='line_1_63' title="bbox 828 3031 1372 3108; baseline 0.017 -20"><span class='ocrx_word' id='word_1_432' title='bbox 828 3037 933 3101; x_wconf 76' lang='grc' dir='ltr'><em>ρίνθου</em></span> <span class='ocrx_word' id='word_1_433' title='bbox 957 3038 1009 3107; x_wconf 82' lang='grc' dir='ltr'><em>τῆς</em></span> <span class='ocrx_word' id='word_1_434' title='bbox 1035 3031 1251 3108; x_wconf 72' lang='grc' dir='ltr'><em>εὐδαίμονος</em></span> <span class='ocrx_word' id='word_1_435' title='bbox 1275 3047 1372 3099; x_wconf 78' lang='lat' dir='ltr'><strong>confer</strong></span> 
     </span>
     <span class='ocr_line' id='line_1_64' title="bbox 826 3102 1372 3177; baseline 0.016 -17"><span class='ocrx_word' id='word_1_436' title='bbox 826 3110 988 3171; x_wconf 87' lang='lat' dir='ltr'><strong>Homerum,</strong></span> <span class='ocrx_word' id='word_1_437' title='bbox 1001 3112 1047 3176; x_wconf 89' lang='lat' dir='ltr'><strong>qui</strong></span> <span class='ocrx_word' id='word_1_438' title='bbox 1061 3102 1183 3177; x_wconf 70' lang='grc' dir='ltr'><em>ἀφνειὸν</em></span> <span class='ocrx_word' id='word_1_439' title='bbox 1195 3114 1265 3166; x_wconf 85' lang='lat' dir='ltr'><strong>dixit</strong></span> <span class='ocrx_word' id='word_1_440' title='bbox 1276 3117 1372 3168; x_wconf 86' lang='lat' dir='ltr'><strong>Corin-</strong></span> 
     </span>
     <span class='ocr_line' id='line_1_65' title="bbox 827 3179 1372 3253; baseline 0.017 -24"><span class='ocrx_word' id='word_1_441' title='bbox 827 3180 903 3230; x_wconf 89' lang='lat' dir='ltr'><strong>thum</strong></span> <span class='ocrx_word' id='word_1_442' title='bbox 916 3179 961 3231; x_wconf 88' lang='lat' dir='ltr'><strong>lli.</strong></span> <span class='ocrx_word' id='word_1_443' title='bbox 974 3181 1018 3243; x_wconf 89' lang='lat'><strong>11,</strong></span> <span class='ocrx_word' id='word_1_444' title='bbox 1029 3181 1095 3246; x_wconf 77' lang='lat'><strong>570,</strong></span> <span class='ocrx_word' id='word_1_445' title='bbox 1118 3189 1145 3234; x_wconf 89' lang='lat' dir='ltr'><strong>et</strong></span> <span class='ocrx_word' id='word_1_446' title='bbox 1156 3184 1307 3245; x_wconf 80' lang='lat' dir='ltr'><strong>Pindarus.</strong></span> <span class='ocrx_word' id='word_1_447' title='bbox 1324 3190 1372 3253; x_wconf 86' lang='lat' dir='ltr'><strong>qni</strong></span> 
     </span>
     <span class='ocr_line' id='line_1_66' title="bbox 827 3239 1370 3322; baseline 0.02 -24"><span class='ocrx_word' id='word_1_448' title='bbox 827 3239 927 3318; x_wconf 80' lang='grc' dir='ltr'><em>ὀλβίαν</em></span> <span class='ocrx_word' id='word_1_449' title='bbox 944 3251 1115 3317; x_wconf 82' lang='lat' dir='ltr'><strong>praedicavit</strong></span> <span class='ocrx_word' id='word_1_450' title='bbox 1136 3253 1273 3322; x_wconf 80' lang='lat' dir='ltr'><strong>(Olympp.</strong></span> <span class='ocrx_word' id='word_1_451' title='bbox 1291 3257 1370 3317; x_wconf 83' lang='lat' dir='ltr'><strong>xm,</strong></span> 
     </span>
     <span class='ocr_line' id='line_1_67' title="bbox 826 3318 1371 3391; baseline 0.017 -22"><span class='ocrx_word' id='word_1_452' title='bbox 826 3318 865 3383; x_wconf 88' lang='grc'><strong>4).</strong></span> <span class='ocrx_word' id='word_1_453' title='bbox 877 3320 1135 3388; x_wconf 81' lang='lat' dir='ltr'><strong>Add.Thueydid.I,</strong></span> <span class='ocrx_word' id='word_1_454' title='bbox 1148 3324 1180 3375; x_wconf 85' lang='lat'><strong>13</strong></span> <span class='ocrx_word' id='word_1_455' title='bbox 1192 3331 1220 3376; x_wconf 92' lang='lat' dir='ltr'><strong>et</strong></span> <span class='ocrx_word' id='word_1_456' title='bbox 1230 3342 1303 3391; x_wconf 82' lang='lat' dir='ltr'><strong>qnae</strong></span> <span class='ocrx_word' id='word_1_457' title='bbox 1313 3327 1371 3378; x_wconf 89' lang='lat' dir='ltr'><strong>alia</strong></span> 
     </span>
     <span class='ocr_line' id='line_1_68' title="bbox 825 3391 1370 3464; baseline 0.02 -26"><span class='ocrx_word' id='word_1_458' title='bbox 825 3394 948 3441; x_wconf 84' lang='lat' dir='ltr'><strong>veterum</strong></span> <span class='ocrx_word' id='word_1_459' title='bbox 957 3391 1114 3443; x_wconf 85' lang='lat' dir='ltr'><strong>testimonia</strong></span> <span class='ocrx_word' id='word_1_460' title='bbox 1124 3394 1234 3462; x_wconf 83' lang='lat' dir='ltr'><strong>collegit</strong></span> <span class='ocrx_word' id='word_1_461' title='bbox 1240 3397 1370 3464; x_wconf 78' lang='lat' dir='ltr'><strong>Wagner.</strong></span> 
     </span>
     <span class='ocr_line' id='line_1_69' title="bbox 826 3459 1370 3534; baseline 0.022 -25"><span class='ocrx_word' id='word_1_462' title='bbox 826 3459 854 3508; x_wconf 89' lang='lat' dir='ltr'><strong>in</strong></span> <span class='ocrx_word' id='word_1_463' title='bbox 865 3460 1054 3525; x_wconf 66' lang='lat' dir='ltr'><strong>Speoimserr.</strong></span> <span class='ocrx_word' id='word_1_464' title='bbox 1064 3463 1186 3515; x_wconf 84' lang='lat' dir='ltr'><strong>Corinth.</strong></span> <span class='ocrx_word' id='word_1_465' title='bbox 1195 3482 1259 3534; x_wconf 79' lang='lat' dir='ltr'><strong>pag.</strong></span> <span class='ocrx_word' id='word_1_466' title='bbox 1267 3468 1292 3519; x_wconf 91' lang='lat'><strong>1.</strong></span> <span class='ocrx_word' id='word_1_467' title='bbox 1304 3468 1370 3534; x_wconf 90' lang='lat' dir='ltr'><strong>Spe·</strong></span> 
     </span>
     <span class='ocr_line' id='line_1_70' title="bbox 826 3522 1367 3604; baseline 0.017 -24"><span class='ocrx_word' id='word_1_468' title='bbox 826 3533 885 3580; x_wconf 86' lang='lat' dir='ltr'><strong>ctat</strong></span> <span class='ocrx_word' id='word_1_469' title='bbox 895 3534 988 3581; x_wconf 87' lang='lat' dir='ltr'><strong>autem</strong></span> <span class='ocrx_word' id='word_1_470' title='bbox 1001 3548 1054 3583; x_wconf 86' lang='lat' dir='ltr'><strong>vox</strong></span> <span class='ocrx_word' id='word_1_471' title='bbox 1068 3522 1212 3599; x_wconf 78' lang='grc' dir='ltr'><em>εὐδαίμων</em></span> <span class='ocrx_word' id='word_1_472' title='bbox 1223 3538 1259 3588; x_wconf 79' lang='grc' dir='ltr'><strong>εδ</strong></span> <span class='ocrx_word' id='word_1_473' title='bbox 1272 3555 1335 3604; x_wconf 80' lang='lat' dir='ltr'><strong>opes</strong></span> <span class='ocrx_word' id='word_1_474' title='bbox 1346 3554 1367 3589; x_wconf 84' lang='lat' dir='ltr'><strong>a.</strong></span> 
     </span>
     <span class='ocr_line' id='line_1_71' title="bbox 825 3598 1369 3665; baseline 0.018 -16"><span class='ocrx_word' id='word_1_475' title='bbox 825 3598 861 3649; x_wconf 79' lang='lat' dir='ltr'><strong>nd</strong></span> <span class='ocrx_word' id='word_1_476' title='bbox 878 3605 1028 3665; x_wconf 73' lang='lat' dir='ltr'><strong>opulentiam</strong></span> <span class='ocrx_word' id='word_1_477' title='bbox 1043 3607 1071 3654; x_wconf 87' lang='lat' dir='ltr'><strong>ct</strong></span> <span class='ocrx_word' id='word_1_478' title='bbox 1089 3605 1191 3657; x_wconf 79' lang='lat' dir='ltr'><strong>diuitias</strong></span> <span class='ocrx_word' id='word_1_479' title='bbox 1205 3610 1369 3659; x_wconf 86' lang='lat' dir='ltr'><strong>commercio</strong></span> 
     </span>
     <span class='ocr_line' id='line_1_72' title="bbox 824 3670 1369 3744; baseline 0.022 -25"><span class='ocrx_word' id='word_1_480' title='bbox 824 3670 995 3732; x_wconf 85' lang='lat' dir='ltr'><strong>potissimum</strong></span> <span class='ocrx_word' id='word_1_481' title='bbox 1021 3688 1038 3723; x_wconf 92' lang='lat' dir='ltr'><strong>a</strong></span> <span class='ocrx_word' id='word_1_482' title='bbox 1057 3672 1205 3729; x_wconf 81' lang='lat' dir='ltr'><strong>Corinthiis</strong></span> <span class='ocrx_word' id='word_1_483' title='bbox 1229 3693 1369 3744; x_wconf 86' lang='lat' dir='ltr'><strong>compara-</strong></span> 
     </span>
     <span class='ocr_line' id='line_1_73' title="bbox 824 3741 1368 3813; baseline 0.018 -25"><span class='ocrx_word' id='word_1_484' title='bbox 824 3744 883 3801; x_wconf 86' lang='lat' dir='ltr'><strong>tas;</strong></span> <span class='ocrx_word' id='word_1_485' title='bbox 902 3741 959 3792; x_wconf 78' lang='lat' dir='ltr'><strong>vid.</strong></span> <span class='ocrx_word' id='word_1_486' title='bbox 971 3746 1041 3794; x_wconf 84' lang='lat' dir='ltr'><strong>nott.</strong></span> <span class='ocrx_word' id='word_1_487' title='bbox 1059 3744 1093 3794; x_wconf 87' lang='lat' dir='ltr'><strong>ad</strong></span> <span class='ocrx_word' id='word_1_488' title='bbox 1105 3745 1139 3808; x_wconf 89' lang='lat' dir='ltr'><strong>V,</strong></span> <span class='ocrx_word' id='word_1_489' title='bbox 1151 3747 1176 3797; x_wconf 90' lang='lat'><strong>8.</strong></span> <span class='ocrx_word' id='word_1_490' title='bbox 1191 3775 1222 3783; x_wconf 93' lang='lat'><em>-</em></span> <span class='ocrx_word' id='word_1_491' title='bbox 1239 3741 1368 3813; x_wconf 76' lang='grc' dir='ltr'><em>βασιλεὺς</em></span> 
     </span>
     <span class='ocr_line' id='line_1_74' title="bbox 822 3807 1367 3879; baseline 0.028 -22"><span class='ocrx_word' id='word_1_492' title='bbox 822 3807 945 3861; x_wconf 89' lang='lat' dir='ltr'><strong>hocloco</strong></span> <span class='ocrx_word' id='word_1_493' title='bbox 958 3811 1059 3863; x_wconf 84' lang='lat' dir='ltr'><strong>dicitur</strong></span> <span class='ocrx_word' id='word_1_494' title='bbox 1071 3816 1182 3879; x_wconf 79' lang='lat' dir='ltr'><strong>tyranni</strong></span> <span class='ocrx_word' id='word_1_495' title='bbox 1194 3816 1275 3879; x_wconf 87' lang='lat' dir='ltr'><strong>filius,</strong></span> <span class='ocrx_word' id='word_1_496' title='bbox 1290 3818 1367 3871; x_wconf 81' lang='lat' dir='ltr'><strong>here·</strong></span> 
     </span>
     <span class='ocr_line' id='line_1_75' title="bbox 823 3877 1367 3953; baseline 0.022 -26"><span class='ocrx_word' id='word_1_497' title='bbox 823 3877 924 3930; x_wconf 74' lang='lat' dir='ltr'><strong>ditatio</strong></span> <span class='ocrx_word' id='word_1_498' title='bbox 937 3885 965 3931; x_wconf 92' lang='lat' dir='ltr'><strong>et</strong></span> <span class='ocrx_word' id='word_1_499' title='bbox 982 3880 1103 3949; x_wconf 74' lang='lat' dir='ltr'><strong>legitimo</strong></span> <span class='ocrx_word' id='word_1_500' title='bbox 1123 3885 1181 3937; x_wconf 87' lang='lat' dir='ltr'><strong>inre</strong></span> <span class='ocrx_word' id='word_1_501' title='bbox 1203 3889 1283 3953; x_wconf 87' lang='lat' dir='ltr'><strong>quasi</strong></span> <span class='ocrx_word' id='word_1_502' title='bbox 1305 3904 1367 3941; x_wconf 87' lang='lat' dir='ltr'><strong>eon·</strong></span> 
     </span>
     <span class='ocr_line' id='line_1_76' title="bbox 823 3948 1366 4024; baseline 0.022 -26"><span class='ocrx_word' id='word_1_503' title='bbox 823 3948 934 4000; x_wconf 86' lang='lat' dir='ltr'><strong>stitutus</strong></span> <span class='ocrx_word' id='word_1_504' title='bbox 948 3966 1009 4002; x_wconf 86' lang='lat' dir='ltr'><strong>rex:</strong></span> <span class='ocrx_word' id='word_1_505' title='bbox 1034 3954 1105 4019; x_wconf 90' lang='lat' dir='ltr'><strong>qnod</strong></span> <span class='ocrx_word' id='word_1_506' title='bbox 1120 3956 1154 4005; x_wconf 88' lang='lat' dir='ltr'><strong>iis</strong></span> <span class='ocrx_word' id='word_1_507' title='bbox 1171 3957 1237 4007; x_wconf 88' lang='lat' dir='ltr'><strong>addi</strong></span> <span class='ocrx_word' id='word_1_508' title='bbox 1255 3962 1366 4024; x_wconf 84' lang='lat' dir='ltr'><strong>poterit,</strong></span> 
     </span>
     <span class='ocr_line' id='line_1_77' title="bbox 823 4018 1366 4092; baseline 0.022 -24"><span class='ocrx_word' id='word_1_509' title='bbox 823 4034 892 4084; x_wconf 87' lang='lat' dir='ltr'><strong>quas</strong></span> <span class='ocrx_word' id='word_1_510' title='bbox 902 4018 935 4071; x_wconf 88' lang='lat' dir='ltr'><strong>de</strong></span> <span class='ocrx_word' id='word_1_511' title='bbox 945 4021 1145 4087; x_wconf 80' lang='lat' dir='ltr'><strong>significatione</strong></span> <span class='ocrx_word' id='word_1_512' title='bbox 1158 4042 1255 4078; x_wconf 83' lang='lat' dir='ltr'><strong>vocum</strong></span> <span class='ocrx_word' id='word_1_513' title='bbox 1265 4020 1366 4092; x_wconf 79' lang='grc' dir='ltr'><em>τύραν-</em></span> 
     </span>
     <span class='ocr_line' id='line_1_78' title="bbox 823 4083 1366 4160; baseline 0.029 -24"><span class='ocrx_word' id='word_1_514' title='bbox 823 4102 873 4146; x_wconf 80' lang='grc' dir='ltr'><em>νος</em></span> <span class='ocrx_word' id='word_1_515' title='bbox 883 4093 911 4140; x_wconf 89' lang='lat' dir='ltr'><strong>et</strong></span> <span class='ocrx_word' id='word_1_516' title='bbox 922 4083 1052 4155; x_wconf 76' lang='grc' dir='ltr'><em>βασιλεὺς</em></span> <span class='ocrx_word' id='word_1_517' title='bbox 1065 4093 1240 4160; x_wconf 82' lang='lat' dir='ltr'><strong>disputarunt</strong></span> <span class='ocrx_word' id='word_1_518' title='bbox 1255 4100 1310 4150; x_wconf 87' lang='lat' dir='ltr'><strong>viri</strong></span> <span class='ocrx_word' id='word_1_519' title='bbox 1321 4100 1366 4151; x_wconf 86' lang='lat' dir='ltr'><strong>do-</strong></span> 
     </span>
     <span class='ocr_line' id='line_1_79' title="bbox 823 4157 1363 4235; baseline 0.022 -25"><span class='ocrx_word' id='word_1_520' title='bbox 823 4158 875 4221; x_wconf 77' lang='lat' dir='ltr'><strong>cti3</strong></span> <span class='ocrx_word' id='word_1_521' title='bbox 896 4157 932 4209; x_wconf 83' lang='lat' dir='ltr'><strong>cf.</strong></span> <span class='ocrx_word' id='word_1_522' title='bbox 946 4160 1039 4213; x_wconf 84' lang='lat' dir='ltr'><strong>Plass:</strong></span> <span class='ocrx_word' id='word_1_523' title='bbox 1053 4163 1105 4215; x_wconf 88' lang='lat' dir='ltr'><strong>Die</strong></span> <span class='ocrx_word' id='word_1_524' title='bbox 1115 4167 1253 4232; x_wconf 82' lang='lat' dir='ltr'><strong>Tyrannis</strong></span> <span class='ocrx_word' id='word_1_525' title='bbox 1267 4171 1289 4220; x_wconf 90' lang='lat'><strong>1.</strong></span> <span class='ocrx_word' id='word_1_526' title='bbox 1301 4185 1363 4235; x_wconf 78' lang='lat' dir='ltr'><strong>pag.</strong></span> 
     </span>
     <span class='ocr_line' id='line_1_80' title="bbox 823 4228 1366 4307; baseline 0.026 -28"><span class='ocrx_word' id='word_1_527' title='bbox 823 4228 873 4280; x_wconf 89' lang='grc'><strong>123</strong></span> <span class='ocrx_word' id='word_1_528' title='bbox 886 4244 963 4307; x_wconf 69' lang='grc' dir='ltr'><em>ρεῃῃ.</em></span> <span class='ocrx_word' id='word_1_529' title='bbox 978 4231 1028 4283; x_wconf 80' lang='grc'><strong>134</strong></span> <span class='ocrx_word' id='word_1_530' title='bbox 1042 4248 1116 4300; x_wconf 90' lang='lat' dir='ltr'><strong>seqq.</strong></span> <span class='ocrx_word' id='word_1_531' title='bbox 1145 4237 1187 4288; x_wconf 81' lang='lat' dir='ltr'><strong>Ad</strong></span> <span class='ocrx_word' id='word_1_532' title='bbox 1198 4239 1283 4290; x_wconf 86' lang='lat' dir='ltr'><strong>verba</strong></span> <span class='ocrx_word' id='word_1_533' title='bbox 1294 4234 1366 4305; x_wconf 79' lang='grc' dir='ltr'><em>ὀργῇ</em></span> 
     </span>
     <span class='ocr_line' id='line_1_81' title="bbox 823 4299 1363 4381; baseline 0.028 -35"><span class='ocrx_word' id='word_1_534' title='bbox 823 4313 977 4364; x_wconf 79' lang='grc' dir='ltr'><em>χρεωμενος</em></span> <span class='ocrx_word' id='word_1_535' title='bbox 989 4299 1115 4381; x_wconf 71' lang='lat' dir='ltr'><strong>(recenti.</strong></span> <span class='ocrx_word' id='word_1_536' title='bbox 1132 4307 1193 4358; x_wconf 81' lang='lat' dir='ltr'><strong>edd.</strong></span> <span class='ocrx_word' id='word_1_537' title='bbox 1206 4300 1363 4373; x_wconf 82' lang='grc' dir='ltr'><em>χρεόμενος)</em></span> 
     </span>
     <span class='ocr_line' id='line_1_82' title="bbox 822 4367 1364 4446; baseline 0.018 -26"><span class='ocrx_word' id='word_1_538' title='bbox 822 4367 858 4420; x_wconf 82' lang='lat' dir='ltr'><strong>cf.</strong></span> <span class='ocrx_word' id='word_1_539' title='bbox 870 4370 892 4432; x_wconf 96' lang='grc' dir='ltr'><strong>Ι,</strong></span> <span class='ocrx_word' id='word_1_540' title='bbox 906 4368 950 4422; x_wconf 86' lang='grc'><strong>88,</strong></span> <span class='ocrx_word' id='word_1_541' title='bbox 968 4385 1039 4437; x_wconf 83' lang='grc' dir='ltr'><em>χρῃν</em></span> <span class='ocrx_word' id='word_1_542' title='bbox 1048 4389 1108 4425; x_wconf 87' lang='lat' dir='ltr'><strong>cum</strong></span> <span class='ocrx_word' id='word_1_543' title='bbox 1120 4383 1234 4431; x_wconf 88' lang='lat' dir='ltr'><strong>recentt.</strong></span> <span class='ocrx_word' id='word_1_544' title='bbox 1246 4379 1308 4431; x_wconf 89' lang='lat' dir='ltr'><strong>edd.</strong></span> <span class='ocrx_word' id='word_1_545' title='bbox 1316 4397 1364 4446; x_wconf 88' lang='lat' dir='ltr'><strong>pro</strong></span> 
     </span>
    </p>
   </div>
   <div class='ocr_carea' id='block_1_5' title="bbox 820 4429 1363 4575">
    <p class='ocr_par' dir='ltr' id='par_1_6' title="bbox 820 4429 1363 4575">
     <span class='ocr_line' id='line_1_83' title="bbox 820 4429 1363 4513; baseline 0.028 -26"><span class='ocrx_word' id='word_1_546' title='bbox 820 4437 894 4503; x_wconf 76' lang='lat' dir='ltr'><strong>vulg.</strong></span> <span class='ocrx_word' id='word_1_547' title='bbox 917 4429 1002 4507; x_wconf 83' lang='grc' dir='ltr'><em>ἐχρῆν</em></span> <span class='ocrx_word' id='word_1_548' title='bbox 1020 4442 1095 4508; x_wconf 88' lang='lat' dir='ltr'><strong>dedi,</strong></span> <span class='ocrx_word' id='word_1_549' title='bbox 1121 4452 1152 4498; x_wconf 87' lang='lat' dir='ltr'><strong>ut</strong></span> <span class='ocrx_word' id='word_1_550' title='bbox 1171 4448 1216 4513; x_wconf 92' lang='lat'><strong>11,</strong></span> <span class='ocrx_word' id='word_1_551' title='bbox 1240 4448 1301 4512; x_wconf 76' lang='lat'><strong>1733</strong></span> <span class='ocrx_word' id='word_1_552' title='bbox 1327 4450 1363 4502; x_wconf 85' lang='lat' dir='ltr'><strong>ef.</strong></span> 
     </span>
     <span class='ocr_line' id='line_1_84' title="bbox 820 4507 1054 4575; baseline 0.026 -16"><span class='ocrx_word' id='word_1_553' title='bbox 820 4507 940 4562; x_wconf 85' lang='lat' dir='ltr'><strong>Bredov.</strong></span> <span class='ocrx_word' id='word_1_554' title='bbox 953 4526 981 4575; x_wconf 89' lang='lat' dir='ltr'><strong>p.</strong></span> <span class='ocrx_word' id='word_1_555' title='bbox 994 4512 1054 4565; x_wconf 82' lang='grc'><strong>286.</strong></span> 
     </span>
    </p>
   </div>
   <div class='ocr_carea' id='block_1_6' title="bbox 0 0 1526 5125">
    <p class='ocr_par' dir='ltr' id='par_1_7' title="bbox 0 0 1526 5125">
     <span class='ocr_line' id='line_1_85' title="bbox 0 0 1526 5125; baseline 0 1"><span class='ocrx_word' id='word_1_556' title='bbox 0 0 1526 5125; x_wconf 95' lang='lat' dir='ltr'><strong> </strong></span> 
     </span>
    </p>
   </div>
  </div>
 </body>
</html>
