3042 5125
265 407 326 471 708
658 394 926 467 EXCURSUS
947 406 1010 466 VH

266 598 401 652 leberrirni
424 597 499 649 illius
514 596 625 648 Solonis
647 613 705 648 cum
723 596 831 648 Croeso
853 552 982 665 colloquii
997 594 1071 664 apud
1086 594 1191 647 Herod.
1212 595 1234 661 Ι,
1257 599 1290 647 θ’)
1309 612 1392 645 recer-

267 685 362 747 detur‚
378 682 457 735 cuius
475 698 601 733 summam
617 679 767 750 Sophocles
782 680 825 731 his
840 679 909 749 ipsis
926 680 1055 732 versibus
1071 679 1247 749 expressisse
1263 679 1395 732 uideatur:

471 774 541 837 nisse
555 777 664 852 θνητὸν
680 773 741 835 ὅντ’
756 774 865 850 ἐκείνην
879 774 931 849 τὴν
946 782 1104 834 τελευταίαν
1119 778 1190 835 ideis

470 860 573 937 ἡμέραν
587 861 795 922 ἐπισκοποῦντα
807 858 904 936 μηδέν’
920 858 1052 936 ὀλβίζειν,
1069 864 1136 932 πρλν
1151 857 1187 919 iis

471 951 556 1021 τέρμα
569 954 620 1006 τοῦ
638 954 700 1025 βίον
715 945 821 1022 περάτῃ
835 946 921 1021 μηδὲν
935 941 1066 1018 ἀλγεινὸν
1080 944 1202 1004 παθόντ

270 1054 438 1123 eundemque
458 1053 621 1105 senteutiam
640 1052 790 1119 Tyndareo
810 1051 910 1104 tribuit
930 1051 1002 1120 apud
1018 1050 1096 1104 Stob.
1113 1052 1200 1103 Serto.
1229 1049 1296 1115 CV,
1318 1052 1333 1102 3
1353 1049 1399 1117 (ef.

271 1139 399 1191 Welcker
412 1136 524 1189 Griech.
539 1136 679 1204 Tragoed.
696 1154 723 1205 p.
740 1135 819 1201 tlu):
928 1169 933 1176 ·

472 1230 506 1289 ori
521 1232 572 1305 χρή
586 1229 650 1290 ποτ’
666 1224 698 1289 εὖ
712 1230 884 1304 πράσσοντος
900 1229 1008 1308 ὀλβίσαι
1019 1230 1104 1304 τύχας

472 1315 589 1390 ἀνδρὸς,
604 1318 671 1388 πρλν
685 1314 761 1393 αὐτῷ
777 1322 917 1382 παντελῶς
930 1314 985 1389 ἤδη
1000 1322 1060 1393 βίος

471 1405 664 1476 σιεκπερανθῇ
679 1403 727 1458 καλ
741 1401 889 1477 τελευτήσῃ
901 1405 979 1477 βίονι

271 1508 348 1560 imore
371 1507 414 1559 uel
434 1506 508 1558 chori
531 1506 616 1557 verba
637 1504 665 1556 in
681 1504 781 1576 Oedip.
798 1506 896 1558 Colon.
915 1507 981 1558 1225
996 1522 1056 1574 seq.
1078 1503 1111 1555 ad
1133 1503 1260 1557 eiusdem
1282 1502 1402 1572 colloquii

271 1591 474 1644 similitudinem
491 1594 602 1643 revocet
617 1589 733 1643 lacobus
747 1591 866 1653 Quaest.
884 1588 1011 1660 Sophocl.
1029 1607 1056 1658 p.
1071 1591 1138 1641 350:
1228 1576 1232 1581 ’

473 1686 511 1761 μὴ
525 1691 613 1759 φῦναι
623 1684 673 1743 τὸν
684 1681 796 1744 ἅπαντα
807 1691 873 1765 νικᾷ
882 1684 980 1759 λόγον·
994 1684 1026 1744 τὸ
1040 1682 1069 1742 d'
1080 1685 1140 1744 ἐπεὶ
1151 1691 1248 1763 φανῇ,

472 1777 556 1849 βῆναι
567 1778 665 1830 κεῖθεν
673 1766 744 1830 ὅθεν
752 1793 805 1844 περ
815 1766 877 1847 ἥκει
886 1770 957 1829 πολὺ
966 1771 1096 1843 δεύτερον
1105 1768 1142 1837 ὡς
1151 1770 1285 1844 τάχιστα,

273 1878 436 1949 quibuscum
458 1877 539 1929 aliurn
561 1894 671 1947 quoque
694 1877 829 1931 Herodoti
854 1877 941 1930 locum
961 1875 1179 1929 Thudichutuius
1207 1876 1237 1927 in
1265 1875 1402 1942 interpret.

273 1964 403 2016 German.
420 1981 447 2032 p.
462 1965 513 2017 312
534 1961 665 2014 commisit
681 1961 748 2028 Vll,
765 1964 815 2015 46:
832 1955 862 2016 h
876 1955 929 2031 peip
950 1953 1024 2015 οὕτω
1047 1958 1140 2031 βραχέι
1160 1961 1213 2032 βίῳ
1229 1953 1326 2020 οὐδεὶς
1338 1950 1403 2011 οὕτω

272 2040 425 2117 ἅνθρωπος
444 2041 498 2102 λων
520 2039 659 2115 εὐδαίμων
677 2043 799 2115 πέφυκε,
819 2078 853 2086 -
867 2048 905 2119 τῷ
926 2039 960 2100 οὗ
982 2040 1185 2116 παραστήσεται
1205 2038 1340 2105 πολλάκις
1360 2040 1402 2095 καλ

274 2125 338 2186 odsi
354 2125 430 2198 ἅπαξ
442 2126 579 2186 τεθνάναι
590 2124 741 2203 βούλεσθαι
756 2131 860 2200 μᾶλλον
874 2122 893 2200 ἢ
909 2125 1003 2200 ζώειν,
1021 2136 1106 2200 utque
1121 2131 1338 2199 insignissimam
1353 2128 1403 2178 Au·

274 2217 386 2285 tigonae
406 2211 500 2285 βῆσιν,
523 2215 596 2269 unde
616 2222 674 2266 tota
695 2216 761 2268 hsec
779 2215 929 2284 disputatio
945 2216 1068 2284 prefects
1092 2222 1149 2282 est,
1171 2214 1318 2284 paulisper
1332 2229 1402 2282 prae

274 2300 429 2367 terruittsm,
445 2317 534 2369 nuper
550 2299 629 2352 etism
644 2300 802 2352 Ruscherus
813 2300 906 2353 Leben
919 2299 968 2352 des
979 2298 1161 2367 'l'hultydides
1176 2300 1273 2369 (Gott.
1293 2300 1365 2351 1842.
1376 2296 1403 2355 3)

275 2404 301 2454 p.
320 2388 369 2438 118
384 2385 621 2452 Clytsemnestree
641 2383 773 2437 somnium
794 2384 821 2435 in
838 2384 949 2437 Electra
968 2402 993 2437 ν.
1015 2388 1065 2436 407
1081 2401 1160 2453 seqq.
1176 2399 1238 2435 curu
1254 2401 1287 2435 eo
1305 2396 1400 2449 conpa-

275 2469 362 2537 rsuit,
383 2486 438 2540 que
454 2468 593 2535 Astyages
613 2469 686 2538 apud
701 2468 834 2522 Heredot
851 2468 880 2536 Ι,
903 2470 953 2522 108
967 2467 1117 2538 pericnlum
1132 2468 1186 2520 sibi
1202 2468 1310 2535 scyro
1328 2462 1401 2517 immi-

276 2572 346 2607 nens
361 2552 530 2607 intellexisse
546 2552 679 2607 traditore
693 2553 783 2623 φῦναι
795 2544 933 2624 ἄμπελον,
949 2548 1001 2624 τὴν
1013 2548 1043 2606 di
1057 2545 1181 2622 ἄμπελον
1196 2557 1344 2622 κατασχεῖν
1357 2542 1403 2617 τὴν

271 2630 360 2709 ’,ίσίην
374 2640 476 2704 πᾶσαν,
491 2638 572 2708 plane
588 2645 619 2691 ut
632 2639 705 2708 apud
721 2638 881 2708 Sophoclem
895 2648 954 2692 este

681 2769 716 2780 -
730 2770 765 2779 —
782 2734 811 2793 ἐκ
826 2735 856 2793 dl
866 2731 946 2793 τοῦθ’
961 2732 1022 2794 ἅνω

478 2824 606 2895 βλαστεῖν
621 2818 743 2895 βρύοντα
756 2817 879 2895 θαλλόν,
895 2814 917 2898 qi
933 2820 1084 2878 κατάσκιον

478 2910 571 2962 πᾶσαν
585 2906 716 2977 γενέσθαι
731 2904 784 2978 τὴν
799 2910 975 2979 Μυκηναίων
989 2902 1091 2979 χθόνα.

277 3010 388 3073 Quibus
402 3009 496 3062 serbis
510 3010 580 3062 scite
591 3008 695 3061 monuit
711 3010 743 3061 10.
751 2993 792 3061 Ἠ.
807 3027 858 3061 von
873 3010 943 3062 Heli
955 3010 990 3063 de
1004 3011 1095 3079 mytho
1106 3009 1230 3062 Heleuse
1243 3007 1401 3078 Euripidess

277 3094 422 3162 (Lugdun.
438 3093 534 3145 Batav.
553 3095 634 3160 1843)
649 3111 675 3161 p.
691 3093 830 3164 tuipsius
846 3093 939 3163 potius
951 3094 1095 3164 Sophoclis
1111 3094 1251 3147 inventum
1269 3108 1346 3163 quem
1359 3106 1400 3142 sn·

278 3177 379 3246 tiquam
397 3178 491 3229 semem
506 3177 591 3243 cerni,
606 3176 740 3247 siquidem
758 3178 912 3245 Aeschylus
927 3178 1051 3248 Choiph.
1068 3196 1096 3231 v.
1111 3181 1161 3231 517
1178 3197 1257 3249 seqq.
1275 3178 1302 3229 iu
1318 3175 1400 3228 eaden

278 3276 361 3311 cause
378 3276 493 3328 prorsus
507 3259 561 3311 elis
576 3259 674 3312 somnii
691 3261 784 3330 specie
801 3278 868 3314 usus
885 3262 930 3313 sit.
965 3263 1029 3332 lpss
1045 3263 1164 3334 denique
1176 3262 1332 3330 Antigonae
1347 3274 1399 3310 ore-

277 3344 332 3410 tie,
352 3360 407 3415 que
421 3363 452 3396 se
466 3343 511 3408 id,
533 3343 606 3413 quod
625 3362 674 3413 pro
689 3346 776 3397 fratre
790 3345 923 3412 subierit,
945 3365 979 3400 ne
993 3365 1044 3416 pro
1059 3348 1154 3400 marito
1171 3347 1281 3416 quidem
1296 3344 1337 3397 vel
1350 3341 1398 3394 lilio

279 3428 492 3497 periclitaturam
507 3428 596 3480 luisse
612 3428 708 3497 iactat,
727 3435 782 3481 tem
795 3430 946 3498 singularis
962 3439 1020 3499 est,
1038 3440 1069 3484 ut
1083 3431 1211 3501 quisquis
1227 3449 1287 3484 earu
1302 3442 1398 3495 conpr

279 3512 350 3580 suit,
365 3513 509 3566 manifesto
528 3511 702 3581 lntaphernis
720 3511 790 3566 illem
806 3530 917 3567 uxorem
931 3523 995 3569 ante
1008 3515 1101 3568 oculos
1116 3516 1252 3582 hebuerit,
1270 3532 1337 3585 qnae
1350 3513 1396 3563 sn·

279 3596 330 3648 tris
346 3598 434 3649 salute
449 3597 544 3648 merito
560 3603 588 3648 et
602 3596 695 3649 liberis
710 3598 833 3667 preelete
848 3599 886 3651 ita
901 3618 932 3651 se
949 3608 1076 3653 excusat:
1097 3591 1169 3669 ἀνὴρ
1183 3598 1233 3669 μέν
1246 3619 1294 3668 μοι
1308 3590 1342 3651 ἆυ
1357 3588 1387 3649 til

278 3682 325 3741 λος
342 3679 463 3749 γένοιτο,
479 3677 505 3734 εί
518 3681 624 3748 δαίμων
638 3675 738 3750 ἐθέλοι,
751 3681 798 3735 καλ
812 3681 896 3737 τέκνα
912 3676 997 3754 ἄλλα,
1019 3681 1045 3738 εί
1056 3684 1143 3738 ταῦτα
1157 3676 1338 3757 ἀποβάλοιμι,
1352 3696 1397 3733 πα·

277 3758 342 3830 τρὸς
359 3761 389 3818 δὲ
406 3763 453 3818 καλ
467 3759 569 3834 μητρὸς
589 3758 681 3819 οὐκέτι
697 3784 748 3833 μευ
768 3761 896 3831 ζωόντων
910 3759 1046 3838 σλδελφεός
1059 3758 1095 3822 ἂν
1109 3761 1191 3830 ἄλλος
1206 3762 1301 3823 οὐδενὶ
1314 3752 1396 3833 τρᾶπφ

278 3845 400 3915 γε’νοιτοι
415 3851 492 3902 immo
509 3867 543 3902 ne
558 3851 641 3902 verba
656 3850 780 3920 quidem,
794 3868 866 3921 quae
881 3851 1033 3922 Sophocles
1046 3854 1142 3906 mulier
1157 3862 1288 3924 usurpat:

479 3939 560 4013 πόσις
575 3945 627 4021 γὰρ
640 3943 677 4005 ἄν
690 3970 738 4021 μοι
751 3947 944 4015 κατθανόντος
956 3946 1038 4017 ἄλλος
1055 3944 1092 4025 ἦν

481 4033 528 4087 καὶ
546 4042 613 4098 παῖς
624 4029 676 4089 ἄπ’
691 4030 777 4092 ἄλλον
791 4032 900 4108 φωτὸς,
915 4035 941 4091 εί
952 4032 1031 4093 ταῦθ’
1046 4033 1207 4110 ἤμπλακον,

281 4130 341 4183 sive
354 4133 503 4185 Herodotei
522 4134 572 4188 leci
587 4138 789 4206 comparatione
805 4138 929 4193 idoneam
944 4140 1150 4209 explicationem
1164 4139 1305 4193 admittere
1319 4135 1391 4189 reris

281 4213 346 4266 sime
363 4216 478 4269 Wexins
491 4219 635 4275 annotavit
649 4219 760 4290 Proleg.
776 4222 831 4289 IV,
847 4227 881 4277 22
898 4229 954 4276 not.
975 4228 1001 4277 2.
1018 4224 1066 4294 (Τ.
1082 4224 1105 4276 1.
1121 4243 1148 4293 p.
1164 4226 1228 4293 73):
1249 4222 1330 4294 „quid
1342 4228 1393 4271 tan·

280 4297 338 4349 dem
355 4306 412 4360 est,
429 4316 478 4351 cnr
492 4300 565 4353 dicet
578 4295 633 4355 ἄπ’
652 4297 737 4358 ἄλλον
750 4294 858 4377 φωτός,
882 4324 965 4376 quum
983 4308 1008 4362 si
1025 4307 1099 4362 filius
1114 4308 1273 4374 interisset,
1289 4324 1338 4359 non
1352 4319 1391 4355 ne-

279 4399 357 4434 cesse
373 4390 445 4448 eret,
464 4389 534 4435 utet
547 4385 647 4437 coniux
662 4386 823 4443 demortuus
841 4398 925 4459 esset,
938 4392 1017 4444 imaue
1033 4398 1142 4462 poteret
1156 4409 1188 4444 as
1203 4393 1296 4444 eodem
1311 4386 1392 4442 nerito

278 4464 347 4518 elios
362 4466 462 4518 liberos
478 4466 641 4537 suscipere?
659 4487 769 4536 causam
784 4474 853 4526 hunc
869 4493 932 4527 esse
947 4476 1133 4545 suspicamur,
1155 4475 1220 4545 quis
1233 4471 1353 4545 Sophocli
1366 4468 1391 4520 il·
