3042 5125
341 403 407 465 AD
427 400 1074 478 HERODOT.111,11900u.1v,1ao.
1209 401 1272 465 699

133 594 322 665 seponendum
337 612 415 663 esse,
439 612 489 662 ne,
511 593 574 647 dum
589 593 672 646 dubia
682 593 775 647 dubiis
789 593 948 662 fulciamus,
972 593 1102 647 circulum
1116 593 1145 645 in
1161 593 1271 647 demon-

135 680 252 732 strando
270 679 435 732 committere
455 679 611 747 videamur3
633 679 750 732 Euscbii
770 686 860 732 autem
881 679 1003 731 narratio
1030 679 1176 731 accedente
1197 678 1271 731 locu-

135 764 289 835 pletissimo
305 764 445 816 Plutarchi
460 764 630 829 testimonio,
649 764 690 816 De
702 764 811 833 malign.
827 763 960 816 Herodoti
975 782 998 816 c.
1018 766 1060 832 26,
1076 771 1153 817 extra
1169 780 1272 816 omnem

134 849 335 903 dubitationem
356 849 447 918 posita
469 856 522 901 est.
557 849 663 915 Audio,
692 866 783 919 neque
812 848 890 902 valde
918 849 1079 918 repugnabo
1107 848 1271 916 sententiae,

134 951 218 1004 quam
233 933 296 986 mihi
308 951 418 1004 quoque
431 933 649 987 verisimillimam
662 933 750 986 videri
766 951 852 1005 supra
870 935 921 986 iam
936 934 1044 999 monui,
1067 940 1184 985 attamen
1200 950 1271 1003 quae

133 1020 226 1089 ipsum
241 1018 381 1071 Plutarchi
400 1018 487 1070 locum
509 1018 648 1070 evolventi
670 1019 732 1070 mihi
754 1037 842 1073 novae
864 1018 1041 1071 difficultates
1069 1018 1182 1070 obortae
1205 1018 1271 1085 sint,

134 1104 252 1155 candide
267 1103 347 1170 Tibi,
365 1104 414 1155 Vir
427 1103 600 1171 amicissime,
618 1122 759 1173 exponam.
789 1104 970 1157 Plutarchus:
990 1095 1034 1156 ὅτι
1047 1100 1156 1173 μέντοι,
1171 1101 1271 1171 inquit,

133 1185 204 1243 δέκα
217 1183 339 1242 τάλαντα
355 1183 462 1256 δωρεὰν
478 1184 575 1261 ἔλαβεν
590 1182 618 1254 ἐξ
629 1181 771 1261 Ἀθηνῶν,
786 1182 928 1244 Ἀνύτον
943 1182 975 1242 cd
992 1182 1126 1257 ψήφισμα
1145 1181 1273 1256 γράψαν-

132 1292 198 1345 τος,
220 1266 291 1343 ἀνὴρ
303 1267 450 1343 Ἀθηναῖος
468 1266 501 1327 οὗ
519 1275 574 1327 τῶν
596 1272 828 1344 παρημελημένων
842 1270 871 1329 ἒν
885 1270 1006 1348 ίσιορίηι,
1030 1274 1174 1342 Δίαππος,
1197 1272 1272 1344 alpu-

132 1377 201 1416 nau:
223 1359 263 1410 sic
278 1359 348 1411 enim
366 1377 416 1428 pro
431 1359 507 1427 vrrlg.
524 1358 586 1410 lect.
602 1351 665 1412 ἀντὶ
686 1361 737 1414 τοῦ
752 1378 786 1412 ex
804 1359 889 1412 Basil.
907 1359 1138 1427 wyttenbachius
1154 1364 1182 1409 et
1198 1357 1271 1410 Hae

133 1443 230 1495 tenins
247 1453 442 1512 reposuerunt.
470 1444 525 1495 Sed
536 1444 661 1513 quamvis
677 1445 789 1513 egregie
802 1444 888 1497 norim
900 1444 1020 1511 Anytunr
1039 1450 1171 1495 oratorem
1188 1442 1272 1495 Athe-

134 1529 275 1594 niensem,
297 1529 376 1580 cuius
394 1528 477 1597 operti
492 1528 563 1580 domi
581 1529 747 1599 militiaeque
763 1530 837 1582 cives
852 1530 942 1599 ipsius
957 1528 1028 1582 haud
1044 1546 1108 1581 raro
1123 1544 1191 1579 usos
1209 1546 1272 1593 esse

132 1618 193 1666 tum
209 1614 324 1666 historia
339 1613 495 1682 comprobat
510 1620 567 1666 tum
582 1614 659 1666 Plato
675 1614 788 1666 lllenon.
810 1633 837 1683 p.
853 1617 888 1668 90
903 1613 952 1680 A.,
976 1614 1023 1665 vix
1036 1620 1125 1665 tamn
1142 1611 1271 1677 arbitror,

133 1715 216 1767 quem
230 1697 275 1749 01.
290 1700 340 1763 94,
356 1700 479 1752 3:403
495 1715 510 1749 a
526 1698 591 1750 Chr.
609 1698 681 1750 inter
696 1699 835 1768 principes
850 1697 988 1767 exsulum,
1005 1698 1053 1768 qui
1069 1696 1213 1749 aPiraeeo
1229 1714 1272 1748 re·

133 1783 252 1848 dierint,
276 1783 364 1835 fuisse
383 1790 410 1835 et
430 1782 550 1835 triennio
568 1788 633 1852 post
647 1783 771 1835 Socratis
792 1790 978 1835 accusatorem
1002 1781 1143 1834 exstitisse
1164 1785 1273 1833 constet

133 1869 185 1936 (cf.
209 1883 279 1936 quos
301 1866 411 1919 laudavi
434 1868 461 1919 in
479 1868 573 1935 Comp.
591 1866 704 1937 Antiqu.
722 1868 837 1919 Graece.
854 1872 880 1932 S.
899 1869 948 1921 ltu
964 1885 990 1918 n.
1009 1866 1054 1935 1),
1080 1865 1195 1918 eundem
1208 1865 1272 1935 plus

134 1970 217 2022 quam
241 1952 424 2021 quadraginta
445 1953 525 2004 annis
548 1959 612 2004 ante
633 1952 697 2007 talis
721 1952 781 2005 sive
796 1950 1037 2005 senatusconsulti
1061 1951 1115 2003 sivi
1135 1950 1272 2019 plebisciti

134 2055 278 2089 suasorem
299 2055 359 2089 esse
375 2037 511 2106 potuisse.
545 2037 687 2105 Restaret,
710 2044 741 2090 ut
760 2038 804 2089 bis
821 2037 954 2090 recitasse
969 2036 1085 2087 Athenis
1102 2035 1272 2087 Herodotum

135 2130 336 2189 statueremus3
352 2123 401 2174 sed
418 2122 479 2174 vide
492 2140 525 2174 ne
541 2122 681 2175 Eusebius
694 2121 788 2192 potius
803 2141 854 2192 per
867 2137 978 2191 pravam
991 2119 1225 2173 ratiocinationem
1243 2119 1271 2171 iu

134 2208 259 2259 fraudem
274 2206 404 2258 inductus
416 2207 461 2258 sit.
491 2208 559 2260 Nam
578 2224 661 2276 quum
675 2207 766 2275 vulgo·
775 2214 869 2260 notum
883 2212 958 2259 esset
968 2205 1138 2259 Herodotum
1150 2203 1273 2256 Thurios

135 2292 262 2344 colonum
276 2291 443 2360 accessisse,
459 2293 526 2345 adeo
543 2298 575 2345 ut
589 2291 696 2345 Plinius
711 2292 786 2344 Hist.
801 2292 868 2344 Nat.
885 2291 947 2357 xil,
965 2293 982 2343 4
997 2308 1029 2342 eo
1040 2289 1102 2359 ipso
1117 2305 1199 2355 anno,
1217 2304 1272 2357 quo

136 2376 182 2429 illa
197 2376 304 2428 colonia
318 2376 435 2428 deducta
450 2383 509 2443 est,
525 2378 560 2429 U.
575 2376 607 2427 C.
620 2379 722 2431 310:
735 2376 780 2431 01.
795 2378 843 2443 84,
863 2379 994 2429 1:444
1011 2392 1035 2426 a.
1053 2373 1120 2425 Chr.
1133 2372 1273 2426 historiam

137 2479 198 2515 eum
212 2461 268 2513 illic
291 2461 448 2514 condidisse
472 2461 580 2529 tradat,
602 2460 681 2513 facile
700 2480 732 2513 eo
753 2461 901 2531 pervenire
922 2459 1149 2529 chronographus
1172 2459 1272 2528 potuit,

138 2554 184 2613 ut,
201 2565 279 2617 quam
295 2546 409 2599 Athenis
426 2547 542 2600 habitam
556 2545 743 2599 recitationem
758 2550 868 2613 nosset,
886 2564 944 2599 eam
959 2545 1012 2597 etsi
1027 2561 1082 2597 non
1098 2543 1181 2597 multo
1199 2551 1272 2612 ante,

137 2633 295 2702 neutiquam
322 2641 409 2684 tamen
435 2637 499 2701 post
520 2631 594 2684 illum
617 2648 716 2683 annum
739 2631 867 2684 collocari
889 2631 990 2684 debere
1011 2629 1202 2682 arbitraretur.
1237 2629 1274 2680 At

136 2736 203 2770 vero
219 2715 387 2770 Herodotum
401 2735 454 2768 non
466 2715 538 2767 illico
554 2716 677 2768 Thurios
693 2715 876 2781 discessisse,
892 2716 942 2769 sed
956 2732 1007 2785 per
1021 2714 1190 2783 aliquantum
1206 2719 1273 2765 tem-

137 2802 212 2872 poris
225 2802 304 2856 etiam
321 2810 417 2869 postea
432 2801 459 2852 in
473 2802 591 2854 Graecia
607 2810 744 2853 versatum
767 2819 830 2853 esse
847 2800 952 2865 videri,
975 2805 1056 2851 acute
1072 2814 1162 2867 nuper
1176 2798 1273 2866 laege·

137 2905 186 2940 rus
203 2889 307 2940 monuit
321 2886 353 2956 (Ι.
369 2885 387 2938 l.
403 2903 430 2955 p.
444 2889 478 2937 25
494 2887 585 2955 sem),
602 2885 723 2937 adhibito
735 2884 860 2955 inprimis
875 2884 935 2936 loco
951 2883 991 2948 V,
1009 2888 1058 2936 77:
1074 2877 1107 2937 τὸ
1123 2878 1154 2936 dl
1168 2874 1274 2952 ἄριστε-

136 2973 186 3042 ρῆς
197 2966 276 3041 χερὸς
287 2969 382 3040 ἕστηκε
397 2971 506 3039 πρῶτον
521 2964 623 3024 ἐσιόντι
637 2964 664 3032 ἒς
680 2964 716 3024 τὰ
733 2963 893 3040 προπύλαια
905 2964 941 3024 τὰ
958 2961 987 3022 ἕν
1002 2967 1036 3040 τῇ
1053 2961 1203 3038 ἀκροπόλι,
1226 2966 1274 3038 qui

136 3060 226 3127 ipsum
239 3057 325 3109 oculis
343 3073 494 3125 usurpasse
509 3055 665 3124 Propylaea
679 3054 832 3108 certissime
849 3054 1021 3126 comprobat3
1040 3070 1073 3106 ea
1090 3060 1179 3106 autem
1191 3069 1275 3123 quum

136 3141 308 3208 Euthyrnene
329 3141 434 3193 demum
449 3141 601 3203 Archonte,
617 3139 662 3192 01.
678 3143 727 3208 85,
743 3143 867 3195 4:437
879 3157 905 3192 a.
918 3140 1003 3206 Cha,
1022 3138 1161 3191 aedificari
1178 3144 1276 3208 coepta

137 3227 194 3278 sint
209 3227 386 3296 (Harpocrat.
403 3245 426 3277 s.
440 3225 498 3290 v.),
517 3229 631 3294 apparet
648 3225 808 3278 historicum
824 3231 889 3295 post
909 3224 985 3277 illum
1006 3241 1107 3277 annum
1123 3229 1172 3276 aut
1186 3224 1275 3276 adhuc

137 3318 267 3364 moratum
280 3330 342 3364 esse
355 3311 383 3362 in
396 3310 513 3362 Graecia
528 3316 577 3361 aut
591 3310 690 3363 itinere
702 3312 776 3362 sacto
791 3309 857 3363 illuc
872 3328 923 3379 pro
938 3318 1059 3379 tempore
1072 3309 1198 3363 rediisse.
1216 3309 1276 3361 Ne-

138 3414 192 3467 que
208 3396 279 3447 enim
298 3395 364 3447 illud
383 3394 506 3463 equidem
529 3394 642 3447 dixerim
659 3401 755 3447 contra
775 3401 899 3448 veterum
915 3394 1090 3462 testimonia,
1113 3412 1167 3446 non
1183 3394 1274 3446 statim

138 3498 220 3551 quum
236 3480 343 3532 colonia
354 3479 552 3546 deduceretur,
568 3480 654 3532 civem
669 3478 708 3530 illi
719 3479 889 3532 Herodotum
906 3478 1091 3548 adscriptum3
1110 3477 1159 3530 sed
1172 3477 1274 3529 intelli·

137 3566 225 3635 gimus
241 3582 274 3617 ex
285 3563 447 3631 Thucydide
461 3564 489 3631 I,
506 3567 539 3621 27
554 3563 626 3615 haud
645 3564 807 3616 inusitatum
820 3563 925 3628 fuisse,
941 3567 974 3615 ut
985 3563 1032 3631 qui
1048 3561 1157 3614 nomina
1174 3577 1225 3613 sna
1239 3560 1274 3612 ad

138 3650 270 3704 coloniam
283 3648 398 3718 aliquam
410 3648 530 3717 professi
546 3652 655 3714 essent,
672 3646 747 3700 certd
760 3647 878 3715 pecunid
890 3646 1017 3716 deposita
1031 3646 1059 3698 in
1078 3645 1168 3715 patria
1182 3662 1273 3697 maue-

138 3740 201 3788 rent
213 3752 302 3803 neque
318 3751 350 3784 eo
368 3733 458 3784 secius
473 3731 549 3784 illius
562 3731 711 3801 participes
724 3731 891 3783 haberentur
908 3728 948 3800 (εί
964 3727 994 3784 δέ
1007 3748 1049 3792 τις
1069 3724 1100 3783 τὰ
1118 3731 1275 3800 παραυτίκα

136 3816 185 3890 μὲν
206 3812 243 3888 μὴ
267 3813 356 3873 ἐθέλει
372 3819 520 3886 συμπλεῖν,
542 3812 662 3885 μετέχειν
678 3811 708 3869 dd
725 3810 854 3887 βούλεται
868 3817 918 3886 τῆς
933 3809 1079 3885 ἀποικίας,
1100 3810 1276 3886 πεντήκοντα

136 3898 260 3973 δραχμὰς
279 3900 437 3957 καταθέντα
447 3902 603 3969 Κορινθίας
614 3898 737 3976 μένειν),
754 3918 805 3953 nec
820 3900 901 3953 video
913 3900 980 3970 quid
993 3901 1099 3966 obstet,
1112 3917 1167 3971 quo
1183 3899 1274 3953 minus

136 3990 211 4043 illum
228 3989 377 4041 identidem
391 3985 596 4056 opportunitate
614 3986 704 4038 oblata
721 3986 843 4038 Athenas
861 3985 979 4038 rediisse
996 4002 1172 4052 censeamus3
1191 3985 1274 4036 sicuti

136 4074 247 4143 Lysiam
262 4090 386 4146 quoque,
402 4070 489 4141 quiet
508 4071 568 4139 ipse
579 4070 701 4123 Thurios
720 4070 960 4138 commigraverat,
980 4069 1052 4122 circa
1067 4087 1166 4124 annum
1176 4073 1228 4125 430
1239 4070 1274 4122 ad

137 4160 268 4212 visendas
287 4158 408 4210 Athenas
427 4155 538 4207 venisse
562 4155 649 4207 videri
666 4155 752 4222 haud,
771 4161 802 4208 ut
820 4156 934 4224 opinor,
953 4153 1169 4225 improbabiliter
1185 4173 1274 4225 nuper

137 4243 322 4297 demonstravi
339 4242 367 4294 in
379 4242 523 4310 Ephemer.
536 4239 671 4292 Scholast.
683 4258 724 4293 nr.
737 4243 781 4292 82.
801 4258 829 4309 p.
846 4243 907 4294 652.
938 4240 993 4293 Sed
1013 4258 1047 4294 ne
1066 4241 1095 4292 in
1110 4240 1152 4293 his
1164 4241 1274 4312 quidem

137 4327 344 4382 subsistendum
367 4332 444 4397 puto.
477 4326 570 4394 Ipsum
587 4323 690 4392 Lysiae
710 4324 860 4394 exemplum
882 4326 1024 4395 admonet,
1048 4331 1079 4378 ut
1099 4342 1271 4396 quaeramus,

137 4413 204 4484 quid
219 4413 309 4482 egerit
317 4412 487 4477 Herodotus,
500 4426 582 4481 quum
592 4416 656 4478 post
669 4410 771 4463 cladem
782 4409 953 4464 Siciliensem
964 4410 1062 4464 Thurii
1078 4411 1111 4463 ab
1121 4410 1271 4462 Athenien·

137 4500 216 4555 sibus
231 4498 381 4552 delicerent
396 4496 441 4548 01.
457 4500 507 4564 92,
522 4497 643 4549 1:412
658 4512 683 4548 a.
700 4495 790 4550 curu
805 4513 869 4551 num
884 4496 943 4550 veri
957 4495 1043 4551 simile
1054 4495 1092 4547 sit
1107 4500 1173 4560 tum,
1189 4511 1272 4565 quum
