3042 5125
1176 398 1238 461 363

402 399 938 464 MELPOMENE.1v.ee.34.

112 618 200 676 νονς,
220 597 252 660 εί
265 593 370 678 σφέας
382 593 449 661 αίελ
463 589 710 680 καταλάμψεται
730 584 994 669 ἀποστέλλοντας
1012 587 1056 678 μὴ
1076 585 1236 662 ύποδέκε-

112 706 201 782 σθαι,
214 692 303 763 οὕτω
325 692 367 783 δὴ
380 699 544 784 φέροντας
564 697 596 774 ές
610 691 689 774 τούς
703 690 826 781 οὔρους
846 691 886 761 τὰ
907 691 963 781 red
985 695 1186 785 ἐνδεδεμένα
1201 701 1238 767 έν

113 802 220 886 πυρῶν
244 798 394 888 καλάμη,
424 797 503 879 τοὺς
526 795 775 887 πλησιοχώρους
800 795 1015 885 ἐπισκήπτειν
1042 799 1239 882 κελεύοντας

112 907 311 992 προπέμπειν
333 905 420 990 σφέα
439 900 504 971 α’πό
523 904 659 972 έωντοὸν
679 904 713 981 ές
732 899 813 970 ἄλλο
834 909 943 980 ἔθνος.
979 902 1034 970 καλ
1053 908 1158 973 ταῦτα
1176 906 1239 994 μὲν

112 1003 189 1074 οὕτω
208 1005 471 1096 προπεμπόμενα
490 1002 711 1076 ἀπικνέεσθαι
729 1007 864 1094 λέγουσι
885 1007 918 1084 ἐς
933 1008 1056 1094 Δῆλον.
1100 1009 1187 1079 Ολδα
1202 1011 1238 1080 δὲ

112 1106 200 1188 αὐτὸς
219 1109 367 1179 τούτοισι
392 1114 493 1196 ίροϊσι
514 1107 591 1179 τόδε
609 1107 812 1198 ποιεύμενον
830 1110 1034 1198 προσφερές·
1064 1108 1122 1193 τὰς
1136 1121 1238 1202 Θρηι·

112 1219 176 1291 κίας
188 1215 245 1282 καλ
258 1209 316 1293 τὰς
329 1219 513 1293 Παιονίδας
526 1227 705 1302 γυναῖκας,
729 1209 831 1283 ἐπεὰν
844 1210 954 1283 θύωσι
968 1216 1009 1301 τῇ
1022 1208 1185 1306 Ἀρτέμιδι
1198 1222 1241 1306 τῇ

112 1323 284 1406 Βασιληῖη,
298 1314 359 1387 ούκ
373 1313 456 1386 ἄνευ
469 1322 588 1405 πνρῶν
601 1315 749 1405 καλάμης
762 1314 913 1397 θοούσας
926 1314 966 1385 τὰ
981 1314 1045 1404 ίρύ.
1066 1322 1122 1389 καλ
1136 1325 1239 1389 ταῦτα

112 1417 166 1506 μὲν
193 1417 235 1508 δὴ
257 1419 332 1489 οἶδα
358 1419 479 1500 ταύτας
496 1418 662 1518 ποιεύσας.
712 1424 794 1511 Τῇσι
823 1421 860 1490 δὲ
880 1421 1080 1510 παρθένοισι
1100 1421 1237 1513 ταύτησι
1245 1430 1285 1492 34

114 1608 283 1685 κελεύοντας,
300 1621 369 1686 quod
382 1622 503 1672 iunctum
515 1636 576 1671 cunr
589 1636 649 1671 rer·
694 1626 743 1686 lv,
752 1622 808 1687 66),
819 1624 953 1687 probante
960 1623 1060 1675 Abicht
1073 1622 1240 1689 inPhiiolog.

112 1687 143 1737 bo
151 1679 330 1753 ἐπισκήπτειν
338 1689 384 1740 hic
393 1691 648 1757 significettinstare
696 1696 730 1744 X.
741 1710 769 1759 p.
785 1694 844 1744 716.
869 1693 972 1744 Contra
989 1683 1116 1750 θνούσας
1133 1694 1241 1745 escho-

115 1758 211 1810 ιἰιίιαιδο
234 1775 258 1809 e.
281 1761 416 1819 instanter,
434 1777 543 1826 operere
555 1762 648 1824 ,ίαδινι
696 1764 734 1814 lio
748 1762 820 1814 male
837 1763 973 1814 invectum
989 1762 1240 1828 rideturSchweig-

113 1829 283 1894 ααιδανιραι.
319 1829 362 1879 Tu
379 1828 452 1880 conf.
472 1832 555 1882 etiem
575 1835 646 1881 nott.
696 1833 839 1894 haeusero,
855 1835 902 1898 qui
915 1822 1240 1907 ipreretinuitizoriecc,

114 1896 197 1960 silli,
211 1897 256 1948 73.
274 1897 316 1947 dd
326 1913 473 1962 pronomen
485 1894 565 1964 σφέα,
574 1899 647 1965 quod

114 1966 145 2015 ed
155 1958 186 2015 τὰ
199 1958 251 2032 spei
263 1972 386 2032 spectet,
401 1967 474 2019 coni.
490 1970 604 2021 Bredor.
619 1985 646 2035 p.

113 2033 166 2086 186.
179 2063 216 2075 -
233 2036 267 2086 In
279 2052 355 2102 seqq.
368 2038 405 2087 ad
418 2052 510 2088 vocem
523 2051 647 2103 προοφε-

114 2098 154 2168 ρλς
162 2104 234 2160 coni.
245 2107 283 2168 11,
296 2106 355 2171 165,
364 2107 413 2157 ubi
422 2107 516 2158 eadem
525 2124 578 2160 vox
587 2109 648 2175 peri

114 2174 318 2240 siguificatione.

142 2237 190 2303 τὰς
205 2242 346 2310 Θρηϊκίας
363 2240 412 2293 καλ
426 2235 477 2301 τὰς
491 2243 648 2304 Παιονίδας

114 2312 253 2379 γυναῖκας]
275 2311 417 2380 Θρηϊκίας
429 2313 577 2379 praebebat
586 2317 649 2367 Flo·

113 2385 229 2435 rentinns
257 2383 327 2435 liber
356 2398 418 2434 cunr
443 2383 550 2434 dnobus
577 2385 649 2437 chiis.

114 2452 195 2518 Vulgo
208 2444 340 2520 Θρῄσοας
354 2453 412 2504 sive
429 2444 571 2518 Θρήσσας.
585 2454 647 2507 vid.

115 2523 223 2576 Bredor.
235 2539 299 2589 pag.
317 2524 376 2575 175.
393 2550 428 2560 -
445 2526 561 2576 Paeones
578 2524 650 2575 inira

116 2593 197 2655 mre
205 2596 307 2646 Noster
318 2599 401 2644 vocat
411 2595 439 2644 in
448 2596 565 2658 regione,
581 2609 650 2659 quae

114 2662 253 2714 hodiernae
263 2664 378 2714 Serviee
395 2680 418 2715 e.
430 2663 553 2714 Moesiae
570 2678 650 2727 supe·

114 2733 175 2782 riori
196 2733 306 2783 videtur
328 2733 509 2784 accensenda.
538 2731 651 2798 Colligit

114 2801 303 2852 reroOreuzer.
314 2802 434 2868 Symbol.
444 2802 483 2852 11.
497 2819 522 2867 p.
532 2801 584 2853 530
593 2817 651 2867 seq.

115 2871 154 2922 ed.
164 2875 225 2923 tert.
236 2887 268 2922 ex
277 2871 413 2922 Herodoti
426 2872 593 2934 narratione,
605 2887 652 2936 per

116 2940 253 2991 Thraciam
265 2957 374 3007 quoque
385 2941 450 2991 olim
466 2940 589 3008 viguisse
604 2957 652 2991 eu·

116 3011 214 3076 tiquam
225 3011 299 3062 illum
307 3010 380 3061 Solis
386 3012 535 3077 Lunaeque
546 3009 651 3061 cultum

118 3096 223 3145 eumque
240 3081 392 3146 puriorem,
415 3081 460 3132 oui
477 3095 540 3130 mox
558 3079 651 3130 rudior

119 3152 272 3201 successerit
283 3151 480 3215 egrestiorque.
500 3152 572 3213 Quia
584 3148 652 3211 alie,

119 3234 181 3281 quae
190 3219 256 3270 idern
266 3219 371 3284 attulit,
382 3220 502 3270 indicere
513 3218 651 3283 videntur,

119 3287 253 3340 Thraciam
280 3290 372 3355 prisco
402 3289 548 3340 admodum
582 3304 651 3340 aevo

118 3356 240 3421 Apollinis
267 3374 347 3411 secra
369 3359 505 3424 recepisse
527 3358 654 3410 ulteriue·

120 3441 167 3491 que
176 3444 346 3496 propagasse.
362 3430 434 3479 Hinc
441 3428 560 3491 ίλίαιιανι,
570 3443 651 3493 quam

120 3501 315 3565 recetRepium,
337 3497 408 3549 haud
426 3497 508 3548 aliem
523 3513 584 3548 esse
596 3514 652 3548 cro-

122 3565 183 3629 dem,
194 3584 272 3634 quem
285 3570 460 3634 quneBcndir
471 3584 488 3617 ιι
497 3568 652 3618 Thracibus

122 3638 272 3703 autlingua
290 3645 392 3689 vocata
409 3637 539 3702 cultaque
557 3637 652 3700 fuerit,

123 3708 182 3757 teste
192 3709 303 3758 Timaeo
319 3709 349 3758 iu
359 3709 424 3758 Lex.
439 3705 547 3758 Pluton.
565 3724 592 3771 p.
607 3708 651 3770 62,

122 3774 162 3824 ubi
175 3777 225 3826 vid.
237 3776 382 3828 Ruhnken.
405 3779 453 3828 Gr.
473 3776 580 3826 confert
590 3777 653 3827 Pirr-

123 3842 171 3895 der.
182 3846 269 3898 Schoi.
284 3848 318 3897 ad
331 3846 438 3917 Olymp.
453 3846 506 3909 ΙΙΙ,
524 3846 583 3897 146.

149 3906 271 3974 δαούσας
292 3907 328 3965 τὰ
352 3909 412 3980 iper]
436 3916 491 3966 Pro
514 3907 652 3980 δνούσας,

124 3985 184 4045 quod
195 4002 209 4036 e
221 3985 361 4037 Seneroiti
375 3985 445 4035 libro
461 3985 579 4050 aliisque
592 4001 653 4036 cum

123 4051 274 4119 iehersem,
302 4055 474 4117 Gaieiordio‚
500 4053 653 4118 Dietschio,

697 1903 793 1955 eodem
813 1901 986 1964 semesum,
1009 1918 1062 1968 quo
1082 1914 1240 1965 φερουσαςι

696 1990 775 2025 sacra
791 1990 864 2023 νιιαια
884 1981 995 2024 tenentes
1013 1981 1037 2023 et
1054 1975 1080 2022 ιἰι
1089 1988 1185 2037 pompa
1197 1987 1241 2036 pe-

697 2052 802 2095 rtentes.
843 2041 966 2093 Retineri
994 2041 1022 2091 id
1056 2055 1163 2106 quoque
1194 2055 1241 2091 vo-

696 2112 749 2163 luit
767 2109 839 2164 Eltz.
872 2112 987 2172 Quaeri.
1004 2110 1147 2162 Herodoti.
1166 2126 1193 2176 p.
1209 2109 1240 2161 14

696 2180 822 2246 (Jahrbb.
844 2181 863 2233 f.
884 2178 1017 2245 Philolog.
1040 2196 1065 2230 u.
1085 2180 1241 2246 Pecdagog.

697 2250 837 2317 Supplern.
852 2251 914 2305 Vol.
928 2251 976 2300 lx.
988 2266 1015 2315 p.
1032 2250 1092 2311 ¹20)
1105 2251 1146 2300 sic
1158 2249 1242 2314 expli·

697 2337 781 2373 caus:
799 2321 944 2385 „mulieres
962 2319 1098 2371 Thraciae
1114 2324 1142 2371 et
1154 2321 1240 2370 Peco-

698 2391 763 2442 niee
776 2418 806 2427 —
819 2406 873 2441 non
889 2392 948 2441 siue
960 2390 1064 2457 stipula
1073 2391 1184 2439 triticea
1196 2407 1241 2440 so—

697 2478 743 2513 cru
756 2462 849 2512 hebent
861 2457 966 2525 (dece),
981 2460 1033 2513 hoc
1049 2465 1108 2523 est,
1126 2461 1243 2537 αδίιίθαμ

698 2532 762 2583 deae
771 2547 858 2583 sucro.
885 2529 922 2580 ht
933 2544 1016 2594 supra
1027 2533 1051 2592 1,
1063 2531 1097 2582 56
1107 2531 1168 2581 init.
1182 2528 1242 2580 θο-

699 2614 829 2657 σαντος
844 2591 898 2664 γὰρ
916 2589 1003 2649 αύτοῦ
1022 2593 1062 2650 τὰ
1078 2594 1150 2664 sori,
1169 2599 1242 2665 quod

700 2668 787 2734 ipsum
798 2668 867 2719 nihil
879 2668 953 2719 aliud
967 2673 1025 2733 eet,
1041 2669 1096 2719 uisi
1112 2686 1189 2720 roera
1198 2671 1242 2731 sc-

698 2752 765 2804 cere,
777 2742 937 2804 sacrificare.

864 2909 930 2959 Cer.
949 2909 1074 2959 XXXIV.

737 3007 810 3075 Τῇοι
823 3002 853 3059 δὲ
866 3005 1037 3074 παρθένοισι
1049 3001 1175 3077 ταύτῃσι]
1186 3010 1206 3061 i.
1218 3025 1244 3061 e.

699 3082 726 3130 in
743 3081 860 3131 honorem
878 3098 963 3133 eurum
980 3083 1113 3146 αίνηίπιαιι,
1131 3098 1197 3146 pirae
1209 3098 1245 3131 ex

701 3150 925 3214 Hyperboreorum
946 3159 1018 3201 temo
1044 3151 1165 3201 adrectae
1186 3152 1246 3201 Deli

701 3220 795 3270 obiisse
817 3220 946 3279 dicuntur,
968 3220 1019 3271 eibi
1045 3229 1121 3285 caput
1145 3221 1246 3271 ίαπιίιιιί

699 3291 802 3353 μαιίίαι
828 3305 908 3354 oeque
940 3307 971 3339 ac
998 3293 1074 3354 pueri
1105 3291 1244 3342 certorum.

701 3357 784 3409 Haud
797 3357 878 3408 aliter
887 3357 1005 3409 Pausan.
1021 3359 1044 3420 1,
1058 3358 1102 3424 43,
1115 3362 1147 3411 4:
1164 3349 1246 3408 καθὰ

701 3423 750 3477 καλ
761 3416 938 3493 τῇἛκαέργη
948 3415 1100 3479 καλὭπιδι
1113 3421 1146 3477 αἶ
1156 3428 1245 3491 θνηα-

701 3491 778 3560 πέρες
792 3489 859 3546 κοιλ
876 3489 1060 3560 ἀπεκείροντο
1075 3491 1108 3547 αἱ
1122 3495 1245 3563 Δηλίων,

701 3583 755 3633 quo
768 3566 865 3618 inloco
877 3566 992 3619 similem
1007 3568 1095 3618 dativi
1106 3584 1185 3618 usum
1197 3583 1247 3618 uo-

702 3636 774 3687 tavit
788 3642 871 3701 atque
884 3652 946 3688 cum
967 3636 1019 3687 hoc
1035 3638 1169 3688 Herodoti
1184 3636 1246 3687 loco

702 3707 856 3772 composuit
877 3705 1009 3757 Valckcu.
1033 3706 1069 3757 ad
1086 3706 1187 3758 Herod.
1207 3708 1246 3768 ΙΙ,

703 3778 746 3838 61,
759 3776 816 3826 alia
829 3791 936 3843 quoque
954 3775 1084 3837 efferens,
1103 3778 1132 3825 in
1148 3774 1246 3840 quibus

704 3849 745 3898 sic
757 3846 869 3896 dativus
881 3844 1027 3896 adhibetur
1037 3842 1073 3893 ad
1086 3843 1246 3894 indicandos

704 3931 767 3978 eos,
781 3917 936 3977 inquorum
952 3913 1081 3964 honorem
1092 3929 1114 3965 s.
1128 3914 1247 3978 gratiam

703 3985 810 4052 aliquid
826 3983 885 4036 ficri
903 3985 1024 4044 dicetur,
1042 3983 1188 4047 praecipue
1205 3998 1248 4033 sa-

703 4056 757 4106 cris
770 4056 798 4104 in
811 4054 903 4106 rebus.
914 4051 1131 4117 Addhristoph.
1144 4054 1247 4118 Lysist.

122 4119 175 4172 eliis
192 4125 315 4188 reposui;
341 4124 496 4183 hiediceur,
519 4123 654 4175 Florenti·
705 4127 773 4177 1277
800 4124 894 4189 ibique
913 4122 1026 4174 Bruuck
1048 4113 1247 4188 (ὀρχησάμενοι

122 4204 173 4255 nur,
186 4193 234 4244 alii
243 4183 370 4259 ἐχούσας,
384 4193 458 4259 quod
472 4208 504 4242 ex
516 4182 653 4256 ἕρδούσας
704 4193 822 4257 θεοῖσι),
856 4194 926 4243 Rea.
939 4194 992 4244 445
1005 4191 1197 4257 (παννυχίζειν
1213 4191 1248 4260 τῇ

121 4259 244 4313 detortum
269 4263 415 4315 ridebatur
440 4262 551 4313 Hldikio
574 4264 654 4327 Susp.
704 4261 784 4333 θεᾷ).
823 4262 986 4326 Quoeodem
1010 4264 1092 4314 etiem
1118 4265 1248 4327 pertinet,

121 4326 190 4394 δραι.
204 4349 230 4398 p.
249 4331 281 4384 16
295 4338 324 4384 et
335 4332 483 4395 Larchcro,
501 4332 571 4383 unde
584 4331 656 4383 Bek·
705 4334 776 4398 quod
789 4333 862 4399 apud
875 4333 1043 4384 Herodotum
1056 4334 1109 4394 IV,
1128 4333 1163 4383 79
1181 4333 1248 4396 legi-

51 4436 52 4447 .
120 4396 169 4451 her.
186 4406 213 4453 et
225 4401 353 4454 Dindori.
374 4402 404 4452 in
417 4402 553 4453 Herodoti
569 4402 654 4453 verba
704 4406 749 4452 tur
765 4393 896 4470 Διονύσῳ
917 4400 1044 4469 Βακχείῳ
1068 4399 1246 4465 τελεσθῆναι,

119 4476 269 4537 receperunt
281 4462 417 4539 ἕρδούσας
429 4470 543 4537 (Herod.
556 4471 581 4536 Ι,
593 4470 653 4523 131.
704 4471 752 4523 ubi
766 4472 839 4525 conf.
857 4477 929 4527 nott.
961 4472 994 4523 In
1014 4473 1076 4537 ipsa
1090 4472 1247 4522 narratione
