3042 5125
449 410 776 470 MELPOMENE.
800 412 854 472 IV.
879 421 940 475 447.
1207 414 1268 474 559

125 595 142 666 ὁ
161 595 357 688 Ἀγήνορος,
380 596 550 687 Εὐρώπην
567 600 753 690 διζήμενος,
777 606 938 692 προσέσχε
952 607 985 682 ές
998 601 1060 691 τήν
1074 608 1139 671 νῦν
1155 600 1269 691 Θήρην

125 707 351 791 καλεομένην,
380 703 559 792 προσχόντι
580 704 617 772 δὲ
639 716 706 774 εἴτε
727 706 770 793 δή
789 711 824 774 ot
843 703 862 794 ἡ
880 707 970 794 χώρη
990 704 1106 794 ήρεσε,
1129 716 1194 774 εἴτε
1213 709 1268 775 καλ

125 802 237 884 ἄλλως
261 803 406 895 ἠθέλησε
433 811 568 895 ποιήσαι
597 813 712 895 τοῦτο,
743 818 933 879 καταλείπει
956 807 1019 898 γὰρ
1046 812 1083 878 έν
1110 837 1149 898 τῃ
1175 809 1267 902 νήσῳ

125 907 233 996 ταύτῃ
248 907 370 990 ἄλλους
390 938 425 978 τε
445 915 513 979 τῶν
528 918 697 980 Φοινίκων
712 915 768 981 καὶ
790 910 831 999 δή
853 915 909 982 καὶ
923 918 991 980 τῶν
1006 915 1133 982 ἑωυτοῦ
1146 933 1266 1001 συγγε-

124 1014 216 1081 νέων
230 1019 469 1103 Μεμβλίαρον·
499 1004 591 1082 οὗτοι
611 1018 769 1104 ἐνέμοντο
782 1014 844 1103 τήν
858 1023 1049 1103 Καλλίστην
1062 1019 1267 1104 καλεομένην

126 1118 183 1184 ἐπὶ
196 1114 332 1203 γενεὰς,
352 1120 433 1206 πρὶν
453 1113 605 1206 ήΘήραν
627 1122 742 1188 ἐλθεῖν
763 1123 799 1188 έιι
813 1125 1082 1208 Λακεδαίμονος,
1105 1116 1190 1188 ὀκτώ
1207 1117 1264 1187 οἷν-

124 1281 203 1332 hibet
225 1274 379 1349 Μεβλοὶρεω
404 1289 431 1333 et
453 1282 534 1348 paulo
557 1284 671 1334 inferius
723 1287 829 1350 ptiones
842 1286 931 1337 adhuc
942 1291 1147 1348 conservarunt
1160 1291 1267 1337 nonest

127 1349 312 1431 Medusque..
339 1353 393 1403 Hic
410 1352 585 1403 Membliarus
608 1354 672 1403 dici·
723 1355 949 1421 quodrniremur,
963 1357 1090 1406 cumadt
1079 1357 1267 1420 tampriscam

126 1427 173 1473 tur
180 1420 253 1472 filius
263 1436 313 1471 τον
300 1418 467 1487 Ποίκιλεω,
480 1424 551 1488 quod
562 1423 672 1473 dubium
723 1430 842 1475 aetatem
860 1425 908 1475 illa
924 1426 1048 1476 recedat:
1072 1441 1141 1491 quae
1157 1431 1267 1475 exstant

127 1507 189 1543 esse
208 1507 270 1542 cum
287 1497 371 1556 ponat
389 1493 507 1543 Boeckh.
524 1492 543 1543 l.
557 1493 574 1542 l
590 1493 672 1558 p.,41
722 1496 857 1560 vestigia,
870 1511 903 1545 ea
914 1495 1023 1546 exhibet
1034 1494 1083 1545 Ed
1094 1493 1266 1545 Voswinclrel

127 1576 193 1612 unm
212 1559 428 1618 4Ποίκιλος444
446 1560 610 1626 4Ποικίλης
629 1562 672 1612 de·
722 1564 774 1614 l..l
789 1579 852 1629 pg.a
865 1564 900 1616 38
911 1580 987 1642 seq

126 1629 673 1695 44444444,444414441444444Ποικίλη4414444
758 1629 893 1715 προσέσχε
909 1625 987 1691 ές
957 1649 1009 1697 την
1028 1630 1080 1682 νῦν
1092 1647 1119 1683 κ.
1133 1647 1155 1679 τ.
1169 1628 1204 1696 t]
1224 1631 1265 1680 Ad

126 1716 210 1766 posse
220 1700 342 1762 videtur,
358 1699 438 1751 modo
452 1715 520 1750 sana
532 1702 569 1749 444
581 1700 672 1752 144444.
721 1698 1183 1768 444144προσέχεινείηη4444444ο44444
1193 1700 1265 1752 conf.

125 1771 199 1820 Nam
217 1771 241 1819 si
254 1785 271 1818 a
282 1737 416 1827 Ποίκιλος
429 1769 613 1821 deducendum
632 1771 673 1821 fo·
722 1776 792 1823 nott
806 1773 840 1822 ad
850 1774 902 1835 1v,
913 1775 947 1823 42
958 1779 985 1822 et
997 1772 1030 1823 de
1047 1773 1184 1836 scriptura
1197 1786 1265 1834 προ·
1319 1767 1327 1781 ’

126 1845 172 1891 444
199 1838 352 1903 Ποικίλεω,
379 1839 550 1889 scribendum
577 1841 673 1904 opinor
724 1854 817 1905 σχοντι
830 1846 900 1893 nott
913 1842 1017 1906 adl,.2
1042 1842 1101 1902 Quo
1115 1839 1266 1890 locofabu-

126 1906 292 1958 Ποικίλοο.
327 1909 379 1959 Ῑ44
371 1924 432 1974 ipso
445 1909 553 1959 nomine
570 1909 673 1974 signifi·
723 1910 778 1961 lam
790 1911 940 1976 deEuropa
951 1918 1033 1977 atque
1043 1910 1165 1960 Cadmo'
1157 1927 1211 1959 ram
1225 1914 1264 1960 at·

124 1980 264 2029 cntionem
279 1976 330 2026 cori
347 1976 493 2027 ποικιλτοῦ
486 1981 622 2044 agnovit
640 1979 670 2030 C.
722 1982 849 2046 tigimus,
867 1996 917 2031 nec
929 1996 994 2031 saue
1008 1980 1197 2044 intelligimus,
1211 1995 1264 2045 quo

124 2049 159 2099 Ο.
172 2047 296 2098 Mueller.
309 2047 468 2099 Orchomen.
468 2065 521 2126 p
527 2049 617 2112 326,
609 2066 629 2099 4
646 2066 670 2099 e.

125 2121 252 2179 rectoris,
274 2133 321 2182 qur
312 2108 474 2166 '‘notallu
460 2109 613 2182 νφάσμοιτα
631 2124 672 2169 44-

125 2190 182 2237 xit:
202 2202 275 2252 quae
290 2201 371 2251 quam
383 2191 449 2250 apta
461 2203 514 2236 vox
532 2189 613 2238 sitin
625 2187 671 2237 144-

124 2255 362 2318 minePhoenicio,
369 2256 501 2307 neminem
512 2256 604 2322 fugere
614 2261 672 2322 pot·

125 2331 179 2379 est
205 2324 286 2376 Illum
298 2326 562 2377 veroMembliarum
571 2342 672 2392 ,quem

125 2395 227 2446 Cadmi
248 2401 395 2474 cognatum
413 2396 514 2446 Noster
534 2397 615 2458 dicit,
639 2396 672 2446 de

125 2465 208 2532 plebe
227 2464 313 2516 fuisse
334 2454 439 2529 (ανὸροι
459 2462 509 2513 τοῦ
528 2433 672 2530 δήμο414

126 2534 233 2588 Cadmo
252 2535 408 2587 colonorum
425 2535 544 2585 ducem
537 2551 565 2585 444
583 2534 672 2586 insula

126 2605 255 2657 relictum
266 2606 363 2655 scribit
374 2607 494 2656 Pausan.
507 2606 559 2669 111,
576 2604 600 2656 l.
616 2609 641 2668 g
656 2607 672 2654 7

128 2690 246 2740 eamque
262 2676 351 2740 ipsam
368 2675 403 2725 ob
421 2690 533 2725 causam
548 2690 673 2741 sperasse

126 2746 264 2805 Theram,
278 2744 351 2807 sore,
367 2749 398 2795 ut
407 2744 560 2794 Membliari
570 2746 673 2810 posteri

126 2814 214 2865 facile
227 2814 295 2878 ipsi,
311 2814 357 2880 qni
367 2829 452 2879 genus
466 2828 543 2863 suum
556 2814 590 2864 ad
602 2814 672 2863 Cad-

126 2900 202 2936 mum
213 2883 340 2947 referret,
357 2884 498 2948 imperium
510 2883 617 2934 insulae
629 2899 672 2933 ce·

126 2957 234 3006 derent.
263 2953 355 3019 Atque
367 2953 536 3003 concessisse
551 2953 577 3004 id
590 2955 672 3003 Mem-

125 3024 209 3075 bliari
219 3028 343 3088 posteros
352 3022 596 3085 additPausanias,
604 3022 673 3071 adeo

126 3100 159 3144 ut
171 3093 279 3143 insulae
294 3109 391 3143 nomen
406 3107 484 3142 suum
499 3092 553 3140 iam
567 3092 673 3141 dederit

127 3163 254 3214 Τ144444
247 3162 356 3228 ipsique
366 3161 472 3211 Therae
482 3161 588 3211 incolae
599 3166 673 3225 post

126 3233 180 3283 hac
206 3247 286 3282 sacra
311 3231 457 3297 quotannis
477 3230 592 3281 fecerint
612 3236 671 3279 tan·

128 3317 225 3387 quam·
232 3301 375 3352 conditori
412 3301 473 3351 Hoc
490 3316 555 3351 vero
567 3300 674 3350 insulae

128 3372 273 3437 imperium
284 3371 378 3435 paucis
388 3386 449 3420 cum
461 3370 638 3421 comitibus
616 3386 674 3421 sive

127 3441 234 3493 colonis
248 3441 383 3506 quomodo
397 3442 536 3506 acquirere
554 3441 675 3506 potuerit

128 3510 252 3573 Therae,
263 3526 323 3560 cum
333 3509 451 3574 intelligi
463 3516 596 3575 nequeat,
606 3511 674 3560 Lar-

127 3581 229 3632 cherus
253 3580 407 3642 existimat,
432 3580 599 3630 Herodotum
622 3578 674 3629 hoc

126 3666 213 3702 uuum
239 3649 331 3701 dicere
357 3618 493 3712 voluisse,
520 3648 672 3699 Membliari

127 3719 285 3788 progeniem
301 3720 410 3769 omnino
430 3735 479 3783 per
496 3724 557 3768 octo
576 3710 674 3783 γενεὰς

126 3805 243 3857 regnum
259 3790 381 3840 tenuisse
404 3794 469 3838 ante
489 3787 596 3839 Therae
613 3788 672 3838 scil.

127 3861 293 3920 4444444444,
311 3860 351 3909 444
362 3862 408 3921 ut,
427 3873 479 3923 quo
492 3862 613 3921 tempore
629 3856 674 3906 4114

130 3929 282 3981 4444444444
316 3896 487 3993 insulsimque
523 3927 675 3991 occuparit,

130 4015 188 4050 uon
217 3997 332 4062 amplius
354 4013 465 4062 regnum
489 3998 611 4047 tenuisse
629 4012 676 4062 pu·

128 4069 218 4120 tanda
231 4069 282 4130 sit,
299 4069 358 4117 sive
368 4068 440 4133 quod
450 4067 586 4118 exstincta
600 4083 677 4131 pror·

129 4154 176 4190 sne
189 4138 291 4199 luerit,
311 4139 368 4186 sive
385 4137 456 4202 qnod
473 4139 575 4202 regiam
588 4136 674 4202 digni-

128 4214 218 4259 tatem
239 4207 332 4272 aliquo
351 4206 430 4256 modo
450 4206 523 4257 haud
543 4206 613 4258 satis
631 4221 674 4255 co-

128 4275 499 4344 gnrtoamrser1th.'l'.ab
515 4275 673 4339 chronolog.

128 4346 234 4414 4336
262 4347 356 4396 Pauca
372 4344 460 4395 adhuc
472 4361 615 4410 superesse
629 4360 674 4395 ve·

128 4364 478 4484 stigiahuiusPhoenicum
489 4414 624 4477 coloniae,
631 4413 675 4464 rel

129 4488 158 4538 444
180 4485 353 4549 nominibus,
372 4500 443 4549 quae
457 4484 588 4535 Therae
580 4484 676 4534 suscri-

722 2052 796 2113 iure,
810 2050 942 2099 Herodoti
959 2050 1038 2100 modo
1051 2048 1108 2099 ulla
1122 2054 1178 2098 stet
1188 2050 1264 2111 tides,

722 2121 854 2172 Cadmum
878 2118 1041 2170 Phoenicem
1071 2119 1156 2169 fuisse
1184 2133 1264 2183 nege-

723 2206 796 2254 mus,
822 2189 869 2255 qui
891 2205 923 2239 ex
948 2190 1053 2239 oriente
1076 2188 1209 2239 advectus
1235 2189 1264 2236 in

722 2261 867 2310 Graeciam
884 2258 1007 2309 coloniae
1019 2259 1170 2310 deduxerit.
1207 2257 1264 2308 Nec

723 2345 789 2379 sane
812 2328 863 2378 hoc
886 2330 1039 2393 respexisse
1056 2327 1164 2378 videtur
1183 2327 1213 2378 O.
1231 2326 1263 2376 Ο.

722 2397 846 2449 Mueller.
872 2397 1033 2448 Orchomen.
1059 2413 1086 2462 p.
1112 2397 1158 2449 113
1177 2413 1263 2462 seqq.,

723 2469 787 2532 ubi,
806 2467 913 2533 vulgari
929 2467 963 2517 de
980 2467 1022 2517 hie
1038 2467 1175 2518 sententid
1196 2467 1264 2517 reie-

723 2540 783 2601 cti,
801 2537 931 2589 Cadmum
944 2553 992 2620 pro
1005 2537 1184 2603 Pelasgorum
1195 2538 1264 2603 Tyr

722 2608 865 2659 rheuorum
884 2608 994 2657 numine
1014 2607 1107 2657 haberi
1123 2606 1192 2657 vult
1228 2607 1265 2656 At

723 2678 791 2727 mihi
804 2681 893 2742 potior
904 2677 1038 2728 Herodoti
1050 2676 1212 2727 auctoritas.

756 2747 916 2796 καταλείπει
934 2739 987 2811 γὰρ
1004 2761 1031 2797 κ.
1046 2762 1069 2794 τ
1085 2743 1119 2813 1.]
1140 2746 1264 2796 Structu-

722 2831 770 2866 rae
787 2806 1000 2866 ανακολουθίαν
1020 2831 1074 2865 non
1095 2815 1264 2894 perspiciens

723 2886 827 2951 Steger.
845 2885 964 2936 Praefat.
967 2901 1054 2965 pag
1072 2886 1121 2934 XV
1139 2900 1188 2949 pro
1210 2876 1263 2947 γὰρ

722 2956 831 3033 reponi
846 2955 933 3005 voluit
961 2942 1022 3017 αρ’.
1062 2955 1186 3019 Namque
1215 2968 1264 3019 pro

723 3016 853 3105 προσχὼν
879 3025 1034 3075 Herodotus
1042 3024 1171 3107 scripsit
1195 3036 1264 3088 προ

723 3087 817 3157 σχόντι
829 3093 864 3142 ad
882 3092 1003 3143 dativum
1023 3086 1052 3142 oi
1067 3094 1218 3159 respiciens
1236 3097 1265 3143 et

722 3168 853 3227 tanquam
878 3162 1006 3213 absoluta
1029 3168 1102 3214 esset
1127 3163 1264 3213 sententia

721 3233 981 3310 explicationemque
994 3232 1114 3297 aliquam
1129 3231 1264 3282 desidera-

723 3308 781 3364 ret,
805 3317 857 3366 ηαρ
879 3302 985 3352 addidit
1008 3307 1070 3367 post
1093 3299 1262 3353 καταλείπει.

723 3371 766 3423 (lt.
782 3373 829 3434 IV,
844 3371 900 3423 149.
915 3372 974 3423 200.
989 3373 1010 3431 1,
1027 3374 1061 3422 24
1073 3372 1164 3451 ibique
1177 3375 1248 3423 no

757 3410 959 3505 έπληενεὰς-
973 3433 1044 3489 darei
1063 3432 1187 3520 deipsis]
1211 3442 1265 3491 N-o

723 3529 775 3563 vem
793 3512 901 3575 proprie
918 3527 977 3561 esse
996 3502 1092 3573 γενεὰς
1110 3510 1214 3559 monuit
1232 3508 1263 3557 C.

723 3581 754 3631 0
766 3580 887 3630 Mueller.
899 3579 1059 3630 Orchomen.
1071 3594 1132 3643 pag.
1139 3576 1191 3629 325
1201 3576 1264 3628 coll

724 3649 790 3712 468,
810 3649 857 3699 ubi
875 3654 989 3698 stemma
1004 3648 1095 3713 gentis
1112 3647 1263 3710 exhibetur,

725 3719 796 3784 quod
815 3733 864 3769 nos
879 3719 960 3782 paulo
978 3722 1042 3767 ante
1058 3716 1188 3767 dedimus.
1224 3716 1265 3765 Ac

724 3787 831 3839 Therae
849 3788 918 3837 lilius
940 3786 1097 3852 perhibetur
1119 3786 1264 3851 Oeolycus,

724 3872 809 3923 nepos
820 3862 941 3922 Aegeus,
960 3856 1031 3907 unde
1043 3855 1178 3922 Aegidae,
1198 3871 1265 3921 quo·

724 3943 784 3977 rum
806 3932 920 3977 stemma
941 3927 1011 3977 idem
1030 3924 1151 3977 Mueller.
1175 3940 1264 3990 perse-

724 3998 818 4063 quitur
832 4012 896 4063 pag.
911 3996 971 4048 tot.
1003 3996 1057 4058 Qui
1075 3995 1146 4061 qnod
1160 4010 1266 4045 omnem

723 4068 794 4117 hanc
816 4067 1036 4132 supputationem
1057 4066 1156 4116 falsam
1177 4065 1266 4115 rideri

723 4139 898 4203 pronuntiat,
915 4151 998 4201 supra
1014 4136 1069 4185 iam
1086 4134 1152 4185 illud
1171 4134 1266 4217 attigi-

723 4223 799 4269 mus,
818 4208 851 4259 de
864 4206 994 4257 Larcheri
1009 4222 1115 4271 qnoque
1131 4204 1267 4257 sententia

724 4280 879 4338 monentes,
902 4292 954 4360 quo
969 4281 1051 4341 pacto
1065 4274 1125 4326 scil.
1138 4280 1200 4325 octo
1214 4274 1266 4324 hae

724 4340 818 4426 γενεαὶ
828 4348 917 4411 accipi
909 4346 1053 4399 ’.4141444444
1067 4346 1190 4410 Namque
1200 4360 1266 4394 voce

724 4428 807 4479 ηενεα
815 4418 863 4468 rix
874 4422 978 4468 certum
988 4415 1123 4482 quendam
1133 4428 1267 4464 annorum

724 4500 864 4535 numerum
887 4494 1015 4538 accurate
1038 4485 1155 4537 indicari
1175 4483 1266 4534 existi·
