3042 5125
245 424 306 485 694
638 421 912 486 EXOURSUS
935 422 983 483 VI

247 615 405 688 paradisum
419 631 479 668 cum
494 630 527 667 ea
542 619 631 681 terra,
656 631 736 684 quam
760 612 821 665 euri
844 612 950 683 plenam
964 614 1064 684 gryphi
1081 615 1167 667 tutari
1180 615 1325 686 dicuntur,
1346 620 1372 671 in

243 718 298 772 qua
316 717 434 765 auream,
450 716 529 770 qaam
545 699 649 766 dicunt,
666 704 783 752 aetatem
797 698 923 766 degerint
939 698 1070 751 homines.
1107 700 1169 752 Vid.
1186 701 1293 755 Basse:
1309 704 1374 756 Ent-

243 785 322 838 declt.
339 786 374 839 im
388 785 473 839 Felde
487 784 538 837 der
552 784 643 836 tiltest.
663 783 732 837 Erd-
750 783 805 836 und
818 783 1064 851 Menschengesch.
1084 803 1112 854 p.
1126 788 1176 840 235
1193 804 1283 856 seqq,
1297 789 1374 840 Hart-

244 888 340 925 maun:
361 870 566 938 haalldairongg.
590 870 657 921 iiber
680 869 765 921 Asisn
787 869 810 920 l.
833 886 896 937 pag.
921 871 969 922 137
995 888 1073 939 seqq.
1108 869 1150 921 Ad
1165 870 1286 923 Indicam
1306 891 1375 926 arem

244 975 349 1011 sacram
364 956 408 1008 dei
426 955 566 1021 Vischuu,
584 971 655 1024 quoe
671 961 787 1006 vocetur
806 955 951 1023 Gurouda,
971 954 1076 1024 capite,
1094 956 1215 1025 pennis,
1242 958 1376 1026 unguibus

244 1042 361 1114 aquilae,
378 1041 493 1094 hominis
509 1057 624 1109 corpore
640 1056 672 1091 ac
689 1039 806 1108 pedibus
819 1039 995 1104 instructam,
1010 1041 1193 1093 narrationem
1210 1041 1245 1093 de
1268 1045 1376 1113 gryphis

244 1136 371 1200 spectare
386 1130 480 1178 censet
494 1124 612 1177 Wilford
629 1123 672 1176 in:
689 1123 796 1175 Asiatik
810 1122 959 1176 Research.
973 1124 1044 1189 XIV,
1062 1128 1113 1180 313
1130 1125 1191 1177 coll.
1209 1126 1311 1179 Vienn.
1326 1130 1376 1180 hn-

246 1212 310 1268 noll.
325 1212 374 1266 LI.
391 1229 454 1281 pag.
471 1213 505 1263 33
527 1228 604 1279 seqq.
622 1214 649 1259 et
666 1208 798 1260 Eclstein
815 1208 859 1259 in:
879 1207 995 1261 Journal
1009 1210 1154 1279 Asiatique
1171 1211 1196 1259 V
1211 1211 1273 1263 Ser.
1285 1212 1320 1263 T.
1333 1212 1374 1265 Vl.

244 1318 272 1369 p.
289 1300 341 1351 518
353 1310 412 1366 seq.
436 1295 491 1347 Sed
507 1302 580 1346 recte
595 1293 656 1346 mihi
674 1293 784 1345 videtur
798 1311 907 1345 monere
918 1294 1024 1347 Lassen
1042 1295 1184 1361 (Indische
1204 1296 1376 1349 Alterthnms·

245 1383 337 1436 kunde
355 1380 393 1433 ll.
409 1399 436 1451 p.
454 1384 533 1447 647),
550 1378 673 1448 gryphos
688 1377 721 1429 ad
738 1377 843 1430 Indiam
857 1379 930 1448 quod
947 1378 1071 1447 relegant
1086 1380 1215 1448 Ctesias,
1233 1380 1377 1433 Philostra-

244 1475 308 1537 tus,
330 1465 393 1534 alii,
417 1465 444 1517 in
461 1464 531 1534 ipsis
550 1463 678 1515 Indorum
694 1462 808 1531 scriptis
824 1462 890 1514 nihil
906 1463 1054 1535 quidquam
1072 1465 1189 1533 reperiri
1206 1465 1241 1517 de
1257 1466 1306 1517 hac
1322 1484 1376 1533 are,

245 1569 315 1624 quae
327 1551 391 1603 inde
401 1549 479 1601 Indis
491 1548 609 1601 adscribi
625 1554 754 1617 nequeat.
777 1547 819 1599 hd
834 1554 932 1614 gentes
944 1548 1177 1617 septentrionales
1189 1551 1275 1603 Asiae
1287 1552 1377 1603 referri

245 1636 347 1692 mavult
363 1636 524 1687 hauctotam
541 1631 668 1696 fabulam,
683 1632 717 1684 ad
731 1631 833 1683 Persas
845 1640 949 1685 mature
965 1632 1124 1686 translatam
1136 1635 1296 1705 stupidoque
1310 1654 1377 1688 arre-

246 1732 327 1794 ptam,
344 1738 398 1791 qno
413 1719 497 1787 magis
506 1718 608 1770 Persae
624 1717 731 1770 omuino
746 1717 799 1768 sibi
811 1717 974 1786 placuerunt
988 1718 1014 1770 in
1030 1718 1105 1770 miris
1117 1719 1275 1773 animalium
1287 1721 1377 1788 figuris

246 1805 456 1878 componendis,
473 1803 568 1874 quales
580 1804 668 1856 adhuc
684 1808 838 1855 monstrant
849 1808 1022 1856 monumenta
1032 1802 1261 1874 Persepolitanat
1278 1805 1305 1857 in
1323 1806 1377 1875 qui-

246 1899 299 1950 bu,
315 1890 525 1964 conspiciuntur
545 1888 611 1941 mire
626 1890 741 1941 formata
759 1886 883 1940 animalia
899 1887 1052 1940 huiusmodi
1072 1888 1099 1940 in
1121 1890 1231 1941 aedium
1247 1910 1272 1941 s.
1291 1890 1377 1959 palatii

246 1982 360 2035 introitu
376 1975 466 2050 posita
481 1981 610 2043 tanquam
624 1972 771 2038 custodes3
787 1972 901 2024 eundem
917 1973 950 2024 ad
969 1974 1074 2025 modum
1090 1975 1201 2043 gryphi,
1220 1974 1318 2027 animal
1329 1977 1378 2026 t'or·

246 2066 371 2119 midnbile
385 2059 474 2118 leonis
493 2077 608 2128 corpore
624 2058 786 2127 praeditum,
802 2057 852 2108 alis
867 2058 973 2124 maguis
990 2065 1018 2109 et
1029 2058 1136 2127 aquilae
1152 2058 1234 2111 vulta
1251 2077 1283 2111 ac
1294 2068 1378 2112 rostro

245 2154 426 2210 instructum,
450 2161 545 2196 aurum
565 2144 593 2195 in
615 2142 734 2195 desertis
752 2159 840 2211 aeque
861 2148 943 2211 stipae
963 2142 1379 2213 montibusseptentrionalibus

246 2235 357 2291 maximi
373 2227 452 2306 copid
467 2228 637 2281 reconditum
653 2227 792 2281 eristodire
809 2226 1032 2295 perhibebantur,
1051 2229 1084 2281 ab
1100 2246 1167 2281 auro
1182 2229 1250 2281 inde
1266 2228 1378 2282 tollendo

247 2338 382 2394 quemque
400 2314 577 2390 prohibentes
601 2331 688 2383 eoque
710 2312 771 2382 ipso
793 2311 980 2364 difficultatem
1001 2314 1063 2366 auri
1081 2313 1228 2366 artferendi
1250 2315 1380 2367 maximam

247 2407 427 2462 declarantes.
466 2398 575 2451 Etenim
594 2417 626 2451 eo
650 2397 820 2467 potissimum
842 2404 969 2467 spectare
986 2398 1097 2451 videtur
1112 2398 1198 2452 totius
1218 2398 1325 2452 fabulae
1339 2417 1377 2451 ra-

247 2494 296 2545 tio,
338 2492 437 2559 Neque
453 2483 593 2536 admodum
612 2482 675 2535 inde
700 2482 841 2534 discedere
860 2481 999 2552 existimo,
1021 2484 1096 2555 quod
1111 2483 1202 2536 Ritter
1226 2483 1377 2553 (Erdkund.

247 2579 300 2632 ΙΙΙ.
316 2597 342 2649 p.
355 2578 406 2631 336
421 2587 480 2638 seq·
494 2569 536 2621 ed.
554 2588 609 2622 seo.
629 2568 690 2621 coll.
708 2568 744 2619 ll.
761 2585 789 2637 p.
801 2570 853 2621 865
867 2568 910 2620 ed.
926 2569 1020 2638 prim.)
1035 2569 1144 2622 tabidae
1160 2570 1271 2623 radices
1285 2572 1312 2623 in
1328 2579 1378 2623 trs·

247 2664 338 2716 eribus
360 2655 517 2714 borealibus
531 2652 818 2720 bactrica-Scythicis
838 2653 934 2723 quaeri
956 2654 1029 2722 vult,
1052 2672 1111 2708 cum
1129 2656 1202 2724 apud
1219 2657 1303 2709 rudes
1318 2656 1378 2707 ista·

247 2765 307 2801 rum
324 2749 466 2816 regionum
483 2748 580 2808 gentes
598 2739 641 2791 vel
660 2736 804 2792 simulacra
819 2738 951 2807 quaedam
973 2740 1096 2809 quamvis
1118 2740 1197 2793 rudia
1218 2741 1378 2811 gryphorum

248 2852 279 2885 ac
302 2833 449 2901 sphingum
472 2829 530 2880 sint
547 2833 666 2896 reperta.
701 2823 733 2876 In
757 2822 800 2874 his
816 2839 889 2875 nunc
904 2824 1044 2892 subsisto,
1069 2826 1118 2877 hoc
1140 2842 1226 2879 unum
1246 2825 1377 2892 adiiciens,

247 2919 334 2988 ipsam
362 2935 452 2970 rocem
476 2907 551 2983 γρὺψ
579 2909 707 2965 Persicae
737 2903 854 2976 originis
885 2907 973 2961 videri
993 2909 1153 2978 Tychsenio
1176 2915 1237 2981 (sp.
1264 2912 1376 2963 Heeren.

248 3003 331 3055 ldeen
348 3003 376 3068 1,
394 3007 419 3054 2.
438 3017 502 3070 pag.
522 3000 597 3067 386).
630 2994 765 3046 Persicam
781 2993 852 3045 enim
867 3010 960 3046 rocem
973 2998 1093 3066 gerrisen
1109 2995 1201 3048 valere
1216 2994 1278 3048 vult
1292 2993 1377 3062 „grei-

248 3084 333 3140 l'en“:
358 3086 438 3139 cuius
460 3081 651 3135 terminatione
671 3079 779 3131 abiecta
797 3095 906 3131 manere
923 3082 1011 3151 gray,
1033 3081 1107 3152 qnod
1129 3079 1220 3150 ipsum
1242 3079 1376 3134 conveniat

248 3190 307 3225 cum
326 3172 433 3222 Graeca
451 3185 517 3220 roca
538 3160 629 3234 γρὺψ,
655 3181 734 3233 quam
755 3163 843 3233 ipsam
868 3163 940 3216 hand
961 3165 1074 3218 differre
1096 3183 1113 3217 a
1135 3183 1202 3218 voce
1225 3178 1303 3251 ³³³1
1326 3171 1376 3215 sta·

248 3257 303 3309 tait
319 3253 415 3322 Hitzig
435 3251 468 3303 ad
490 3250 572 3319 Iesaj.
589 3248 733 3316 XXXVII,
757 3251 805 3317 tu,
823 3255 966 3319 utramque
981 3268 1075 3303 vocem
1094 3267 1185 3321 neque
1200 3269 1234 3305 ex
1249 3248 1376 3303 Hebraico

249 3358 339 3411 neque
356 3355 388 3390 ex
403 3339 513 3389 Graeca
526 3335 613 3404 stirpe
628 3333 802 3402 repetendam
817 3352 879 3386 esse
895 3334 1063 3403 existimans,
1080 3335 1129 3387 sed
1145 3353 1178 3387 ex
1196 3335 1278 3388 Asiae
1295 3334 1375 3387 orien-

249 3425 310 3478 talis
335 3422 496 3491 regionibus
524 3419 672 3488 linguisve.
705 3418 747 3470 De
769 3436 824 3488 quo
848 3425 937 3485 etymo
963 3425 1025 3472 utut
1051 3421 1167 3487 statuis,
1193 3421 1279 3490 ipsam
1304 3420 1373 3471 labu-

248 3511 299 3564 lam
319 3527 351 3561 ac
377 3507 539 3578 primitivam
563 3503 622 3557 sris
647 3503 782 3557 fictionem
804 3521 837 3555 ex
859 3504 965 3558 oriente
986 3504 1160 3574 repetendam
1183 3524 1247 3558 esse
1275 3510 1301 3557 et
1319 3500 1372 3572 qni-

248 3597 309 3650 dam
329 3594 363 3645 ab
386 3593 456 3663 ipsis
473 3590 582 3656 Persis,
601 3589 664 3642 dein
690 3589 725 3640 ad
743 3591 868 3640 Graecos
889 3588 996 3642 allatum
1013 3589 1102 3642 videri
1118 3590 1164 3643 vix
1189 3591 1299 3642 dubium
1318 3603 1372 3640 esse

248 3679 361 3752 poterit.
394 3678 475 3748 Apud
493 3693 564 3746 quos
581 3681 713 3747 quantum
727 3673 815 3726 locum
835 3674 886 3725 iam
907 3681 1011 3727 mature
1031 3674 1133 3743 gryphi
1153 3676 1307 3739 tenuerint,
1327 3669 1373 3723 alie

249 3773 280 3819 ut
302 3773 418 3830 taceam,
441 3762 501 3832 ipsa
520 3761 589 3813 artis
606 3765 777 3811 monumenta
794 3758 863 3810 satis
885 3760 1050 3824 ostendunt,
1080 3760 1108 3811 in
1131 3759 1233 3829 quibus
1254 3762 1371 3828 frequen·

248 3858 292 3903 ter
308 3853 458 3902 occurrunt
472 3845 572 3915 gryphi
589 3845 665 3896 varii
682 3843 768 3898 sormi
783 3860 815 3895 ac
831 3842 1034 3910 significatione
1049 3843 1093 3896 vel
1106 3851 1221 3896 ornatus
1236 3860 1317 3896 causa
1331 3838 1371 3891 ad-

249 3935 343 4002 hibiti,
367 3941 398 3986 ut
418 3933 446 3985 in
469 3932 515 3983 illo
538 3929 668 3998 donario,
690 3928 765 4000 quod
781 3928 863 3980 Samii
881 3927 907 3979 in
926 3928 1042 3981 lunonis
1057 3929 1157 3999 templo
1177 3929 1370 3981 constituerunt

246 4023 409 4091 gryphorum
429 4016 567 4085 capitibus
590 4015 716 4082 insigne,
736 4019 809 4066 teste
828 4013 970 4065 Herodoto
990 4013 1045 4081 lV,
1063 4017 1127 4081 152,
1145 4015 1193 4084 qui
1210 4014 1279 4066 idem
1294 4011 1368 4064 altero

246 4103 306 4155 loco
323 4103 376 4168 lV,
398 4106 432 4154 79
457 4102 518 4171 (ubi
532 4099 587 4152 rid.
605 4101 689 4166 nott.)
711 4099 738 4151 in
755 4097 1014 4166 Borysthenitarum
1036 4099 1105 4152 urbe
1120 4099 1253 4169 sphinges
1272 4116 1301 4150 aa
1314 4111 1368 4167 guy

246 4190 311 4260 phos
326 4192 514 4239 commemorat
532 4204 547 4236 e
566 4202 695 4237 marmore
717 4186 806 4236 factos
821 4187 849 4236 et
863 4184 936 4235 circa
952 4184 1028 4252 regis
1044 4184 1174 4253 palatium
1190 4191 1309 4248 stantem
1328 4194 1368 4230 cu·

247 4272 342 4325 stodes
364 4269 483 4335 dixeris,
507 4269 555 4339 qni
576 4275 606 4320 ut
626 4269 654 4321 in
676 4269 795 4321 desertis
818 4275 1009 4338 autumatque
1024 4269 1202 4322 absconditos
1219 4264 1366 4322 terraethe

247 4373 346 4410 sauros
361 4353 535 4421 custodiunt,
553 4353 591 4404 ita
605 4353 680 4420 regis
695 4353 842 4407 thesauros
859 4354 1004 4424 ipsumque
1019 4354 1088 4407 adeo
1100 4373 1191 4424 regem
1205 4347 1366 4416 tutantur,iu

246 4441 341 4512 palatii
362 4439 476 4493 introitu
500 4444 528 4491 et
552 4437 625 4489 circa
651 4439 740 4507 ipsum
773 4438 903 4509 palatium
927 4437 1062 4492 collocati.
1097 4440 1153 4493 Sed
1174 4441 1240 4492 haec
1266 4445 1291 4491 et
1313 4433 1364 4496 alia,

247 4543 318 4603 quae
339 4543 400 4579 mor
423 4523 497 4594 apud
512 4524 636 4576 Graecos
660 4541 720 4577 cum
739 4525 907 4597 gryphorum
929 4524 1023 4582 fabata
1050 4531 1079 4577 et
1101 4525 1212 4580 fictione
1234 4521 1364 4577 coniuncta
