3042 5125
400 342 868 410 ulimmerianum
894 354 939 411 99.
1175 345 1235 409 491

130 532 197 621 πρὸς
213 532 381 605 θάλασσαν
401 533 502 625 αὐτῆς
520 540 578 626 τῆς
590 542 766 625 Σκυθικῆς
785 535 893 625 χώρης
908 539 941 616 ές
956 538 1122 625 μέτρησιν.
1161 533 1240 607 ’Arm

121 638 232 725 Ἴστρου
252 635 334 728 αὕτη
352 638 416 728 ἤδη
436 637 555 729 ἀρχαίη
576 640 734 731 Σκυθική
754 644 841 727 ἐστι,
872 637 954 726 πρὸς
973 649 1182 730 μεσαμβρίην
1203 669 1239 711 τε

129 744 173 811 καὶ
185 741 274 811 νότον
289 740 413 832 ἄνεμον
426 748 578 834 κειμένη,
592 749 687 834 μέχρι
701 741 816 824 πόλιος
829 746 1030 832 καλεομένης
1043 752 1238 833 Καρκινίτι-

130 852 183 925 δος.
210 844 243 915 τὸ
262 846 297 916 di
318 844 383 917 ἀπὸ
405 848 527 937 ταύτης
547 848 609 938 τὴν
626 851 689 940 μέν
707 847 951 919 interituram
972 845 1033 936 τὴν
1052 844 1159 937 αὐτὴν
1178 852 1237 937 φέ-

129 972 250 1037 ρουσαν,
266 953 390 1046 έοῦσαν
408 950 544 1042 ὀρεινήν
557 982 592 1023 τε
606 952 718 1042 χώρην
738 955 794 1022 καὶ
808 954 1030 1041 προκειμένην
1049 951 1087 1022 τὸ
1101 957 1134 1033 ές
1147 952 1237 1022 Πόν-

127 1081 188 1139 τον,
200 1056 326 1142 νέμεται
340 1054 377 1125 τό
392 1055 561 1144 Ταυρικὸν
575 1066 675 1138 ἔθνος
688 1059 784 1147 μέχρι
793 1055 1008 1144 Χερσονήσου
1022 1061 1079 1146 τῆς
1094 1062 1239 1147 Τρηχέης

126 1160 319 1247 καλεομένης·
349 1158 433 1250 αὕτη
448 1160 484 1231 δὲ
499 1165 532 1243 ἐς
546 1161 723 1232 θάλασσαν
735 1159 797 1250 τὴν
814 1157 897 1248 πρὸς
910 1156 1102 1251 ἀπηλιώτην
1114 1158 1240 1251 ἄνεμον

127 1372 182 1420 quse
190 1373 236 1410 nos
247 1374 306 1410 cum
319 1376 396 1427 seqq.
407 1363 499 1414 verbis
508 1350 579 1429 αὕτη
590 1352 646 1429 ἤδη
697 1377 808 1416 sensus:
827 1363 897 1426 Quae
907 1365 965 1415 hiae
979 1367 1084 1416 ederim
1093 1368 1240 1417 extenditur

124 1424 210 1492 τ’ρηαίη
222 1427 354 1497 Σκυθική
365 1423 422 1481 ἔστι
435 1434 587 1499 iungimus,
600 1449 648 1483 an·
696 1444 768 1486 terra
780 1432 814 1493 (a.
831 1438 932 1483 terram
950 1434 1132 1499 contiguam),
1151 1451 1240 1487 recun-

125 1498 289 1577 tscsdentibus
300 1506 520 1555 annecterentur.
535 1505 648 1555 Retinui
696 1506 753 1555 drea
763 1505 827 1555 idem
839 1520 909 1554 mare
919 1513 1056 1567 porrecta,
1070 1513 1184 1556 montera
1195 1509 1240 1556 iiia

124 1561 181 1616 izi
194 1569 296 1631 Ιστρου,
310 1571 393 1635 qnod,
409 1575 433 1623 si
445 1589 590 1639 sequamur
605 1590 647 1636 ea,
696 1576 794 1639 quidem
814 1582 839 1624 et
853 1577 879 1624 τά
892 1575 997 1625 Pontum
1006 1577 1169 1639 promineat,
1187 1591 1240 1625 eant

124 1653 181 1700 qnae
196 1638 300 1703 collegit
314 1642 430 1693 Rredov.
450 1659 477 1708 p.
495 1642 561 1705 204,
579 1645 647 1695 scri·
696 1647 784 1696 incolit
800 1644 910 1694 Taurica
920 1658 983 1708 aens
996 1647 1121 1708 usquead
1132 1644 1240 1695 Cherso-

123 1706 220 1757 bendnm
241 1700 301 1758 ἆτ’
321 1698 440 1773 Ἴστρον.
477 1713 558 1764 Unde
576 1715 646 1765 haec
696 1731 781 1765 mesum
795 1714 947 1774 Tracteam,
961 1721 1151 1779 quaevoeatur.
1175 1712 1240 1774 Qui-

123 1776 445 1832 eiiciturlocieententia:
460 1784 645 1836 Indeablrtro
697 1783 749 1833 bus
770 1784 917 1833 Tauricam
939 1781 1142 1847 paeninsulam,
1169 1797 1240 1847 quae

123 1862 171 1897 mre
192 1845 266 1911 (quae
282 1853 440 1902 extenditur
459 1858 550 1915 terra,
573 1853 646 1918 cam)
696 1852 823 1903 Crimaea
853 1851 934 1903 hodie
964 1857 1093 1914 vocatur,
1123 1852 1240 1902 indicari

122 1917 257 1969 indicaturus
279 1937 334 1971 rrum
357 1924 393 1972 ad
412 1939 566 1981 mensuram,
592 1941 646 1976 eam
696 1923 765 1973 satis
777 1925 867 1986 patet3
883 1937 964 1986 quam
977 1926 1133 1972 tamennon
1143 1925 1240 1986 totam,

122 1989 166 2036 seit.
181 1988 255 2051 ipsius
266 1990 386 2055 Scythiae
401 2001 511 2054 partem,
532 2010 598 2058 quae
612 1995 649 2044 ad
695 2007 777 2058 quam
797 2006 848 2042 noe
865 1992 1005 2054 norimus,
1029 1995 1141 2056 patrem*
1154 1991 1239 2042 histo-

121 2072 177 2107 aare
189 2061 338 2123 poninitur.
368 2060 409 2110 Ab
426 2062 496 2113 Istro
509 2065 568 2114 inde
584 2065 647 2115 haec
695 2063 755 2113 riae
772 2062 897 2123 novisse,
913 2061 958 2111 hic
972 2061 1048 2112 locus
1064 2063 1133 2113 satis
1150 2069 1240 2113 oeten·

122 2135 179 2177 uuus
191 2136 225 2177 ert
235 2128 352 2193 Scythia,
372 2133 408 2180 ad
419 2134 545 2182 meridiem
557 2149 646 2184 uerear
696 2133 760 2182 dere
778 2131 894 2183 videtur.
931 2132 974 2182 Ex
990 2131 1125 2183 Herodoti
1148 2137 1239 2182 autem

120 2199 159 2245 rita
171 2200 289 2261 aranead
295 2200 460 2251 Οιαείαἰλίσίε
472 2202 646 2268 ardemanne
695 2201 788 2254 verbis
814 2200 977 2259 explicanda
1004 2206 1095 2265 putem
1116 2202 1239 2264 Scylacis

121 2274 216 2316 meatur.
239 2268 378 2327 Lanuiust
396 2307 414 2327 ,,
424 2272 481 2321 Van
495 2273 549 2322 dem
562 2272 645 2324 Istros
694 2270 781 2322 verba
801 2272 829 2321 in
846 2271 945 2335 Peripl.
968 2274 994 2332 §-
1010 2271 1045 2323 ot
1061 2287 1084 2321 s.
1097 2271 1131 2324 68
1148 2270 1185 2336 (p.
1206 2272 1239 2323 29

121 2352 147 2384 as
159 2352 202 2384 aun
213 2339 260 2388 mill
276 2340 317 2389 irie
336 2339 510 2396 berctreiben,
530 2344 576 2392 mie
587 2346 646 2405 lama
695 2340 784 2391 Huds.
803 2357 829 2405 p.
843 2339 904 2392 283.
924 2341 957 2391 T.
974 2339 987 2389 1
1000 2341 1071 2391 Gaii.
1087 2341 1153 2401 ibin.
1168 2346 1238 2393 nott.

120 2406 255 2469 σατεὶοἰμετι
262 2409 647 2474 ScythealaadeaMeereelriate
695 2428 722 2476 p.
740 2410 817 2465 etth
841 2400 887 2459 int
908 2402 939 2458 dl
959 2406 994 2474 τῇ
1013 2408 1145 2475 Σκυθικῇ
1163 2403 1240 2460 ἐποι-

120 2474 220 2524 ittetc.“
247 2478 289 2527 Dc
308 2477 448 2529 locutione
463 2471 579 2544 (aroana
597 2493 645 2545 ση-
695 2476 778 2529 κοῦσι
786 2475 894 2540 Ταῦροι
904 2468 1178 2544 ἔθνοςᾶκρωτήριον
1190 2478 1240 2544 τῆς

119 2538 212 2604 μανίαν
226 2546 297 2598 conf.
316 2552 388 2599 nott.
408 2548 443 2599 ad
457 2549 484 2612 l,
500 2551 526 2601 5.
554 2550 645 2600 Verba
697 2540 831 2616 ἠπείρου·
850 2543 891 2607 εἰς
902 2538 1047 2599 θάλατταν
1060 2542 1091 2599 di
1107 2540 1239 2613 τὰᾶκρω-

120 2603 143 2666 ές
153 2607 274 2678 μέτρησιν
287 2616 378 2668 refero
392 2619 427 2669 ad
445 2635 491 2679 ea,
510 2636 580 2680 onae
597 2621 644 2683 IV,
695 2610 874 2684 ιη’ριόυέστι.
901 2619 963 2671 Vid.
980 2619 1062 2668 etiarn
1073 2618 1194 2671 Mueller.
1205 2621 1240 2671 ad

121 2681 321 2739 littraduutur.
342 2691 446 2748 „Vetas
459 2691 646 2751 Suathia,“ait
697 2691 796 2752 Georr.
809 2690 923 2741 Graeco.
940 2689 1023 2738 minu.
1039 2689 1061 2738 Ι.
1080 2705 1106 2753 p.
1120 2690 1163 2740 57.
1198 2690 1239 2740 De

119 2750 273 2819 Schweigh,
293 2764 358 2819 „eat
374 2760 464 2822 prisca
484 2760 645 2823 Scytharum
697 2761 795 2811 Tauris
818 2776 840 2810 s.
859 2762 941 2821 gente
962 2759 1083 2809 Taurica
1103 2759 1160 2812 vid.
1179 2774 1240 2824 cap.

120 2824 193 2884 terra,
204 2827 363 2893 priusquam
376 2827 419 2877 illi
431 2829 518 2894 pulsis
531 2830 646 2880 Cimme-
697 2830 748 2882 103
758 2830 850 2894 ibique
859 2831 929 2879 nott.
957 2886 964 2906 Ι

118 2890 156 2942 riis
177 2908 267 2947 remus
291 2899 425 2950 orientem
452 2899 554 2951 limites
581 2915 645 2949 snos
732 2893 811 2962 μέχρι
834 2898 1015 2962 Χερσονησου
1040 2892 1091 2960 τῆς
1112 2891 1240 2961 Τρηηέης

118 2966 309 3042 ηῐοοιονὶκεεηι.
341 2967 444 3029 Quodsi
463 2967 545 3031 (idem
556 2968 647 3033 addit)
696 2961 885 3033 καλεομένης]
913 2966 993 3031 Apud
1020 2964 1150 3028 stephan.
1171 2967 1238 3030 Bya.

120 3028 333 3096 adopertionem
345 3040 427 3086 etlam
440 3042 590 3100 exprimere
602 3056 648 3089 ro·
697 3041 869 3090 Chersonesus
882 3040 924 3087 est
937 3036 1000 3087 urbs
1015 3035 1165 3103 Tauricae,
1191 3051 1240 3086 nee

118 3098 198 3178 lytris,
215 3105 303 3157 dices:
324 3109 394 3158 Hine
409 3111 458 3158 iam
477 3112 573 3173 incipit.
599 3109 645 3160 Sic
696 3108 777 3160 ahter
793 3108 820 3158 h.
834 3106 852 3157 l.
866 3106 1029 3170 Wesseling.
1048 3104 1141 3156 urbem
1160 3104 1239 3156 cher-

118 3167 163 3235 ηλη
178 3173 259 3226 hahes
276 3177 335 3235 IV,
355 3176 413 3228 100.
432 3177 521 3236 111,5
538 3183 566 3228 et
584 3194 645 3228 sae·
695 3194 832 3240 sonorum,
843 3193 914 3238 onae
924 3176 958 3227 ob
969 3177 1051 3227 sitnm
1059 3192 1164 3239 aunem,
1176 3191 1239 3240 τρη·

118 3239 167 3302 pins
177 3243 268 3296 alibi.“
300 3247 345 3296 Tu
359 3245 421 3296 add.
435 3247 578 3299 Voelcker.
593 3248 612 3298 l.
625 3248 644 3301 l.
698 3245 760 3312 ηὲη,
777 3247 933 3312 appellata,
950 3244 1066 3310 intelligi
1076 3245 1149 3306 vult,
1166 3246 1240 3296 Stra·

117 3324 167 3374 tte.
184 3313 245 3376 181,
275 3315 398 3368 Kolster.
419 3317 439 3368 l.
464 3316 482 3368 1.
509 3334 572 3381 pau.
593 3318 645 3369 609
695 3316 1238 3381 bonemcitans(V11.p.308a.474),

118 3377 165 3438 (tui
174 3382 457 3450 Schweighaeusernm
472 3387 605 3454 sequitur)
618 3392 646 3437 et
697 3389 743 3454 qui
752 3393 780 3438 et
790 3389 849 3451 ipse
858 3387 1056 3438 Chersonesum
1066 3386 1160 3434 urbem
1169 3400 1240 3436 com·

117 3447 202 3503 Uksrt:
219 3454 319 3520 Geogr.
337 3455 364 3507 d.
383 3455 491 3508 Griech.
511 3474 537 3507 u.
551 3459 645 3509 Roem.
696 3462 838 3509 memorat.
851 3482 885 3493 -
906 3458 966 3516 „At
984 3459 1060 3506 recte
1078 3454 1239 3505 Holetenina

117 3518 165 3581 ΙΙΙ,
176 3523 200 3573 t.
213 3539 239 3588 p.
254 3526 317 3576 4³7.
348 3525 448 3588 Itaque
464 3543 498 3577 ex
513 3527 647 3578 Herodoti
697 3528 774 3592 (sunt
783 3524 1032 3586 Schweighaeuseri
1042 3523 1138 3582 verba)
1148 3523 1239 3573 ohser-

118 3595 194 3642 mente
201 3597 315 3660 antiqua
322 3595 444 3659 Scythia,
454 3613 525 3662 quae
532 3598 567 3648 ab
574 3599 646 3649 Istro
696 3613 778 3648 rasse
790 3596 856 3646 mihi
866 3595 989 3658 videtur,
1001 3611 1057 3645 non
1069 3595 1153 3644 urbem
1164 3592 1240 3642 Cher·

117 3658 213 3726 incipit,
237 3666 379 3717 meridiem
401 3682 496 3717 versus
519 3674 646 3731 porrecta
696 3685 826 3726 renerum,
845 3665 891 3715 sed
907 3668 991 3715 totam
1005 3664 1178 3729 paeninsulam
1193 3661 1240 3712 hio

117 3743 206 3782 omnem
218 3734 302 3787 Ponti
322 3752 396 3787 oram
412 3737 517 3787 obtinet
534 3738 597 3788 inde
611 3738 645 3788 ab
697 3729 879 3798 Χερσόνησον
897 3725 949 3800 τὴν
963 3727 1093 3799 Τρηχέην
1109 3724 1239 3793 καλεομέ-

116 3797 176 3852 Istro
189 3804 301 3869 eiusque
313 3806 392 3857 ostiis
408 3822 494 3871 usque
508 3807 544 3857 ad
559 3808 646 3859 Carui-
697 3821 751 3873 νην
770 3805 839 3864 dici;
864 3819 945 3869 qrrsm
964 3803 1025 3862 alii,
1050 3817 1103 3867 quo
1123 3802 1157 3852 ab
1176 3801 1239 3852 aliis

116 3871 201 3924 nitidare
212 3875 323 3936 urbem,
338 3876 645 3942 nitaminsngurtoillo
696 3874 864 3943 paeninsnlis
880 3875 1079 3938 distinguatur,
1107 3873 1240 3923 Tuum'cam

117 3940 206 4002 luctu,
235 3961 289 4011 qno
316 3947 459 3997 continens
487 3953 560 3998 terra
584 3963 646 3999 eum
696 3947 891 4009 antSQutlticam
901 3941 1239 4006 Cherroreramappellant.

118 4005 229 4064 Crimaca
244 4016 422 4082 coniungitur
438 4017 508 4070 (vid.
524 4023 593 4068 nott.
610 4018 646 4068 ad
696 4020 776 4069 Hanc
788 4017 874 4078 igitur
885 4017 921 4066 ad
930 4031 1012 4073 mare,
1027 4014 1093 4079 quod
1104 4021 1143 4063 ert
1155 4016 1240 4064 arien-

117 4075 156 4138 IV·
167 4083 219 4144 55).
232 4100 287 4135 uon
298 4084 380 4150 longe
394 4092 467 4138 certe
479 4087 515 4138 ab
529 4103 561 4139 eo
575 4087 645 4149 loco,
695 4099 742 4140 tem
752 4104 849 4140 verear.
857 4088 987 4159 pertimre
998 4084 1051 4133 sit:
1065 4072 1175 4161 μῧτηνές
1184 4073 1240 4132 θοὶ-

117 4149 153 4197 tni
164 4168 231 4203 nunc
246 4172 344 4207 nomen
356 4159 480 4222 Pereeop.
697 4158 803 4207 λασσαν
814 4148 867 4221 τήν
881 4147 953 4214 πρὸς
965 4152 1126 4218 αττηλιωτην
1135 4166 1240 4214 ανεμου

145 4210 173 4296 τὸ
195 4214 225 4271 dl
249 4215 430 4290 cimiterium
455 4217 507 4291 τὴν
528 4218 579 4290 μὲν
600 4216 646 4275 ἐπὶ
698 4226 745 4286 (ci.
765 4227 820 4286 IV,
840 4228 875 4277 22
896 4225 989 4287 ibique
1011 4224 1093 4284 nott.)
1114 4213 1238 4286 κατήκει.

117 4287 253 4342 θαλασσαν
263 4310 289 4344 κ.
303 4312 325 4345 τ.
341 4294 378 4362 t]
402 4299 464 4346 Non
480 4295 562 4346 aliter
577 4296 646 4346 haec
697 4297 754 4346 Nee
774 4296 845 4346 enim
867 4295 900 4345 de
915 4295 995 4355 urbe,
1013 4293 1061 4343 sed
1080 4291 1114 4341 de
1129 4292 1240 4356 regione

111 4359 267 4434 ‚explicanda
280 4380 313 4415 sc
327 4366 480 4426 superiora:
499 4356 532 4414 τὸ
545 4357 646 4416 utini
697 4355 832 4430 κατήκειν
844 4365 900 4416 dici
915 4368 1126 4415 consentaneum
1142 4366 1197 4418 est;
1212 4368 1240 4412 et
1286 4376 1289 4380 “

116 4426 205 4495 intuor
219 4448 245 4483 κ.
259 4449 282 4484 τ.
296 4435 319 4487 λ.
358 4435 437 4487 Unde
452 4436 498 4487 hio
517 4436 574 4488 iere
591 4435 647 4486 loci
698 4436 870 4488 Cherronesus
892 4434 954 4484 arbe
976 4448 1030 4483 non
1053 4432 1083 4483 iu
1104 4429 1239 4493 orientali,
