3042 5125
428 385 754 455 MELPOMENE.
776 392 832 455 IV.
855 400 901 455 42.
1168 391 1228 456 381

115 584 183 670 δρας
194 585 352 669 πλοίοισι,
367 581 595 671 ἐντειλάμενος
606 584 639 663 ές
652 580 690 654 sd
702 578 810 653 ὀπίσω
824 577 870 649 ds'
880 576 1072 671 Ἡρακλέων
1084 586 1232 672 στηλέων

115 684 282 754 deseritur
298 687 361 765 ἕως
379 687 413 766 ές
433 682 494 775 τὴν
513 693 655 776 βορηίην
676 684 869 771 θάλασσαν,
891 687 947 756 καὶ
967 681 1055 755 οὕτω
1075 688 1109 766 ές
1124 694 1229 776 Alpo-

113 812 183 856 πιον
194 783 419 859 ἀπικνέεσθαι.
443 785 666 879 Ὁρμηθέντις
679 780 728 859 ὦν
741 795 776 859 οἱ
784 796 939 870 Φοίνικες
952 792 989 860 έιι
1002 793 1060 878 της
1069 784 1232 880 Ἐρυθρῆς

140 977 320 1053 ἐντειλάμενος
333 979 363 1047 ές
375 981 407 1039 τὸ
420 980 509 1040 ὀπίσω
519 1016 555 1027 -
563 987 638 1041 dser·
688 1005 752 1056 pag.
765 989 783 1040 8
794 1005 866 1056 seq..
880 987 979 1041 quker
994 990 1023 1039 in
1034 989 1229 1058 disputatione,

113 1051 201 1122 πλέειν]
210 1047 368 1124 Ἡρακλέων
378 1059 561 1112 eFlorentino
572 1059 638 1112 duo-
687 1074 758 1126 quae
767 1058 939 1111 inscribitur:
959 1060 1032 1123 „Die
1043 1060 1232 1128 Umschiffnng

113 1127 200 1190 busque
211 1126 270 1180 aliis
289 1128 368 1181 libris
387 1130 478 1196 recepi
489 1145 537 1196 pro
551 1120 637 1195 Ἡρα·
686 1129 808 1195 Libycus
827 1127 911 1180 durch
936 1129 980 1180 die
1001 1129 1178 1182 Phoeniker“
1203 1142 1231 1183 et

111 1193 208 1260 ιληίων,
220 1198 291 1263 quod
301 1198 425 1250 exhihuit
437 1199 586 1266 Guislord.,
596 1215 638 1251 re·
686 1200 792 1250 inserta
824 1205 867 1251 est
892 1197 999 1249 Annull.
1026 1200 1174 1267 philologg.
1203 1208 1232 1253 et

111 1265 227 1317 certiores
240 1267 430 1320 deseruerunt.
448 1269 511 1322 Vid.
522 1269 637 1321 dotted
686 1268 858 1335 paedagogg.
867 1268 1230 1337 LipsiensibusSuppl.Vol.

111 1334 150 1396 lv,
160 1337 181 1386 7.
212 1336 278 1388 Inde
295 1339 325 1389 in
342 1353 418 1420 seqq.
438 1333 637 1406 quoque'revo·
685 1339 749 1391 vn.
761 1355 789 1405 p.
799 1338 851 1391 357
864 1353 940 1404 seqq.

110 1400 634 1541 ιιιειιοιιιιηαη-
726 1434 779 1499 ο
802 1432 831 1499 20
855 1433 907 1507 vl
926 1436 1047 1508 νο
1066 1434 1227 1508 νον

110 1547 179 1593 mm
196 1544 256 1596 dedi
291 1545 328 1597 cf
349 1547 389 1598 lv
423 1546 457 1599 43
486 1548 540 1599 VH
572 1494 635 1599 133
684 1510 1230 1593 Meddmwewniutelligimars,iamsu-

112 1611 160 1676 147,
173 1618 199 1664 et
208 1581 335 1667 Ρίοινοιιίο
344 1584 493 1670 Verisimil.
505 1633 534 1683 p.
545 1585 597 1669 ddt
609 1582 633 1669 s:
682 1596 734 1646 pm
744 1581 792 1648 (αἱ
804 1581 852 1644 lv'
864 1581 911 1647 3⁷)
923 1596 1085 1694 Quum·

108 1697 131 1745 p.
145 1682 189 1735 1⁴2
203 1684 278 1750 Lips.
315 1686 445 1738 Dindorf.
464 1691 493 1739 et
507 1685 635 1739 Dietsch.
715 1673 910 1750 ‘Oppthrter
932 1699 973 1734 ων
993 1677 1024 1734 oi
1041 1683 1173 1744 Φοίνικες
1198 1677 1228 1734 la

109 1751 223 1803 dederunt
236 1745 402 1806 διακωλύειν
410 1761 439 1808 et
451 1772 514 1808 mox
524 1749 633 1806 ἔπλωον
682 1749 734 1818 τῆς
747 1745 895 1835 Ἐρυθρῆς
907 1745 1056 1820 θαλάσσης
1067 1748 1166 1834 ἔπλεον
1176 1746 1229 1835 τὴν

109 1825 131 1872 et
140 1816 274 1881 sidones.
303 1824 452 1892 Equidem,
471 1831 503 1877 ut
520 1827 632 1892 saepius
682 1820 780 1901 νοςίην
807 1821 967 1889 datuurus]
999 1822 1052 1890 τὴν
1087 1822 1229 1891 Ερυθρην

109 1892 152 1941 ian
162 1894 254 1958 monui,
266 1893 383 1946 formam
392 1896 541 1962 vulgarem,
552 1911 633 1962 qnam
684 1891 835 1942 θαλασσαν
845 1892 878 1946 de
887 1896 945 1946 ιὶιια
950 1893 1065 1946 Arabico
1074 1893 1227 1959 intelligen-

108 1959 159 2011 lihri
170 1962 294 2028 offerunt,
311 1965 484 2017 retinendam
496 1965 574 2030 duxi,
594 1966 636 2016 in·
684 1962 757 2026 dum,
770 1962 817 2013 rix
829 1978 938 2015 monere
949 1978 1027 2030 opus.
1056 1956 1118 2029 Τὴν
1130 1963 1228 2029 νοτίην

108 2028 179 2112 deque
187 2033 238 2097 IV,
253 2033 289 2084 43
304 2027 476 2100 περιπλώειν
487 2051 550 2087 cum
562 2036 634 2102 opti·
684 2028 833 2081 θάλασσαν
857 2032 887 2085 id
909 2038 1091 2117 maretvocat·
1104 2032 1229 2115 Herodo-

107 2103 636 2240 ltrlll'rtrdltt'tllurt:
681 2102 1229 2238 {mrtthtdttltt‘lturr

108 2239 362 2308 οιιίλω,περιπλέων,
369 2243 443 2310 quod
450 2261 543 2298 omues
551 2243 631 2298 codd.
682 2241 731 2293 ubi
746 2242 859 2293 rubrum
875 2257 962 2306 mare,
986 2243 1021 2294 ab
1035 2242 1116 2293 India
1136 2248 1229 2296 exten·

108 2310 218 2372 praehere
235 2312 379 2378 ridentur,
399 2327 461 2366 cum
476 2315 552 2366 nulla
568 2330 632 2366 eno·
680 2325 756 2377 sum,
781 2311 892 2363 Africae
916 2328 991 2364 oram
1009 2313 1170 2365 orientalem
1187 2313 1227 2364 al·

108 2383 157 2429 tata
171 2381 322 2435 inveniatur
341 2384 494 2450 scripturae
510 2384 634 2436 differeu-
680 2381 743 2432 luit.
772 2381 816 2436 cf.
829 2382 943 2435 Reuuel.
960 2383 1098 2449 pagaldd.
1133 2384 1228 2450 Neque

108 2448 151 2499 tis:
165 2452 285 2518 utadeo,
305 2468 369 2505 oum
387 2455 497 2505 minime
508 2455 587 2506 nobie
601 2455 633 2505 li·
681 2451 818 2517 propriam
835 2457 905 2502 mari
921 2453 1030 2504 cuidam
1047 2452 1118 2504 hauc
1137 2453 1228 2506 rideri

107 2522 158 2569 cest
177 2523 263 2576 onmia
292 2523 438 2579 adunam
464 2524 632 2591 eandemque
680 2521 894 2588 appellationem
911 2523 1062 2589 supraiam
1074 2524 1226 2575 monuimus

108 2602 209 2643 normam
231 2599 259 2644 et
273 2594 391 2645 formam
408 2610 554 2660 revocare,
575 2597 633 2648 No·
680 2592 718 2642 ad
728 2593 779 2653 lv,
793 2591 839 2654 13,
855 2592 904 2645 sed
916 2608 1067 2659 cognomen
1077 2594 1169 2659 potius
1184 2595 1225 2645 vi-

108 2663 178 2710 strum
187 2664 300 2730 utrtque
313 2663 404 2715 formt
414 2680 493 2716 usum
503 2681 563 2717 esse
574 2669 632 2715 eta·
680 2661 759 2712 detur
771 2677 788 2712 a
803 2661 859 2714 situ
868 2662 985 2714 austruli
998 2663 1127 2728 petitum3
1141 2663 1182 2713 ita
1194 2668 1226 2715 ut

108 2730 217 2783 tuendum
228 2734 275 2787 sit.
303 2733 630 2801 Oonf.Bredov.p.172.
680 2730 732 2782 hoo
742 2745 849 2797 quoque
859 2731 920 2782 loco
929 2731 1078 2783 australem
1087 2733 1171 2796 maris
1180 2748 1225 2783 ru·

108 2796 140 2848 ll
163 2809 347 2868 argumentum
375 2804 539 2870 observant,
561 2805 630 2856 scite
681 2801 723 2851 bri
741 2806 847 2866 partem
870 2801 964 2853 vocari
982 2806 1135 2853 statuamus
1154 2819 1225 2854 mare

107 2865 149 2919 hoe
164 2870 256 2926 iecisse
278 2873 369 2925 rideri
389 2889 495 2940 regem,
519 2873 591 2941 quod
611 2889 630 2925 a
680 2875 808 2934 οαιίνοίο,
827 2886 882 2922 nou
893 2871 974 2922 aliter
985 2871 1042 2923 fere
1053 2886 1088 2922 ac
1101 2872 1127 2922 si
1137 2872 1225 2923 Hero·

108 2937 157 2988 siuu
166 2941 277 2995 Arabico
295 2942 362 2995 inde
380 2942 443 2995 illos
460 2944 497 2995 ad
512 2943 630 3028 Libram
681 2941 761 2991 dotus
779 2940 895 2991 dixisset
914 2934 1013 2991 ἔπλεον
1032 2932 1107 3006 πρὸς
1128 2930 1223 2991 νότον.

108 3007 374 3080 timumuarigaudam
387 3012 525 3079 proficisci
546 3029 632 3066 russe-
679 3010 743 3062 vid.
759 3010 880 3075 Breiger.
897 3009 1073 3077 l.1.pag.10.
1102 3013 1163 3074 Quo
1172 3013 1223 3062 mi-

108 3076 149 3139 rit,
161 3082 370 3149 oumnarigutio
386 3082 438 3135 hac
450 3100 483 3135 ex
498 3087 576 3149 parte
589 3084 631 3135 in·
680 3095 730 3131 nus
754 3081 897 3147 audiamus
914 3080 1113 3145 Gosselinium‚
1137 3081 1224 3132 Ocea·

109 3145 187 3201 ttituta
199 3152 311 3203 totidem
329 3153 389 3204 fere
407 3154 539 3219 praebeat
559 3169 631 3205 com·
679 3164 743 3200 num
761 3164 823 3200 eum
841 3149 886 3201 hic
901 3150 1016 3202 iudicari
1032 3150 1222 3215 arbitrentem,

109 3216 187 3282 mode,
204 3228 268 3287 quot
286 3221 461 3274 incommoda
483 3226 629 3287 exsistunt,
679 3219 727 3285 qui
738 3234 814 3270 oram
827 3220 938 3272 Africae
953 3219 1112 3273 orientalem
1124 3237 1159 3273 ao
1170 3237 1225 3272 me·

107 3290 224 3362 torturis
244 3307 262 3343 a
280 3297 361 3358 parte
381 3292 407 3342 si
426 3292 630 3359 navigationem
679 3288 842 3341 ridionulem
866 3290 968 3353 alluat3
990 3289 1063 3342 uude
1082 3291 1223 3343 Herodoto

108 3356 230 3411 uetituere
252 3361 332 3416 velis.
372 3362 427 3424 Qui
453 3363 489 3414 ab
510 3363 630 3414 Arabico
679 3360 833 3412 innotuisse
848 3375 924 3412 mere
944 3360 1112 3412 Atlanticum
1139 3366 1224 3427 atque

109 3421 157 3475 εἰσιν
180 3430 401 3495 proficiscuntur,
430 3432 465 3484 iis
489 3433 565 3484 venti
586 3447 630 3485 se-
678 3429 789 3480 rubrum
800 3429 855 3496 ipsi
867 3430 990 3482 iunctum
998 3430 1172 3497 Africamque
1180 3430 1223 3483 his

108 3494 185 3559 madi,
203 3499 322 3566 itemque
334 3501 418 3553 rueris
434 3502 551 3564 fluenta,
571 3517 631 3553 cur-
679 3499 801 3550 maribus
812 3500 942 3551 cinctam.
968 3499 1009 3553 (tl.
1021 3500 1133 3553 Dureau
1147 3499 1223 3551 dela

109 3574 155 3612 mm
166 3569 238 3620 naris
250 3571 429 3631 adiuvantia3
449 3586 521 3638 quae
539 3573 631 3623 omnia
678 3568 761 3620 Malle
775 3569 794 3620 l.
813 3569 832 3621 1.
850 3584 912 3635 pag.
926 3570 970 3621 69.
993 3569 1105 3625 lunker.
1122 3570 1141 3620 l.
1160 3569 1179 3622 l.
1193 3585 1220 3635 p.

109 3637 225 3688 οοολιοιίιι
246 3640 280 3691 ab
304 3640 363 3692 alia
380 3640 446 3691 inde
464 3646 544 3708 parte
566 3657 630 3708 pro·
678 3636 742 3701 365,
756 3639 804 3704 qui
812 3639 992 3705 Erythraeum
1002 3655 1090 3703 mare,
1105 3638 1222 3705 quodad

108 3704 201 3761 pusii,
220 3709 343 3777 Namque
358 3710 483 3763 Indicum
495 3726 543 3777 per
554 3727 629 3763 mare
679 3710 770 3760 sinum
778 3709 925 3760 Arabicum
935 3709 1013 3760 ruodo
1023 3709 1176 3772 retulimus,
1185 3709 1220 3759 ab

110 3771 193 3826 ‘striae
214 3791 230 3827 e
245 3781 434 3846 septentrione
460 3780 566 3846 spirant
581 3796 630 3847 per
678 3777 730 3829 hoc
742 3778 860 3829 discerni
876 3778 947 3829 falso
959 3782 1051 3843 putat,
1070 3778 1221 3829 Phoenices

109 3839 180 3892 totum
191 3848 294 3913 tempus
305 3851 424 3901 aestatia
436 3849 629 3916 hemisphaerii
678 3849 731 3899 iter
740 3863 820 3898 enum
828 3848 980 3899 instituisse
990 3847 1119 3913 opinatur
1130 3863 1164 3899 ex
1173 3847 1223 3898 ali·

108 3912 233 3973 installat
256 3921 315 3969 tum
337 3918 485 3971 secundum
506 3919 631 3972 occiden-
678 3932 731 3983 quo
755 3921 836 3983 portu
860 3918 937 3967 sinus
958 3915 1091 3980 Adeusis,
1114 3917 1144 3967 in
1166 3931 1221 3983 quo

108 3975 257 4036 teledhicae
265 3985 332 4038 litus
341 3994 472 4045 constans
482 3994 525 4042 est
535 3996 630 4042 auster
678 3990 770 4040 omnis
788 3985 824 4037 ud
842 3985 1043 4052 expeditionem
1065 3986 1222 4052 spectantia

108 4042 268 4119 fluentumque
289 4058 435 4110 maximam
451 4064 558 4124 partem
579 4059 628 4110 bo·
677 4057 888 4124 apportaverint,
908 4055 1026 4121 indeque
1044 4055 1153 4108 eosdem
1169 4057 1221 4109 cir·

107 4126 265 4175 retutemus
278 4126 424 4179 delabitur.
447 4129 547 4195 Itaque
559 4128 628 4180 haec
677 4132 835 4179 cumvectos
845 4141 906 4178 esse
914 4126 1128 4192 promontorium
1135 4127 1222 4179 Guar-

107 4188 267 4247 ruderici
275 4197 442 4249 narrationis
453 4196 533 4250 fidem
543 4213 629 4263 quan·
678 4196 764 4248 daiui.
791 4197 834 4248 De
852 4211 906 4263 quo
925 4195 990 4246 mihi
1005 4195 1087 4249 aliter
1103 4197 1220 4263 ridetur,

107 4255 153 4306 itm
167 4258 262 4327 iaciat,
282 4267 418 4317 neminem
434 4267 516 4333 fugit.
547 4267 628 4321 (toni.
679 4267 726 4331 qui
733 4266 883 4318 Phoenices
893 4281 926 4318 ex
932 4266 1045 4318 Arabici
1052 4267 1130 4320 sinus
1139 4272 1222 4334 portu

107 4320 629 4401 tuneipag.cetseqq.‚ssoes.inreri-
678 4334 816 4400 profectos
831 4351 892 4388 esse
902 4336 1012 4388 credere
1021 4335 1123 4390 malim.
1142 4338 1221 4389 Tem-

107 4393 184 4453 lfione
197 4401 343 4469 peculiari,
365 4420 448 4470 quam
459 4406 489 4456 in
502 4407 629 4458 Excursu
678 4420 729 4471 pus
739 4405 918 4472 profectionis
929 4405 1000 4457 idem
1009 4406 1120 4458 Iunker.
1131 4422 1158 4471 p.
1168 4405 1220 4458 367

106 4461 353 4540 sinisterrimus,
362 4490 426 4542 pag.
436 4475 469 4528 16
480 4491 558 4545 seqq.
566 4475 628 4528 coll.
678 4489 736 4541 seq.
758 4474 794 4526 ad
815 4491 935 4530 mensem
952 4476 1059 4529 lunium
1078 4479 1220 4541 exeuntem
