3042 5125
470 380 797 443 MELPOMENE.
822 381 877 443 IV.
901 393 927 445 3.
1207 384 1265 446 291

143 572 234 652 μικτόν
245 564 373 656 οὐρέων
385 571 419 649 ἐς
432 566 494 657 τὴν
504 575 657 659 Μαιῆτιν
670 578 811 660 λίμνην,
826 568 920 661 ἥπερ
934 574 1003 642 ἐστὶ
1016 581 1168 663 μεγίστη·
1187 569 1269 663 μετόι

144 669 425 760 01κειμεωμένοισι
437 673 613 761 ἐσβάλλειν
626 690 710 744 τοῖσι
720 673 880 763 Σκύθησι
893 672 1174 765 ἀντικατιζόμενοι
1189 678 1267 767 ἐμό-

141 799 234 860 χοντο.
261 778 437 864 γινομένης
451 775 488 844 01
507 776 612 867 μάχης
631 776 790 859 πολλάκις
810 780 867 848 καὶ
888 775 930 848 oei
947 783 1148 870 δυναμένων
1167 777 1269 850 οὐδὲν

141 879 231 946 πλέον
242 884 329 966 ἔχειν
343 883 411 948 τοῖν
424 883 594 950 Σκυθέων
608 886 650 969 τῇ
661 880 749 971 μάχη
773 877 821 961 εἷς
835 878 948 951 αὐτῶν
969 887 1059 965 ἔλεξε
1073 883 1168 954 τόδε·
1202 879 1267 952 Οἷα

141 984 302 1068 ποιεῦμεν,
324 979 448 1072 ἄνδρες
461 981 616 1067 Σκόθαι;
650 985 800 1055 δούλοισι
817 1001 902 1055 τοῖσι
923 981 1110 1075 ἡμετέροισι
1124 984 1265 1077 μαχόμε-

140 1110 185 1151 νοι
215 1079 310 1154 αὐτοί
333 1113 369 1154 τε
397 1085 572 1168 ἐλάσσονες
599 1088 807 1178 κτεινόμενοι
833 1087 999 1177 γινόμεθα
1033 1092 1088 1158 καὶ
1117 1093 1266 1170 ἐκείνους

138 1247 178 1300 1.1.
190 1265 249 1316 pag.
256 1251 299 1312 48,
314 1265 478 1316 quamquam
491 1257 576 1304 totam
586 1254 672 1304 Hero·
724 1252 774 1305 168
785 1259 813 1304 et
824 1254 1080 1321 probanteHenscn
1090 1254 1109 1307 1.
1122 1255 1140 1306 1.
1151 1270 1214 1321 pag.
1224 1256 1265 1307 15.

139 1319 188 1369 doti
199 1320 381 1370 narrationem
393 1321 517 1373 stabula
527 1338 582 1373 uon
595 1339 671 1389 pror·
720 1324 816 1390 Neque
837 1324 918 1375 aliter
943 1324 1076 1376 dederuut
1092 1324 1221 1378 Dindori.
1238 1330 1266 1375 et

139 1404 179 1439 sus
194 1389 335 1440 abhorrere
356 1391 508 1456 existimet,
528 1392 556 1442 id
577 1398 669 1444 temen
720 1394 844 1445 Dietsob.
860 1395 949 1460 Vulgo
960 1393 1089 1451 Μαιῶτις
1101 1391 1266 1460 appelletur,

138 1463 229 1509 eertum
251 1475 313 1512 esse
332 1461 447 1523 statuit,
471 1461 573 1513 fossam
596 1463 669 1528 epud
721 1464 865 1530 quodiam
884 1464 992 1514 obvium
1008 1464 1207 1529 inflippocrst.
1222 1464 1265 1514 De

138 1528 257 1579 Isthmum
269 1531 451 1596 Perecopium
470 1533 588 1598 cogitari
606 1532 633 1583 h.
648 1530 667 1581 1.
720 1537 777 1583 a'er.
795 1538 822 1583 et
835 1532 902 1584 loce.
920 1535 944 1584 I.
961 1549 988 1598 p.
1006 1534 1058 1585 555
1071 1533 1177 1583 Kuebu.
1189 1532 1224 1599 (1.
1238 1549 1265 1599 p.

138 1613 185 1647 uon
195 1613 285 1663 posse,
304 1616 366 1651 cum
380 1601 454 1651 t'osss
473 1617 490 1652 e
503 1600 615 1653 meridie
626 1617 669 1653 se·
718 1603 767 1653 291
780 1603 883 1666 roes),
894 1601 1200 1669 iuheschyl.Prometb.
1212 1604 1265 1655 420

138 1669 303 1732 pteutrionem
317 1685 424 1733 versus,
438 1671 456 1720 i.
466 1686 488 1722 e.
500 1687 517 1721 a
530 1672 669 1724 montibus
720 1671 818 1723 Blomf.
836 1678 864 1722 et
882 1673 909 1722 in
927 1671 1104 1738 Aristophan.
1118 1672 1187 1722 Nnb.
1201 1674 1264 1735 274,

139 1742 231 1788 tractus
244 1739 431 1790 meridionalis
449 1755 536 1807 usque
549 1740 669 1791 admsre
719 1746 831 1806 postera
861 1746 953 1792 aetate
982 1742 1153 1807 potissimum
1186 1741 1264 1793 inve-

138 1807 267 1859 hsovicum
298 1809 383 1859 ducta
413 1809 530 1876 intelligi
560 1809 668 1862 debeat.
719 1811 804 1861 luisse
819 1812 941 1869 videtur3
955 1810 1028 1876 quod
1041 1815 1264 1862 nomeuuuctore

138 1876 257 1929 Reichsrd
274 1879 343 1942 (vid.
359 1878 466 1930 Hertha
480 1879 555 1931 1828.
570 1882 667 1946 ιρις.
719 1881 827 1932 Rittero
844 1879 985 1945 (Verballe
997 1895 1061 1946 pag.
1077 1879 1120 1929 151
1139 1894 1197 1944 seq.
1214 1880 1261 1931 161

138 1946 162 1995 11
175 1951 212 1997 et:
235 1947 396 2014 Semmluug
416 1947 518 1999 hleiner
532 1949 670 2000 Schriften
720 1949 810 2016 seqq.)
825 1949 993 2000 referendum
1007 1947 1152 1999 adnomen
1168 1949 1265 1999 Μαιηέ

136 2029 179 2064 aus
197 2016 221 2066 d.
240 2017 340 2070 Gebiet
362 2017 388 2067 d.
413 2018 585 2085 Geogrephie
605 2033 686 2085 pug.>
719 2019 832 2085 Magnae
842 2023 917 2070 Derim
925 2013 1052 2082 (Μήτηρ,
1061 2015 1178 2082 Μῆτις),
1192 2032 1263 2082 quae

136 2085 179 2134 256
198 2089 283 2153 seqq.)
309 2088 481 2138 Herodotum
505 2088 539 2140 de
565 2088 667 2150 fossae,
719 2090 839 2139 omnium
853 2090 992 2139 iuuatura
1011 2101 1212 2151 rerumpareus
1230 2102 1263 2137 ac

135 2154 203 2204 cuius
219 2157 292 2208 nulla
312 2156 395 2223 plene
415 2156 503 2208 adhuc
523 2163 669 2224 supersunt
718 2158 810 2209 nutrix
822 2157 981 2209 celebretur.
1006 2158 1043 2207 Et
1058 2157 1184 2207 conferas
1199 2172 1263 2222 quo-

135 2225 252 2291 restigis,
275 2228 430 2278 directione
447 2243 531 2293 prere
543 2228 667 2279 edoctum
718 2243 770 2294 que
784 2226 921 2277 Eustethii
940 2225 1082 2291 disputata
1098 2225 1132 2275 sd
1146 2227 1262 2290 Dionys.

134 2293 208 2346 fuisse
230 2298 342 2348 statuit.
378 2297 432 2348 Sed
451 2312 483 2348 ex
503 2313 536 2349 ee
558 2296 668 2364 paludis
718 2298 824 2362 Perieg.
835 2295 892 2346 163.
908 2296 954 2345 Gr.
966 2295 1084 2345 conlerri
1095 2295 1154 2346 vult
1164 2294 1262 2346 Schoe-

135 2362 289 2430 Maeoticae,
307 2381 390 2432 quam
404 2367 503 2418 Noster
514 2367 568 2418 sibi
585 2368 669 2418 tinxe-
718 2364 1198 2431 nemsnu.Geogr.hrgonaut.p.36.
1211 2365 1262 2415 Ve-

134 2433 165 2482 rit
180 2434 243 2499 (vid.
262 2442 335 2488 nott.
354 2435 390 2486 ed
406 2438 459 2501 lV,
479 2435 557 2502 100),
580 2437 668 2488 forme
718 2442 805 2487 terum
823 2435 980 2485 testimonia
994 2433 1027 2485 de
1040 2434 1171 2488 Maeotide
1192 2435 1263 2485 eius-

134 2502 297 2557 directionem
310 2506 406 2557 fossas
417 2504 525 2557 facilius
538 2507 669 2558 constitui
719 2521 770 2572 que
786 2504 870 2554 variis
883 2503 1114 2570 appellationibus
1134 2504 1261 2556 exhibent

133 2588 203 2638 posse
213 2576 668 2643 existimatVoelckerfflythische
718 2573 878 2625 Tuschuche
897 2573 933 2623 ad
948 2574 1079 2638 Pompou.
1092 2575 1156 2626 Mel.
1169 2575 1199 2635 1,
1219 2574 1259 2626 19.

134 2643 219 2710 Geogr.
237 2662 298 2714 pag.
315 2644 394 2709 177):
418 2661 487 2712 quae
506 2662 523 2697 a
540 2647 668 2698 Tauricis
716 2642 1204 2709 pagumseqq.v0t111.1>.1.n0tt.
1217 2658 1261 2692 ex-

133 2715 258 2767 uentibus
276 2730 367 2782 usque
382 2714 418 2764 sd
431 2718 587 2782 Emporium
604 2716 666 2765 Cre·
717 2716 813 2778 egett.,
823 2712 924 2762 Ukert:
939 2711 1107 2777 Geographie
1118 2712 1260 2764 doriecb.

134 2798 201 2834 nuos
215 2787 348 2851 perducta
366 2785 555 2852 paeninsulam
571 2783 667 2835 Tauri·
715 2798 743 2833 u.
756 2783 850 2832 Roem.
865 2782 922 2840 111,
940 2784 965 2831 2.
985 2796 1050 2847 pug.
1067 2781 1125 2831 167.
1147 2785 1203 2831 not.
1216 2780 1260 2844 91,

134 2868 185 2903 eam
194 2855 220 2905 iu
228 2857 362 2908 orientem
372 2856 592 2920 prominentem
604 2866 668 2902 con·
714 2850 1014 2916 Forbiger:Handbuch
1024 2849 1049 2900 d.
1057 2849 1260 2915 sltileograpb.

133 2923 222 2975 tineuti
238 2926 405 2984 seiunxerit,
426 2929 458 2975 ut
478 2938 571 2976 servos
590 2937 667 2987 prae·
717 2920 888 2985 11.psg.28.
916 2921 994 2970 Nunc
1008 2919 1077 2971 satis
1093 2924 1202 2970 constat
1213 2935 1260 2970 vo-

134 2997 210 3046 siaret
221 2999 295 3047 tutos
308 3013 326 3048 s
337 2995 455 3046 dominis
468 2993 550 3043 suisa
561 2996 667 3057 septen·
717 2991 775 3041 cari
795 3005 871 3040 mare
887 2989 1036 3050 Asooicum,
1057 2988 1128 3055 quod
1147 2989 1170 3041 si
1187 2988 1260 3054 epud

135 3063 212 3115 trione
231 3066 305 3117 circa
324 3065 432 3116 Tanain
449 3061 666 3126 Maeotidemque
718 3063 824 3112 veteres
841 3064 911 3112 luens
926 3059 970 3111 vel
986 3060 1092 3124 paludis
1105 3058 1260 3110 denomina-

134 3133 324 3187 socedeutibus.
357 3132 463 3185 Addsm
490 3131 532 3182 his
549 3132 666 3197 denique
716 3131 820 3180 tionem
832 3130 928 3193 babet,
946 3134 1020 3180 recte
1035 3128 1075 3179 sic
1088 3128 1143 3179 dici
1156 3134 1259 3181 testan-

136 3200 252 3255 lilsusen.
263 3204 310 3270 (ed
320 3201 455 3255 Hecataei
466 3199 591 3267 fragmm.
602 3215 665 3267 pug.
716 3205 763 3250 tur
773 3200 953 3260 recentiores,
969 3215 1030 3250 cum
1042 3198 1082 3248 ita
1099 3205 1259 3265 stsguosum

134 3269 187 3335 so),
214 3276 258 3339 qui
290 3288 352 3324 eum
381 3269 485 3321 unllam
509 3271 666 3321 Herodotus
717 3285 751 3321 sc
760 3269 920 3335 paludosum
932 3269 977 3332 sit,
991 3274 1021 3319 ut
1036 3268 1140 3334 exiguis
1153 3274 1259 3320 tantum

135 3337 282 3395 Chersonesi
307 3342 422 3393 formem
450 3341 571 3404 noverit,
603 3338 666 3390 iude
717 3340 832 3391 navibus
857 3353 997 3390 accessum
1023 3338 1155 3403 praebeat
1177 3343 1259 3404 atque

136 3411 285 3476 explicanda
298 3414 408 3474 censet,
433 3414 491 3460 tum
513 3426 583 3476 quae
600 3409 666 3460 stibi
716 3409 780 3461 inde
798 3410 889 3475 stagni
903 3409 1089 3474 potiusquam
1104 3408 1187 3459 maris
1200 3423 1260 3472 spe-

136 3478 164 3529 de
179 3480 218 3533 his
233 3481 392 3548 regionibus
405 3481 506 3530 Noster
522 3479 666 3542 enarrarit,
717 3479 786 3529 ciem
800 3478 1000 3544 praeseferat.

135 3554 183 3599 tum
201 3566 269 3616 quae
288 3552 323 3602 de
343 3549 548 3601 cimmeriorum
567 3549 665 3599 itinere
749 3538 1000 3612 ἀντικατιζόμενοι]
1011 3546 1098 3597 Valde
1107 3546 1153 3596 hic
1164 3546 1260 3597 fluetu-

135 3619 224 3681 lv,11
243 3620 390 3671 tradantur
406 3624 434 3671 et
452 3619 485 3670 de
502 3619 592 3683 fossa,
612 3633 666 3685 qus
716 3623 766 3669 aut
781 3619 843 3669 libri
863 3617 973 3683 scripti,
1001 3616 1071 3666 inter
1090 3631 1157 3695 quos
1174 3614 1260 3666 Medi·

135 3686 283 3753 Scytharum
301 3690 375 3741 servi
400 3705 429 3740 se
451 3690 535 3741 tutati
554 3689 665 3750 fuerint,
717 3704 800 3752 cens,
832 3687 1025 3748 Florentiuus,
1054 3684 1104 3736 alii
1131 3699 1258 3762 ανμικατ-

134 3772 256 3824 qusmque
271 3776 328 3811 uon
341 3760 370 3810 in
383 3758 497 3823 Isthmo,
509 3759 556 3809 sed
569 3760 667 3810 aTsu-
717 3749 856 3823 ιεόμενοι,
879 3755 978 3806 Aldina
997 3748 1258 3818 ἀντικατιζενμενοι,

134 3825 198 3878 ricse
208 3830 346 3881 montibus
357 3844 444 3895 usque
457 3829 492 3880 sd
502 3827 665 3880 Maeotidem
718 3826 791 3894 quod
802 3825 876 3876 dedit
889 3825 1067 3886 Schaeferus,
1086 3822 1182 3872 merito
1193 3823 1259 3872 reie-

135 3893 232 3948 ‹luctam
246 3915 307 3951 esse
321 3901 434 3965 putarit.
718 3903 792 3948 ctum
814 3911 831 3945 e
848 3893 982 3945 Bredorio
1001 3908 1064 3959 pug.
1078 3890 1140 3945 368.
1174 3892 1260 3957 Equi-

164 3956 189 4023 ἐς
199 3959 250 4033 τὴν
257 3966 388 4034 Μαιῆτιν
399 3965 510 4034 λίμνην]
525 3967 603 4033 hpud
613 3969 667 4018 He·
718 3966 778 4017 dem
793 3980 825 4016 ex
843 3979 898 4015 uno
913 3962 1058 4039 librocum
1071 3964 1187 4012 recentt.
1198 3960 1258 4013 edd.

134 4035 246 4087 rodotum
255 4039 416 4104 saepissime
426 4035 667 4101 inveniturMnsti·
718 4036 829 4088 exhibui
839 4024 1092 4097 όντικατιζομενοι,
1109 4030 1180 4096 quod
1189 4031 1259 4081 idem

135 4117 183 4168 tit,
199 4105 222 4169 Ι,
237 4107 295 4160 104.
309 4108 356 4170 IV,
369 4109 403 4161 86
415 4105 474 4172 (ubi
486 4108 566 4158 Ponti
582 4113 668 4157 mater
717 4107 819 4172 legitur
836 4107 875 4167 V,
893 4104 916 4154 1.
946 4102 988 4153 Ad
1004 4101 1170 4152 locutionem
1178 4101 1261 4181 ,Wes-

135 4176 261 4243 tocstur).
280 4177 381 4229 2021.
398 4175 514 4229 57100.
534 4176 592 4227 101.
610 4176 667 4228 110.
719 4175 817 4242 seliug.
833 4175 902 4225 citet
915 4173 967 4236 VI,
981 4173 1023 4223 77.
1037 4170 1151 4233 muoz
1168 4167 1258 4219 αντλοι

137 4240 189 4294 116.
204 4245 252 4297 120
268 4245 332 4298 coll.
344 4246 397 4310 lv,
408 4247 452 4299 45.
467 4245 529 4307 123;
551 4247 667 4311 indeque
719 4242 812 4306 ἵζοντο
826 4246 898 4293 τοῖσι
910 4239 1036 4292 κατιοῦσι
1053 4244 1081 4291 et
1092 4241 1152 4292 sim.

137 4313 210 4364 etiem
223 4314 275 4366 hoc
293 4315 372 4379 loeo,
391 4316 440 4366 ubi
457 4331 549 4367 omnes
562 4315 626 4366 libri
640 4320 668 4366 et
754 4305 861 4364 αότοί
873 4328 907 4362 τε
926 4302 1074 4368 ἐλάσσονες
1086 4299 1259 4373 κτεινόμενοι

137 4383 222 4449 scripti
232 4390 260 4434 et
272 4384 341 4436 editi
352 4385 468 4437 offerunt
478 4383 618 4450 Μαιῶτιν,
627 4401 668 4435 re·
719 4375 876 4449 γινόμεθα]
904 4381 994 4433 Verba
1018 4371 1102 4429 αὐτοί
1119 4392 1163 4441 τε,
1191 4390 1262 4442 quse

138 4453 208 4516 posui
217 4451 354 4520 Μαιῆτιν,
364 4455 595 4507 iubenteBredov.
604 4470 667 4520 pug.
718 4452 801 4519 vulgo
819 4455 948 4514 deerant,
969 4465 1030 4502 cum
1049 4450 1163 4500 recentt.
1183 4446 1260 4497 editt.

1000 4530 1065 4595 19*
