3042 5125
366 403 687 464 MELPOllIENIl.
713 405 767 465 IV.
788 413 920 467 88-90.
1145 403 1206 463 475

99 588 274 678 ἀπικόμενος
294 591 331 661 di
351 594 404 660 ἐπὶ
423 592 551 683 Τεάρου
574 600 726 684 ποταμοῦ
744 593 802 675 τὰς
824 592 931 683 πηγὰς
950 592 1206 683 ἐστρατοπεδεύ-

99 716 164 763 σατο
184 690 300 783 ἡμέρας
314 710 411 783 τρεῖς.
451 693 487 765 Ὁ
511 696 547 766 δὲ
566 702 688 786 Τέαρος
709 702 838 787 λέγεται
857 693 923 766 ὑπὸ
941 702 1009 789 τῶν
1027 706 1207 785 περιοίκων
1215 717 1255 779 90

99 798 169 867 εἶναι
179 803 330 888 ποταμῶν
340 796 488 887 ἄριστος,
502 800 543 869 su'
556 828 591 871 re
604 799 688 871 ἄλλα
698 805 731 883 ἐς
745 800 861 873 ἄκεσιν
870 805 1016 890 φέροντα
1030 804 1086 873 καὶ
1099 800 1139 892 ἂν)
1153 804 1209 873 καὶ

98 1002 130 1049 De
137 999 194 1048 lstri
204 1001 281 1051 ostiis
292 1015 355 1066 pag.
365 1000 478 1065 oli-74,
491 1003 615 1069 idemque
665 1001 819 1068 nerhissar)
833 1008 860 1054 et
865 1006 1029 1055 Sinam-Bere
1039 1001 1106 1068 (vici
1111 1003 1208 1068 Vene),

97 1070 262 1134 pronuntiavit
276 1071 417 1133 Iochmus,
432 1072 500 1123 adeo
514 1078 544 1123 ut
559 1074 615 1124 Da·
665 1073 749 1136 erbis
761 1073 915 1124 coniunctis
928 1072 1000 1123 effici
1011 1073 1145 1123 Herodoti
1157 1075 1209 1124 Te·

97 1140 142 1189 rius
159 1140 246 1191 eodem
270 1139 356 1191 ferme
380 1141 440 1193 loco
457 1143 614 1193 Danubium
665 1159 757 1205 arum,
781 1144 828 1207 qui
845 1144 873 1193 in
885 1143 1085 1193 Coutadesdum
1102 1144 1208 1205 influat,

97 1214 260 1274 bansgressus
282 1216 407 1275 putetur,
434 1228 485 1278 quo
511 1213 614 1264 Russos
664 1213 732 1263 adeo
745 1218 775 1263 ut
784 1213 817 1262 ‹lc
828 1213 942 1279 triginta
954 1218 1016 1264 oeto
1028 1213 1150 1263 lontibus
1161 1212 1209 1263 du·

97 1279 346 1331 auu01828'1'ureis
370 1281 468 1332 bellum
490 1282 614 1333 illaturos
663 1281 806 1332 bitandum
824 1284 947 1345 nonsit,
966 1298 1034 1347 quos
1054 1298 1101 1347 per
1117 1288 1207 1333 aesta-

97 1347 153 1398 lmne
170 1349 275 1398 fluvium
291 1355 376 1415 ponte
392 1351 513 1402 iunctum
533 1354 614 1402 traie-
664 1357 719 1403 tem
733 1367 826 1403 omnes
838 1353 952 1417 frigidos
972 1367 1032 1403 esse
1050 1351 1141 1416 sddit,
1160 1368 1209 1417 per

96 1418 152 1467 cisse
162 1421 321 1483 accepimus:
344 1426 375 1470 tu
388 1421 444 1471 rid.
458 1422 573 1472 Journal
587 1421 618 1472 oi
665 1422 779 1472 hiemem
794 1422 938 1473 nonnullos
954 1423 996 1471 ita
1019 1420 1122 1472 calidos
1141 1422 1209 1485 fieri,

97 1486 132 1535 the
147 1503 198 1551 roy.
215 1490 407 1555 geographica}
431 1493 535 1557 society
552 1492 614 1541 Vol.
665 1496 695 1542 nt
718 1492 767 1541 nix
789 1492 891 1542 iniecta
916 1492 1009 1543 statim
1032 1490 1207 1545 dissolvatur.

96 1556 177 1608 xxlv.
194 1574 255 1621 pag.
272 1560 306 1612 36
326 1576 402 1626 seqq.
420 1576 454 1611 ae
469 1563 616 1626 praecipue
665 1563 742 1612 luter
753 1570 859 1613 veteres
872 1561 976 1611 Plinius
992 1562 1088 1627 utique
1104 1563 1209 1612 Teurmu

95 1641 145 1690 pag.
159 1628 198 1677 47.
221 1629 274 1678 Hie
283 1630 355 1679 enirn
370 1630 412 1679 vir
421 1630 517 1681 doctus
529 1632 557 1680 in
571 1631 614 1679 iti-

94 1697 192 1759 nerario,
204 1698 274 1761 quod
286 1714 359 1748 anuo
370 1699 437 1749 1847
446 1700 512 1749 feeit
523 1702 616 1764 (Jour-

95 1779 136 1828 ney
152 1766 204 1815 into
216 1767 260 1817 the
270 1767 380 1817 Balkan
399 1769 427 1817 in
441 1769 518 1835 1847)
536 1785 614 1819 aceu-

94 1839 142 1883 rate
155 1851 207 1885 cam
224 1837 297 1887 siam
312 1844 473 1902 persecutus
486 1844 543 1901 est,
562 1855 615 1903 qua

95 1904 177 1956 Durius
188 1905 247 1956 olim
260 1924 322 1957 eum
338 1909 460 1958 exercitu
475 1908 614 1972 profectus

96 1977 135 2034 est,
144 1980 217 2040 atque
226 1975 305 2026 huius
320 1977 427 2027 itineris
439 1977 615 2029 directionem

96 2041 205 2094 indicauit
214 2046 241 2095 iu
254 2062 355 2111 mappa
370 2047 493 2110 adiecta,
509 2064 563 2113 qua
574 2053 615 2098 to-

95 2116 139 2160 lum
159 2114 235 2165 hocce
257 2116 310 2165 iter
329 2118 440 2181 egregie
456 2116 616 2169 illustravit.

96 2206 120 2216 -
141 2182 170 2233 In
191 2186 309 2250 proxime
333 2187 559 2237 antecedentibus
580 2187 616 2236 ad

95 2249 233 2304 locutionem
247 2249 301 2304 ἰθὺ
319 2253 370 2303 τοῦ
379 2244 487 2319 Ἴστρου
500 2257 535 2308 cf.
552 2258 616 2307 Bre-

95 2318 144 2371 dor.
158 2339 180 2386 p.
196 2325 255 2384 161,
274 2324 310 2374 ad
322 2326 439 2375 formam
454 2324 529 2375 δυῶν
542 2330 614 2377 nott.

95 2388 247 2444 adHerodot.
265 2396 314 2457 lv,
328 2397 353 2447 1.

121 2512 275 2602 ααιρόμενος
289 2523 320 2579 δὲ
339 2520 386 2580 ἐπὶ
402 2522 513 2594 Τεάρου
529 2543 614 2580 ποτα-

94 2604 136 2651 μου
144 2609 188 2652 τας
199 2592 301 2666 πηγάς)
317 2603 395 2665 Quae
407 2601 453 2650 via
466 2604 494 2650 in
508 2600 615 2650 Tabula

95 2660 284 2731 Peutingeriaua
311 2672 347 2721 ab
378 2670 511 2720 Anchiale
539 2671 616 2721 recti

96 2733 210 2786 meridiem
224 2755 319 2792 versus
341 2742 375 2789 ad
388 2740 548 2790 Perinthum
568 2740 616 2789 du-

96 2800 163 2864 citur,
175 2809 283 2874 antiqua
294 2810 343 2861 illa
356 2815 384 2859 et
397 2811 510 2861 Graecis
523 2810 615 2874 cogni·

96 2872 126 2928 ts,
136 2875 162 2921 et
174 2875 281 2928 Darium
294 2882 465 2946 processisse
477 2879 617 2929 vultMau·

97 2944 150 2990 nert.
163 2943 218 2996 v11.
236 2965 297 3015 pag.
312 2952 380 3010 272,
400 2950 536 3014 Tearique
556 2949 615 2998 fou-

97 3014 127 3056 tes
139 3010 172 3060 ibi
187 3017 315 3082 collocat,
342 3019 388 3069 ubi
409 3023 520 3068 notatur
539 3019 616 3083 oppi-

97 3076 145 3127 dum
158 3084 303 3152 Ill-Surgere,
315 3090 346 3138 in
359 3089 447 3138 media
460 3087 509 3138 illa
521 3089 567 3139 via
580 3089 616 3138 si-

97 3151 148 3198 tum.
166 3153 228 3205 lnde
240 3158 267 3207 in
278 3159 414 3208 Danvillii
425 3174 525 3224 mappa
539 3160 616 3208 Τοανί

96 3230 183 3269 cursum
196 3239 246 3276 non
261 3235 339 3278 recte
355 3228 473 3279 indicari
486 3227 616 3278 observat

664 1632 742 1681 novit
758 1632 832 1682 Hist.
851 1634 916 1681 Nat.
927 1632 978 1691 IV,
992 1631 1039 1692 18,
1062 1631 1090 1681 ll
1110 1646 1144 1680 ae
1157 1630 1210 1680 for·-

665 1705 739 1751 tassc
750 1700 833 1750 etiam
841 1699 1004 1760 Simonides,
1017 1699 1045 1749 in
1059 1701 1137 1751 cuius
1147 1700 1210 1762 Epi-

664 1785 777 1836 gramm.
789 1769 865 1819 xcll
875 1769 925 1835 (al.
940 1768 1053 1829 xcvl),
1070 1770 1081 1818 l
1097 1769 1144 1833 qui
1158 1766 1210 1818 Θε-

664 1838 747 1903 αίρου
761 1838 1017 1889 nomineindicatur
1027 1838 1134 1899 fluvius,
1149 1854 1210 1888 eum

664 1908 717 1958 huc
727 1914 852 1974 spectare
865 1908 973 1958 censuit
981 1907 1210 1958 Reisius.Meiore

665 1978 724 2028 inre
736 1979 788 2028 hue
801 1976 896 2027 retulit
906 1976 1104 2041 Wesselingius
1122 1978 1208 2027 verba

665 2047 777 2097 Libanii
793 2048 822 2096 in
841 2050 910 2097 orat.
930 2044 1058 2097 Antioeb.
1078 2062 1105 2111 p.
1119 2044 1169 2097 346
1185 2047 1209 2097 Α

667 2116 701 2179 (1.
716 2132 742 2181 p.
757 2116 809 2167 696
830 2115 871 2166 ed.
885 2115 1007 2175 Rolano:
1025 2112 1136 2179 Δαρείῳ
1157 2109 1209 2179 μὲν

667 2172 720 2235 οὖν
741 2177 788 2236 ἐπὶ
812 2178 932 2241 Σκύθας
955 2175 1099 2233 ἐλαύνοντι
1125 2183 1208 2233 Ταί-

667 2245 1209 2381 etlffottcostttttit

667 2396 742 2455 ρεῑος
771 2387 873 2459 στήσας
904 2391 985 2442 τοῦτο
1010 2383 1151 2457 ἐνεγράφη
1175 2393 1207 2454 (f.

665 2458 831 2529 ἐνέγραψεν)
861 2453 936 2531 αὐτῷ
957 2460 1102 2529 Ταίναρον
1135 2455 1208 2513 εἶναι

664 2526 792 2599 ποταμὸν
806 2525 962 2585 κάλλιστον,
997 2534 1074 2597 eree
1089 2549 1149 2585 cum
1169 2535 1210 2584 its

665 2606 733 2667 sint,
753 2603 863 2654 Kolster
885 2603 1009 2662 (Jahrbb.
1028 2603 1048 2653 t.
1063 2603 1160 2653 Philol.
1180 2619 1207 2654 u.

664 2675 786 2737 Paedag.
810 2672 906 2735 Suppl.
932 2671 993 2722 Vol.
1010 2672 1090 2725 x111.
1115 2688 1141 2735 p.
1162 2671 1207 2734 64)

665 2745 755 2794 minus
778 2745 852 2792 recte
870 2741 953 2790 Teari
973 2741 1062 2790 fontes
1080 2740 1115 2790 ad
1132 2741 1208 2805 oppi-

666 2814 730 2864 dum
741 2809 941 2873 Kirkkilisselr,
958 2810 1005 2859 ubi
1019 2810 1097 2859 Darii
1110 2811 1206 2873 copiae

666 2881 851 2941 substiterint,
866 2880 989 2944 quaerit,
1002 2879 1145 2944 ipsumque
1157 2881 1208 2928 'le-

665 2968 743 3002 arum
768 2966 839 3001 nunc
865 2965 923 3000 esse
947 2949 1058 2998 fluvium
1079 2951 1209 3000 Teladcre

665 3026 757 3087 putat,
780 3035 857 3085 quem
868 3020 957 3083 ipsum
973 3019 1076 3068 rectius
1089 3019 1124 3068 ad
1135 3024 1209 3069 vete-

665 3107 721 3141 rem
733 3091 842 3140 fluvium
849 3088 985 3139 Artiscum
998 3087 1133 3139 retuleris.
1160 3089 1209 3137 Di·

664 3165 723 3211 stat
743 3164 835 3210 autem
851 3157 1036 3208 Kirklrilisseh
1053 3173 1092 3220 s.,
1113 3161 1144 3208 ut
1159 3156 1208 3207 alii

664 3226 1208 3293 scribunt,Kirkl‹elcsiu,quinqueferme

97 3285 209 3341 Gttlerer.
238 3296 386 3359 (Thraeieu
416 3297 486 3348 nach
509 3295 613 3347 Herod.
663 3300 790 3351 horarum
808 3297 899 3363 spatio
917 3313 934 3347 a
948 3296 1147 3359 Bunsrlrisssr,
1167 3313 1207 3347 se-

97 3359 210 3422 dani?
223 3380 270 3430 seq
283 3365 308 3430 );
328 3368 425 3432 quippe
443 3369 489 3432 qni
508 3366 614 3417 Teurwu
663 3369 847 3435 ptentrionem
867 3372 894 3418 et
914 3366 1081 3417 occidentem
1102 3382 1205 3417 versus.

96 3439 141 3476 tum
149 3429 314 3486 Contadesdo
327 3437 489 3487 confuderit.
515 3437 614 3486 Aucto·
663 3439 798 3503 liquibus
816 3437 860 3488 vel
875 3438 962 3503 magis
979 3435 1113 3500 discedit,
1135 3434 1207 3500 quod

97 3509 118 3543 re
129 3497 175 3549 los.
191 3502 223 3552 de
240 3506 378 3556 llammer.
397 3505 479 3570 (Hist.
502 3506 613 3556 Osmsn.
662 3508 794 3559 traditum
815 3507 909 3558 inveni
924 3508 953 3556 in
972 3507 1011 3557 M.
1027 3507 1130 3556 Heine:
1152 3503 1208 3554 Bil-

96 3562 113 3613 Ῑ·
126 3581 148 3629 P·
162 3570 206 3620 ¹55
217 3579 274 3625 not·
286 3574 352 3638 645)
374 3577 469 3626 Tecmo
480 3592 551 3625 nune
567 3591 613 3624 vo·
665 3580 713 3629 der
723 3593 773 3627 aus
786 3578 812 3627 d:
821 3574 1116 3640 'l'iirlrei(Petersburg.
1131 3573 1205 3624 1833.

97 3639 158 3712 tatur
171 3641 249 3693 Teura
265 3647 316 3704 Su,
331 3646 379 3710 qui
392 3646 421 3695 in
433 3647 614 3696 Conladerdmu
664 3666 691 3714 p.
706 3649 749 3698 tlt.
759 3647 821 3708 50),
838 3647 884 3710 qui
901 3645 991 3695 tontes
1009 3644 1112 3694 calidos
1125 3658 1155 3693 se
1167 3644 1207 3691 in-

96 3705 169 3756 ltfluit
183 3712 239 3762 sive
257 3714 463 3765 Kuriscldurnn.
496 3714 550 3764 Sed
569 3731 615 3779 ap·
663 3718 773 3770 senisse
795 3715 892 3765 scribit
916 3714 965 3764 hos
989 3729 1043 3763 nou
1065 3711 1147 3778 longe
1170 3710 1205 3760 ab

97 3773 247 3833 volutionem
275 3783 380 3834 hancce
412 3786 495 3835 Teura
520 3786 556 3834 Se
584 3799 614 3834 se
663 3786 778 3837 Aehiolo
797 3801 820 3838 s.
840 3783 962 3845 Aneyalo
982 3787 1104 3833 veterum
1128 3779 1159 3846 (i.
1181 3798 1206 3831 e.

96 3846 180 3907 ntltiam
192 3851 218 3899 iu
230 3852 283 3903 hae
295 3854 407 3918 regione
420 3854 558 3904 audivisse
568 3869 614 3904 ue·
665 3872 719 3907 non
730 3856 811 3920 longe
821 3854 856 3903 ab
870 3853 936 3902 urbe
946 3850 1109 3901 Mesembria
1122 3866 1143 3899 s.
1156 3849 1207 3898 Mi-

97 3916 265 3991 antiochum
281 3922 301 3974 l.
316 3923 472 3988 leeg-115,
491 3924 537 3987 qni
554 3923 614 3988 ipse
664 3926 768 3987 serris,
789 3939 861 3988 quae
879 3920 1092 3986 septentrionem
1110 3933 1206 3970 versus

97 3996 118 4029 m
129 3983 250 4040 Herodoti
266 3991 356 4042 locum
372 3993 510 4057 inquirens
522 3993 615 4056 Tomi,
665 3996 720 4046 sita
732 3998 775 4045 est
784 3993 820 4043 ab
833 4007 864 4042 eo
876 3990 946 4055 loeo,
958 3989 1136 4041 ubiIochmns
1146 3988 1207 4038 hos·

96 4065 157 4131 illem
168 4056 318 4112 Herodotus
333 4062 414 4124 dicit,
436 4063 526 4112 tontes
540 4065 615 4113 inve·
665 4080 697 4116 ce
716 4065 806 4114 sontes
823 4062 876 4112 sibi
896 4061 1028 4127 reperisse
1048 4061 1125 4110 risus
1152 4058 1206 4124 est)

96 4124 138 4200 uui
149 4125 202 4178 vult
214 4130 241 4179 in
251 4132 352 4196 oppido
361 4134 535 4183 Bnnurlcissar
546 4138 574 4183 et
586 4132 615 4182 iu
665 4135 700 4185 ad
714 4150 774 4186 eam
785 4134 868 4194 viam,
881 4146 951 4196 qnae
962 4130 998 4180 ad
1007 4130 1097 4180 vicum
1110 4130 1207 4180 Rumo-

97 4203 146 4242 uco
161 4198 233 4258 Verre,
248 4202 295 4267 qni
308 4217 361 4252 uno
374 4201 457 4252 horae
470 4202 561 4265 spatio
575 4218 616 4252 se
665 4205 747 4254 likios
758 4205 849 4264 ducit,
862 4201 910 4252 ubi
925 4202 1008 4252 etiam
1020 4198 1153 4266 quaedam
1163 4215 1208 4250 co·

96 4263 252 4319 tenuiorem
259 4287 355 4323 versus
364 4272 425 4322 inde
435 4271 617 4322 distatUtro-
665 4273 818 4324 lumnarum
831 4289 848 4322 a
861 4272 947 4322 Dario
962 4274 1114 4322 erectarum
1128 4269 1207 4319 visti-

96 4333 201 4391 queloeo
215 4339 314 4391 multos
330 4341 419 4392 adhuc
437 4341 512 4392 cerni
526 4342 616 4393 tontes
666 4345 713 4409 gia
732 4345 807 4394 cerni
832 4347 925 4407 putat:
950 4340 984 4392 de
1009 4355 1062 4406 qno
1082 4339 1207 4405 equidem

96 4401 186 4482 4441)ῑῆ
203 4423 220 4457 a
238 4411 337 4474 quibus
354 4412 401 4474 qui
418 4410 566 4462 formentur
581 4412 616 4461 ri·
665 4413 745 4464 valde
759 4413 867 4474 dubito,
886 4412 921 4461 iis
935 4410 1122 4476 adstipulans,
1137 4423 1207 4475 quae

96 4468 141 4522 nh
161 4475 247 4546 ΒαραΙι
269 4481 423 4534 Βααανσένέ
441 4480 546 4550 (oppidi
560 4482 616 4536 Bu·
665 4483 792 4535 Ioehmus
803 4483 837 4538 de
847 4481 891 4536 his
904 4480 1060 4534 constituit.
