3042 5125
496 401 700 463 THALIA.
721 401 782 462 III.
807 412 848 467 18.
871 411 913 466 19.
1235 397 1275 460 43

134 599 326 665 Αἰθιοπίδα
339 598 512 680 γλῶσσαν·
540 594 578 663 ἐν
595 583 621 688 ᾧ
635 594 674 664 δὲ
686 592 826 672 τούτους
839 590 1017 682 μετήισαν,
1032 592 1189 688 ἐντούτῳ
1202 595 1274 665 έκέ-

133 707 214 768 λευε
228 700 284 768 ἐπὶ
297 695 361 786 τὴν
373 696 576 787 Καρχηδόνα
590 699 707 769 πλέειν
723 695 784 767 τόν
802 693 963 767 ναυτικόν
976 695 1128 784 στρατόν.
1156 705 1274 768 Φοίνι-

132 829 190 884 sao
205 800 244 871 dl
259 798 321 871 οὐκ
339 806 471 889 ἔφασαν
485 799 638 890 ποιήσειν
651 807 773 872 ταῦτα·
801 796 945 890 όριιίοισί
960 826 996 869 τε
1018 797 1083 889 γὰρ
1102 800 1276 888 μεγάλοισι

132 906 357 990 ἐνδεδέσθαι,
383 905 440 974 καί
464 901 527 976 οὐκ
546 899 590 975 όν
616 908 744 976 ποιέειν
763 901 855 990 isso,
880 905 935 974 ἐπὶ
954 900 1035 983 τοὺς
1055 909 1177 983 παῖδας
1198 903 1277 986 τούς

133 1011 274 1080 ἑωυτῶν
294 1007 563 1098 στρατευόμενοι.
607 1016 780 1080 Φοινίκων
798 1007 836 1078 δὲ
849 1005 891 1078 οὐ
911 1009 1130 1098 βουλομένων
1151 1012 1187 1077 oi
1204 1017 1274 1078 tos-

132 1115 192 1184 ποὶ
212 1109 275 1183 οὐκ
289 1109 460 1201 ἀξιόμαχοι
475 1116 637 1200 ἐγίνοντο.
678 1109 905 1201 Καρχηδόνιοι
918 1113 983 1200 μέν
999 1138 1066 1181 νυν
1085 1107 1174 1181 οὕτω
1192 1118 1274 1182 δου-

132 1215 284 1305 λοσόνην
308 1217 474 1304 διέφυγον
500 1214 583 1303 πρὸς
601 1218 773 1306 Περσέων.
814 1214 998 1304 Καμβύσης
1019 1212 1084 1301 γὰρ
1106 1220 1187 1304 βίην
1212 1213 1275 1286 οὐκ

129 1324 289 1391 έδιιιαίου
304 1320 509 1407 προσφέρειν
523 1323 670 1408 Φοίνιξι,
694 1316 744 1390 ότι
759 1321 864 1408 σφέας
877 1346 913 1389 τε
927 1314 1050 1398 αότοός
1064 1316 1275 1391 ἐδεδοίκεσαν

132 1487 233 1553 (Bonn.
250 1486 329 1551 1848)
341 1503 367 1552 p.
380 1485 415 1537 35
430 1502 506 1553 seqq.
530 1489 609 1541 Unde
623 1507 678 1540 ma·
764 1483 813 1537 ιιαὶ
831 1477 883 1536 otia
900 1475 938 1536 όν
954 1484 1061 1536 ποιέειν
1076 1478 1141 1538 όσια
1155 1503 1181 1538 ιι.
1199 1504 1223 1539 τ.
1237 1487 1273 1554 t]

131 1559 264 1609 nitentum
276 1562 327 1617 est,
335 1558 362 1607 in
372 1558 529 1622 regionibus
538 1575 621 1624 supra
629 1559 679 1610 Ae·
731 1559 807 1608 Haeo
817 1558 857 1607 illi
867 1558 960 1608 dieunt
970 1573 1019 1622 pro
1030 1559 1144 1623 antiqno
1156 1557 1275 1610 soloma-

130 1633 249 1695 gyptum
271 1627 344 1678 sinui
360 1627 490 1678 Arabico·
500 1629 629 1692 proximis
649 1633 678 1681 et
730 1643 788 1678 rum
805 1629 872 1688 iure,
890 1643 922 1677 ex
935 1642 990 1692 quo
1003 1643 1058 1677 non
1070 1628 1147 1679 licuit
1157 1629 1219 1679 urbi
1230 1645 1274 1680 oa·

131 1697 280 1750 ostrseius
293 1697 384 1748 t'auees
396 1697 459 1747 sitis
468 1698 546 1749 sedes
554 1699 680 1763 Iohthyo-
730 1697 809 1763 pitali
833 1696 931 1748 bellum
954 1696 1054 1747 inferre
1082 1697 1186 1748 colonis
1207 1700 1274 1762 suis,

131 1768 299 1834 phegormn,
320 1766 559 1832 gentisbarbarse
578 1768 635 1820 iere
651 1775 679 1819 et
731 1783 781 1818 nee
806 1768 842 1818 iis
866 1766 988 1818 vicissim
1009 1767 1161 1833 metropoli.
1198 1771 1274 1832 Quae

131 1838 252 1888 maxime
264 1835 352 1899 rudis,
368 1851 428 1887 esse
441 1839 618 1902 quaerendas.
637 1839 680 1889 Ob
730 1838 802 1887 enim
815 1838 887 1902 apud
898 1837 1018 1888 Graecos
1028 1837 1148 1899 valuere,
1157 1853 1190 1887 ea
1200 1839 1275 1903 apud

131 1906 273 1958 Herodoti
281 1906 364 1956 rerba
372 1907 489 1959 Heeren.
499 1908 517 1956 I.
530 1907 548 1959 l.
558 1923 618 1973 pag.
627 1908 680 1960 349
729 1908 837 1958 Poenos
850 1921 957 1971 quoqne
975 1906 1040 1955 olim
1055 1907 1176 1958 valuisse
1188 1909 1275 1958 eredi-

130 1982 238 2042 partem
253 1976 388 2041 quandam
401 1978 491 2040 gentis
502 1978 529 2026 in
541 1979 680 2042 superiore
729 1976 784 2027 bile
801 1979 852 2028 est.
886 1975 948 2027 Vid.
963 1975 1233 2037 Heeren.Ideeu.II‚
1248 1980 1273 2028 1.

129 2049 261 2113 Aegypto
281 2046 359 2097 sedes
376 2045 506 2098 habuisse
522 2052 623 2099 statuit
639 2051 679 2099 in·
731 2063 757 2111 p.
767 2044 802 2096 29
809 2051 836 2095 et
848 2045 972 2109 inprimis
983 2044 1058 2095 locos
1066 2046 1199 2097 Herodoti
1209 2047 1274 2108 VII,

129 2117 220 2182 deque
230 2115 347 2167 ulterius
363 2116 529 2180 pertinuisse
541 2118 576 2168 ad
591 2118 679 2169 tribus
730 2117 775 2168 51:
792 2115 874 2175 VIII,
887 2117 935 2176 22,
949 2114 1118 2177 Thucydidis
1135 2116 1164 2177 1,
1181 2115 1223 2166 38.
1240 2117 1273 2179 V,

129 2187 261 2251 palantes
277 2186 306 2235 in
318 2185 448 2248 desertis,
466 2202 514 2251 per
525 2203 596 2253 quse
607 2205 678 2240 com·
731 2184 791 2248 106,
808 2184 903 2250 Polyb.
913 2184 976 2246 ΧΠ,
989 2184 1029 2244 10,
1042 2184 1068 2236 3.
1098 2185 1175 2237 iloni.
1187 2185 1216 2237 C.
1227 2187 1273 2239 Fr.

130 2256 265 2306 mercium
280 2256 351 2306 inter
363 2258 514 2320 Aegyptum
528 2262 557 2308 et
567 2258 678 2308 Aethio·
728 2254 1274 2320 Hermann.Lehrbuchd.grieeh.Staats-

129 2328 205 2391 piam
227 2325 298 2388 (sive
317 2326 516 2376 Macrobiorum
539 2327 677 2391 regiones)
729 2324 869 2386 alsense.
877 2324 910 2375 73
920 2330 947 2375 et
955 2327 978 2387 ξ.
986 2327 1020 2375 74
1030 2323 1166 2390 adquart.
1175 2325 1273 2376 Schoe-

130 2398 238 2447 tastum
260 2395 358 2456 fuerit3
379 2395 451 2445 unde
470 2396 531 2447 illos
549 2397 678 2463 Ichthyo·
728 2410 820 2445 mann.
834 2395 946 2460 Antiqq.
960 2395 1074 2446 Graece.
1086 2411 1111 2460 p.
1125 2396 1186 2446 418.
1214 2396 1272 2446 Mo·

130 2466 238 2531 phagos
256 2465 290 2515 ob
306 2464 406 2515 itinera
422 2481 469 2530 per
487 2467 596 2518 deserta
610 2483 677 2519 mer·
728 2481 803 2516 vers:
817 2464 870 2516 Die
882 2463 1010 2515 Phoenis.
1021 2466 1058 2524 11,
1073 2467 1098 2516 2.
1113 2481 1140 2530 p.
1148 2465 1182 2515 aa
1195 2481 1272 2531 seqq.

129 2536 215 2588 eundi
228 2549 314 2587 eausa
327 2534 449 2587 crebrius
465 2535 594 2588 instituta
609 2538 678 2589 utri·
727 2535 849 2586 Laureut
858 2535 979 2593 HistoIre
988 2535 1024 2586 du
1033 2534 1105 2585 droit
1115 2534 1163 2586 des
1173 2550 1240 2601 gens
1250 2535 1272 2588 Ι.

129 2605 678 2729 'diffidatlimittitiitl
727 2604 1275 2739 illinistibizuntinus

128 2752 175 2797 ato
195 2747 355 2811 quaerenti.
375 2761 411 2795 an
432 2746 466 2796 ad
483 2752 608 2812 gentem,
632 2749 677 2799 eui
726 2743 914 2809 thaginienaes
932 2745 1053 2806 se'l'yrii
1072 2744 1158 2793 iuneti
1174 2745 1274 2795 fuerint

129 2832 202 2867 nuno
222 2831 321 2867 nomen
333 2814 453 2875 Adadde,
475 2816 571 2869 inillis
590 2818 679 2883 regio-
728 2829 815 2877 usque
827 2811 862 2863 ad
874 2812 1023 2863 Alexandri
1036 2813 1130 2877 Magni
1145 2818 1273 2877 aetatem,

129 2886 213 2936 nibus
225 2885 315 2936 adhue
326 2884 508 2947 habitantem,
527 2892 555 2938 et
568 2887 630 2939 inde
642 2887 677 2938 ab

128 2956 325 3021 antiquissimo
340 2970 409 3005 aevo
427 2957 561 3007 mercibus
572 2974 621 3022 per
632 2957 678 3007 cle-

129 3031 206 3076 serts
220 3025 444 3090 transportandis
462 3026 597 3088 deditam,
616 3027 677 3078 Ioh-

129 3094 284 3160 thyophagi
315 3095 412 3145 referri
442 3101 553 3160 queant.
598 3096 676 3148 Cani.

128 3167 213 3216 etiam
228 3168 300 3215 nott.
313 3163 349 3214 ad
361 3165 414 3227 111,
430 3166 470 3216 17.
498 3167 539 3218 De
551 3166 677 3230 Ichthyo-

129 3235 246 3301 phagis,
260 3235 307 3298 qui
319 3249 453 3299 perorem
467 3236 599 3299 Arabiae,
612 3236 677 3286 (lsr-

128 3306 253 3365 maniae,
265 3303 413 3356 Gedrosiae
424 3304 460 3356 ad
471 3305 579 3359 Indiam
591 3321 678 3370 usqne

128 3374 258 3425 habitare
280 3373 425 3435 dieantur,
449 3376 544 3426 rotulit
570 3381 679 3439 praeter

127 3442 361 3510 Agatharchidem
375 3443 420 3508 (de
433 3460 486 3509 qno
497 3445 552 3495 vid.
566 3446 679 3497 Frieten

127 3514 147 3565 l.
164 3514 183 3563 I.
203 3529 230 3579 p.
247 3511 293 3578 33)
309 3513 431 3579 aliosque
448 3530 465 3563 a
478 3515 608 3565 Muellero
625 3516 643 3565 l.
657 3516 676 3568 I.

127 3583 234 3634 allatos
252 3583 375 3645 inprimis
391 3584 499 3634 Arrian.
515 3585 620 3637 Indieo.
635 3586 676 3637 26.

128 3652 164 3703 28
184 3669 246 3717 seq.
266 3652 298 3702 ³1
319 3669 375 3717 seq.
391 3680 425 3689 —
450 3655 491 3705 De
514 3657 679 3720 Elephantine

128 3723 205 3773 conf.
219 3726 290 3775 nott.
304 3722 340 3772 ad
351 3722 388 3784 ΙΙ,
404 3724 445 3776 17.

164 3782 198 3841 ἒν
209 3777 233 3840 (ό
245 3785 277 3841 δὲ
288 3781 597 3869 τούτουςθμετήϊσαν]
610 3793 677 3842 For-

127 3877 202 3912 mam
210 3861 335 3912 Ionicum
344 3867 479 3926 μετηϊσαν
488 3862 678 3912 restituitVal-

127 3931 227 3991 elren,
250 3947 328 3996 quem
341 3946 410 3981 reso.
426 3931 487 3982 edd.
501 3933 589 3983 secuti
604 3935 676 3983 sunt.

126 4001 194 4051 Vid.
207 4001 325 4051 Bredor.
339 4017 365 4064 p.
380 4000 432 4052 409
444 4006 473 4052 et
486 4002 551 4052 Her.
566 4001 623 4060 111,
637 4002 677 4051 14.

128 4071 172 4123 28.
206 4070 249 4120 Ad
269 4070 495 4136 significationem
521 4076 594 4120 reete
615 4070 678 4120 Val-

128 4141 226 4193 ehem:
239 4141 317 4199 ,δατ
326 4143 363 4193 οδ
371 4144 433 4192 istos
441 4143 609 4192 arcessendos
615 4158 679 4206 pro·

126 4211 339 4274 ficdcedantur‘ss
365 4210 434 4259 Nam
446 4205 569 4274 μετιέναι
581 4227 603 4260 s.
617 4224 678 4271 μετ-

130 4273 267 4343 έρχεσθαι
280 4278 357 4329 valet
366 4297 508 4335 arcessere,
520 4282 559 4330 irs
569 4281 678 4340 oeulos,

130 4354 263 4412 utsupra
284 4348 342 4408 111,
358 4349 396 4399 15.
412 4349 455 4398 28.
475 4348 581 4409 1x,33.
603 4348 679 4399 Wes-

132 4417 265 4483 selingius
279 4418 412 4468 exeitarit
425 4418 552 4469 Strabou.
565 4418 638 4468 XIV.
652 4435 678 4482 p.

132 4487 213 4541 suos
228 4486 290 4539 sire
301 4486 350 4566 tifil
360 4488 391 4539 B.
405 4492 433 4540 et
444 4488 503 4538 XV.
518 4503 543 4553 p.
557 4488 616 4538 714.

729 2884 775 2933 eui
786 2882 865 2948 Tyrii
877 2898 937 2933 eam
950 2883 983 2932 ob
995 2897 1107 2932 eausam
1118 2887 1175 2932 tam
1190 2882 1274 2933 obsti-

729 2957 794 3003 nate
805 2952 942 3003 restitisse
954 2950 1090 3013 videntur,
1101 2952 1173 3016 quod
1184 2967 1201 3002 a
1211 2953 1274 3003 (lar-

728 3022 956 3087 thaginiensibus‚
968 3021 1072 3073 colonis
1084 3021 1141 3072 suis
1154 3026 1182 3071 et
1193 3024 1274 3087 quasi

727 3091 805 3154 filiis,
826 3092 1208 3157 auxiliumexspeetarerant.
1237 3094 1275 3143 Et

728 3167 826 3227 postea
848 3177 954 3226 quoqne
977 3162 1047 3212 hano
1070 3162 1204 3213 rationem
1224 3178 1273 3213 va·

727 3232 831 3293 luisse,
855 3233 1021 3283 Hannibalis
1044 3231 1194 3296 exemplum
1224 3248 1273 3283 nos

730 3303 928 3366 quodammodo
938 3302 1035 3354 docere
1045 3307 1145 3368 potest,
1152 3303 1198 3366 qni
1208 3303 1273 3353 Car-

728 3371 839 3438 thagine
857 3372 965 3437 fugiens
981 3375 1082 3438 Tyrum
1104 3386 1134 3423 se
1152 3371 1272 3438 legatum

729 3457 790 3493 esse
811 3442 924 3492 missum
947 3443 1068 3504 diceret,
1103 3447 1174 3493 teste
1192 3443 1273 3493 Livio

729 3511 863 3567 XXXIII.
879 3512 922 3561 48.

764 3574 806 3632 ότι
825 3574 912 3643 σφέας
933 3595 960 3629 τε
977 3570 1079 3637 αὐτοὺς
1101 3570 1274 3629 ἐδεδώκεσαν

730 3646 869 3716 Πέρσησι]
905 3649 1017 3713 Colligit
1042 3651 1106 3701 Inde
1135 3651 1181 3700 Fr.
1209 3649 1272 3700 Chr.

731 3721 881 3772 Sohlosser.
914 3719 1144 3783 (Universalhist.
1172 3719 1272 3769 Ueber·

728 3790 800 3841 sicht
818 3794 870 3840 ete.
892 3790 919 3849 1,
941 3792 964 3841 I.
982 3804 1008 3854 p.
1028 3788 1119 3851 eeu),
1162 3790 1273 3851 Tyrum,

728 3876 810 3926 quam
831 3862 931 3910 Persas
955 3874 1015 3909 ease
1042 3873 1188 3922 aggressos
1210 3873 1273 3907 nus·

728 3945 810 3996 qnam
831 3928 947 3981 relatum
965 3928 1130 3988 invenimus,
1153 3927 1224 3976 ultro
1246 3929 1274 3975 in

729 4004 893 4064 potestatem
905 4000 1050 4050 Persarum
1068 3997 1193 4049 cessisse.
1217 3997 1274 4046 Nee

729 4070 817 4135 magis
828 4069 944 4119 relatum
958 4067 1124 4127 invenimus,
1146 4083 1198 4131 quo
1210 4072 1275 4117 tem-

729 4155 796 4203 pore
814 4138 963 4189 Phoeuioes
982 4138 1074 4188 Persis
1090 4152 1119 4187 se
1139 4136 1273 4189 dederint.

731 4209 810 4270 Quod
827 4224 888 4259 eum
906 4207 990 4272 vulgo
1014 4208 1050 4258 ad
1069 4208 1133 4272 Cyri
1152 4212 1275 4272 tempora

729 4278 884 4339 reliciatur,
904 4278 991 4342 magis
1010 4276 1151 4342 probabile
1168 4279 1275 4328 videtur

729 4346 902 4401 Dahlmanno
930 4347 1078 4411 (Herodot.
1102 4362 1128 4412 p.
1150 4346 1217 4408 151)
1239 4345 1275 4394 ad

731 4417 875 4484 Cambysis
885 4422 1009 4482 tempora
1020 4417 1136 4477 referre,
1152 4416 1213 4480 qui,
1228 4429 1274 4462 an·

731 4491 841 4552 tequam
859 4487 887 4536 in
904 4489 1056 4552 Aegyptum
1074 4485 1275 4551 expeditionem
