3042 5125
234 305 292 366 lto

671 297 935 360 HllRODOTl

232 516 346 584 γασται
364 493 442 581 νηὸς
456 491 608 582 μέγιστος
623 489 759 559 πάντων
773 493 864 577 νηῶν
880 491 947 556 τῶν
961 483 1054 575 ἡμεῖς
1068 490 1191 574 ἴδμεν,
1213 489 1276 553 τοῦ
1288 480 1377 570 ἀρχι-

232 695 288 745 tsre
310 697 428 758 aequata
450 691 524 752 siut,
552 695 582 740 ut
607 689 672 741 uih'd
700 690 774 740 aliud

232 764 350 814 emineat
362 762 415 812 nisi
426 776 481 811 una
492 761 618 811 columne
628 776 679 811 nec
691 776 723 811 ea
734 761 773 810 in-

233 839 319 898 tegra,
333 835 361 881 et
370 830 478 896 aliquot
489 830 570 880 bases
580 846 613 880 uc
624 835 717 895 partes
730 846 774 880 co·

230 902 384 953 lamnarum
399 899 640 961 summissione,
661 915 774 965 quarum

232 970 349 1037 effigiem
363 968 717 1020 exhibueruntTournefort
728 969 773 1019 1.1.

233 1055 295 1106 pag.
310 1038 368 1101 1112,
377 1041 504 1088 auctores
514 1036 660 1102 Antiquitt.
671 1039 775 1089 Ionicc.

233 1111 255 1160 1.
273 1109 351 1174 chop.
366 1110 399 1158 V.
411 1107 454 1158 Pl.
466 1109 492 1157 2.
507 1110 534 1156 11
548 1121 623 1171 seqq.
637 1107 776 1158 0111111111-

233 1177 353 1231 Gouitior
366 1179 478 1241 Voysge
490 1179 543 1224 etc.
557 1175 680 1238 1.cap.ii.
695 1192 720 1240 p.
730 1177 774 1228 119.

233 1247 273 1298 Pl.
286 1247 319 1298 53
330 1263 388 1311 seq.
413 1244 482 1295 tud.
498 1243 628 1294 1111111.
647 1260 710 1308 pag.
728 1245 775 1294 113

235 1332 305 1382 seq„
325 1316 419 1380 quiex
434 1313 535 1364 Hercei
551 1314 664 1363 materia
682 1314 777 1363 ablata

235 1385 304 1435 dicit
317 1388 458 1434 exstructa
475 1399 536 1433 esse
551 1383 643 1432 omnia
662 1384 777 1433 circnm—

235 1456 308 1505 circa
319 1452 446 1504 aedificia
465 1468 612 1518 omnesque
625 1467 731 1512 muros,
749 1456 777 1501 et

235 1522 336 1576 Gue'rin
346 1524 363 1573 1.
373 1523 390 1573 1.
398 1538 425 1587 p.
434 1523 484 1572 215
496 1537 564 1587 seq,
578 1521 664 1587 quiet
677 1522 737 1586 ipse
749 1524 776 1570 iu

235 1593 336 1644 Hercei
348 1592 467 1657 vestigia
481 1596 610 1641 accurate
623 1591 777 1656 inquisivit.

235 1662 323 1713 Situm
343 1661 410 1712 illud
432 1661 485 1711 luit
510 1663 537 1710 in
557 1659 652 1712 eadem
671 1658 777 1711 insulae

235 1730 778 1795 orameridionali‚adquamipsaSamus

235 1802 299 1853 urbs
312 1801 436 1862 iacebat,
456 1800 527 1850 uude
540 1814 667 1850 occasum
683 1815 778 1850 versus

235 1869 417 1936 proficiscenti
436 1886 469 1920 ac
489 1870 554 1919 litus
572 1869 677 1934 legenti
696 1869 778 1921 unius

234 1941 317 1992 horae
327 1940 424 1990 itinere
434 1940 557 1990 distabat
563 1940 709 1999 Heraeum,
716 1938 778 1989 loco

236 2009 365 2061 inferiore
379 2009 506 2060 ducentis
522 2008 607 2059 ferme
619 2009 746 2073 passibus
760 2024 777 2058 a

236 2081 304 2132 mari
318 2083 486 2130 exstructum
499 2093 586 2144 neque
599 2079 679 2129 valde
693 2094 778 2129 remo-

235 2155 292 2200 tum
305 2149 340 2199 sb
348 2149 472 2199 Imbraso
484 2149 576 2209 fluvio,
586 2149 632 2198 cui
645 2163 716 2197 nunc
730 2165 777 2198 no·

236 2234 296 2268 men
321 2217 458 2282 Daphnis.
496 2218 576 2279 Quod
604 2233 668 2269 vero
691 2216 721 2267 C.
743 2217 776 2267 Ο.

235 2285 350 2338 Mueller
372 2284 493 2350 (Hondb.
510 2287 535 2336 d.
551 2285 730 2348 Archaeolog.
751 2290 775 2347 §-

235 2353 392 2418 11131111.
417 2358 442 2418 ς.
455 2355 503 2416 53,
523 2353 551 2418 2)
578 2356 629 2406 hoc
648 2355 776 2420 templum

235 2428 378 2487 tantopere
412 2422 578 2474 celebratum
611 2426 777 2476 successisse

234 2492 294 2544 vult
307 2490 462 2559 Polycratis
477 2496 569 2543 aetate
583 2494 612 2543 in
627 2494 716 2544 locum
730 2512 777 2545 an·

233 2564 363 2630 tiquioris
394 2561 488 2629 templi
512 2564 627 2621 Dorici,
662 2566 735 2630 quod
762 2583 779 2616 a

234 2632 344 2685 Rhoeco
368 2637 396 2684 et
419 2632 564 2683 Theodoro
590 2634 665 2684 circe
687 2634 778 2699 Olym-

235 2703 309 2769 pisd.
320 2702 369 2752 XL
379 2704 409 2766 (i.
420 2718 442 2753 1.
454 2703 506 2755 oto
518 2706 583 2754 ante
594 2703 655 2754 Chr.
669 2706 709 2768 n.)
720 2706 778 2756 fue-

233 2774 270 2825 rit
281 2775 459 2833 erstruotum‚
473 2773 501 2824 id
515 2773 609 2839 utique
623 2790 639 2823 a
652 2791 718 2826 vero
731 2777 779 2826 ab·

233 2843 325 2895 horret
351 2858 438 2908 neque
466 2859 525 2894 cum
550 2844 618 2908 ipsis
644 2844 778 2896 Herodoti

233 2912 325 2965 verbis
353 2928 471 2978 unquam
497 2913 642 2964 conciliari
668 2915 777 2978 poterit.

236 2981 371 3035 Herodoti
389 2983 460 3032 enim
479 2983 576 3033 verba:
604 2980 653 3030 rod
671 2977 778 3047 ἁρχιτέ-

233 3065 306 3099 κτων
327 3048 458 3114 πρῶτος
476 3040 582 3113 ἐγένετο
602 3041 713 3109 Ῥοῖκος
729 3051 778 3101 Φί-

235 3118 777 3186 iem‚eaindicarevidentur‚queeipsius

233 3187 387 3238 Thierschii
397 3188 415 3239 1.
427 3189 444 3239 l.
466 3205 526 3253 pag.
551 3190 600 3241 185
623 3190 715 3241 verbis
736 3206 776 3240 re-

233 3257 304 3307 ferre
317 3256 464 3307 malumus:
486 3259 570 3319 „dass
586 3258 712 3311 Rhoecus
724 3261 776 3310 den

232 3327 301 3381 Plan
317 3325 443 3392 gemacht
463 3328 518 3377 und
532 3328 584 3378 deu
597 3329 657 3379 Bau
674 3330 776 3396 begon-

233 3412 300 3457 usu,
321 3395 391 3445 nach
411 3395 466 3444 ihm
484 3397 549 3447 aber
568 3397 690 3460 tudere,
711 3399 776 3450 oder

234 3466 398 3530 ivenigstens
417 3465 461 3515 eiu
474 3464 595 3516 Auderer
611 3468 658 3518 ibn
671 3468 775 3536 t'ortge-

234 3538 305 3584 setzt
335 3534 389 3584 und
415 3532 585 3586 vollendet.“
626 3537 684 3589 Iam
710 3556 775 3591 vero

234 3605 358 3655 Rhoecum
376 3602 450 3652 illum
467 3602 501 3652 ad
516 3604 706 3670 Olympiadum
725 3610 775 3660 ini·

233 3675 288 3731 tis.
314 3672 398 3737 igitur·
424 3671 506 3723 multo
530 3678 596 3724 ante
621 3676 775 3742 Polycratis

233 3747 366 3805 aetatem,
388 3743 523 3808 pertinere
544 3745 660 3796 maxime
678 3750 774 3812 proba-

232 3813 296 3863 bilis
304 3818 346 3864 est
356 3812 501 3875 sententia,
512 3812 675 3878 obloquente
682 3832 774 3881 quam-

232 3884 274 3933 vis
286 3882 426 3934 Pauofka:
451 3884 579 3934 Samiorr.
593 3899 637 3935 res
657 3901 719 3950 pag.
730 3888 773 3939 51.

232 3954 275 4002 58.
298 3951 377 4002 Coni.
401 3967 483 4017 supra
507 3958 574 4002 nott.
599 3952 634 4003 ed
656 3955 712 4017 111,
731 3957 774 4006 tl.

232 4023 327 4085 ltaque
352 4022 480 4087 templum
503 4037 519 4071 a
541 4023 648 4074 Rhoeco
671 4028 775 4076 exstrui

232 4093 372 4154 coeptum,
399 4096 493 4154 postea
516 4093 702 4144 crescentibus
727 4095 775 4145 Sa·

232 4160 344 4208 miorum
380 4159 460 4211 rebus
491 4162 590 4211 sensim
623 4164 775 4230 sensimque

231 4227 381 4292 perfectum
394 4228 478 4279 luisse
490 4234 592 4295 putem,
606 4237 636 4282 ut
645 4233 774 4298 Polycra-

232 4299 268 4348 tis
281 4300 413 4362 tempore,
426 4314 480 4362 quo
493 4299 553 4363 ipso
563 4301 716 4354 Samiorum
730 4321 773 4355 res

231 4367 346 4419 maxime
361 4368 484 4421 floruisse
503 4370 632 4421 credibile
653 4378 709 4437 est,
727 4373 775 4424 ab·

824 688 942 741 solutum
958 686 1047 738 videri
1062 685 1198 753 potuerit.
1230 685 1303 734 Nam
1320 687 1380 749 post

825 758 979 823 Polycratis
1005 761 1128 808 aetatem
1153 752 1295 818 templum
1321 768 1379 818 per·

826 830 927 879 lectum
947 827 1033 878 fuisse
1057 834 1087 877 ut
1108 825 1247 884 credam,
1273 822 1379 873 minime

826 897 926 949 adduci
946 912 1069 962 possum,
1096 896 1205 962 quippe
1228 893 1380 944 Samiorum
1477 899 1478 918 ³

825 969 906 1018 rebus
923 967 1134 1031 tunctemporis
1159 965 1219 1014 iam
1238 962 1336 1013 fractis
1350 977 1380 1012 ae
1477 1005 1478 1030 q

827 1036 983 1089 deminutis.
1005 1035 1084 1087 Conf.
1097 1032 1248 1085 Thierach.
1259 1031 1304 1084 1.1.
1325 1033 1380 1083 Nee

827 1107 907 1157 aliter
917 1105 1006 1155 medio
1017 1121 1096 1166 aevo,
1107 1102 1185 1169 quod
1197 1102 1296 1153 dicunt
1318 1108 1380 1151 tenr-

827 1176 873 1241 pla
883 1174 948 1236 11111,
962 1190 1032 1239 quae
1043 1175 1234 1232 admiramur,
1248 1170 1381 1236 amplissi-

828 1261 872 1294 ma
893 1259 926 1293 ac
947 1243 1176 1308 splendidissima
1200 1258 1251 1307 per·
1273 1241 1380 1292 Itelism
1477 1251 1478 1282 1

829 1312 1034 1363 Germaniamve
1066 1312 1220 1362 multorum
1250 1326 1380 1361 annornm

828 1381 951 1445 adeoque
977 1381 1131 1431 seculorum
1160 1396 1213 1445 per
1237 1382 1378 1432 decursum

829 1454 969 1502 exstructa
981 1453 1009 1499 et
1022 1466 1056 1500 ne
1069 1451 1108 1500 sic
1126 1448 1242 1515 quidem
1261 1451 1379 1514 perlecta
1477 1503 1478 1534 ἢ

829 1521 929 1580 irrisae,
949 1519 1010 1584 quis
1027 1519 1130 1584 estqui
1144 1519 1279 1569 nesciat?
1304 1520 1379 1569 Hanc

829 1589 994 1642 sententiam
1021 1589 1178 1653 probarunt
1215 1588 1270 1637 riri
1300 1588 1378 1646 docti,
1477 1649 1478 1654 ¹

828 1660 875 1725 qui
894 1673 978 1722 nuper
994 1657 1107 1708 eandem
1127 1657 1326 1723 quaestionem
1339 1656 1380 1706 de·

830 1746 883 1779 uuo
907 1732 1111 1792 pertractarunt
1131 1731 1220 1792 atque
1244 1726 1315 1776 satis
1338 1726 1379 1776 de·

830 1802 1030 1859 monstrarunt,
1044 1797 1077 1848 de
1090 1813 1145 1847 uno
1158 1795 1265 1861 templo
1277 1801 1379 1846 tautum

829 1885 888 1919 esse
901 1866 1074 1932 cogitandum
1086 1867 1170 1932 idque
1182 1866 1306 1917 omnium
1317 1870 1380 1914 tem·
1477 1911 1478 1934 ¹

829 1938 936 2003 plorum
950 1937 1061 1988 lonicae
1080 1943 1245 1987 structurae
1261 1950 1321 1987 esse
1336 1949 1379 1983 an·
1477 1979 1478 1986 ,

830 2007 1030 2072 tiquissimum,
1052 2022 1069 2057 a
1080 2006 1194 2058 Rhoeco
1209 2010 1317 2056 mature
1329 2004 1378 2053 iam

830 2077 936 2128 exstrui
959 2081 1085 2141 coeptum
1113 2081 1141 2127 et
1168 2075 1317 2143 postmodo
1342 2074 1379 2122 ita

828 2148 989 2214 perfectum,
1003 2151 1033 2197 ut
1046 2145 1117 2196 benc
1131 2147 1251 2197 Ionicae
1265 2147 1377 2195 structu-
1477 2175 1478 2182 .

829 2233 876 2267 rae
888 2217 1003 2267 formam
1019 2216 1183 2280 retinuerit,
1205 2230 1268 2267 cum
1280 2212 1377 2264 nullum
1477 2231 1478 2276 3

829 2288 951 2352 supersit
962 2287 1120 2351 vestigium,
1134 2302 1168 2338 ex
1181 2302 1238 2351 quo
1252 2283 1373 2349 colliges.
1477 2315 1478 2352 ;

828 2362 882 2408 tem
886 2355 959 2421 plum
966 2357 1069 2406 Dorico
1078 2371 1178 2421 genere
1193 2354 1321 2421 primitus
1332 2369 1373 2403 ex·
1477 2359 1478 2398 1

828 2431 962 2477 structum
987 2430 1083 2490 postea
1107 2441 1169 2477 eam
1201 2424 1375 2475 mutationem
1477 2431 1478 2434 ’

829 2495 1086 2558 subiisse‚uttotins
1095 2495 1188 2561 operis
1196 2494 1376 2545 delineatione
1477 2513 1478 2565 p

830 2571 937 2617 mutata
947 2566 1069 2618 ionicam
1086 2570 1259 2617 structuram
1277 2577 1375 2614 assum·
1477 2588 1478 2619 3

829 2628 1376 2701 pserit3nequeetiumipsisPersicisbel·
1477 2630 1478 2653 ³

830 2707 864 2757 lis
878 2704 1007 2771 templum
1017 2705 1060 2757 vel
1071 2706 1094 2755 si
1106 2705 1152 2756 hic
1161 2705 1223 2755 illic
1236 2703 1373 2755 detrimen·

830 2781 859 2825 ta
879 2776 1012 2841 quaedam
1028 2790 1140 2841 passum
1157 2791 1221 2826 esse
1238 2772 1374 2840 perhibet·

830 2851 887 2909 tur,
904 2846 1023 2896 dirutum
1036 2852 1225 2897 anteversum
1238 2859 1299 2895 esse
1315 2856 1374 2891 oon·

830 2920 897 2965 stat.
927 2914 988 2966 Vid.
1006 2914 1102 2965 Starls:
1122 2913 1306 2977 Archaeelog.
1317 2910 1372 2961 Stu-

830 2986 893 3036 dien
913 2983 1049 3047 (Wetulur
1066 2984 1148 3049 1852)
1171 3000 1237 3050 pag.
1260 2981 1291 3033 13
1308 2995 1371 3043 sequ

830 3053 940 3106 Urlichs
953 3056 995 3105 in:
1011 3054 1107 3105 Rhein.
1124 3055 1197 3105 Mus.
1207 3054 1242 3105 N.
1255 3052 1288 3104 T.
1302 3050 1334 3099 X.
1346 3063 1369 3112 p.

830 3123 846 3171 3
860 3140 937 3189 seqq.
967 3124 1019 3186 Qui
1036 3124 1107 3174 idem
1120 3123 1139 3175 1.
1149 3123 1166 3173 1.
1180 3125 1308 3175 recenset
1319 3118 1368 3171 sin·

830 3193 893 3255 gula
913 3193 1000 3247 dona.
1021 3209 1091 3258 qnae
1107 3194 1134 3244 iu
1147 3194 1200 3244 hoc
1217 3190 1317 3258 templo
1328 3203 1370 3253 po·

828 3264 883 3312 sita
906 3268 1153 3315 commemorantur
1177 3264 1213 3314 ab
1235 3258 1369 3312 Herodoto

828 3331 868 3393 (1,
881 3332 922 3382 70.
936 3333 979 3393 Il,
995 3332 1053 3383 182.
1067 3334 1125 3395 ΙΙΙ,
1137 3335 1180 3384 41.
1194 3333 1253 3385 123.
1265 3331 1317 3393 IV,
1328 3326 1367 3377 88.

832 3399 905 3465 152),
930 3408 1050 3467 apteque
1070 3404 1153 3453 etism
1177 3418 1210 3453 ex
1236 3402 1369 3466 ipseper·

828 3471 896 3522 lecti
911 3460 1096 3537 (ἐξέργασται)
1115 3488 1166 3523 usn
1181 3471 1274 3536 colligi
1292 3481 1367 3533 posse

827 3545 916 3606 putat,
927 3542 1201 3606 ipsuchrodotum‚
1215 3534 1368 3608 qucmSami

827 3610 930 3661 diutins
943 3617 1138 3662 commoratum
1151 3627 1212 3664 esse
1225 3623 1307 3675 snpra
1317 3620 1367 3655 mo·

826 3681 949 3743 nuimus,
970 3681 1021 3731 hoc
1040 3681 1135 3746 templi
1152 3698 1236 3747 opus,
1256 3675 1365 3745 quoles

826 3749 935 3800 Rhoeco
960 3755 1124 3802 exstructum
1152 3752 1222 3814 11111,
1250 3749 1305 3799 suis
1329 3742 1365 3791 vi-

826 3820 900 3871 disse
924 3818 1011 3871 111111
1032 3821 1114 3887 idque
1137 3824 1211 3873 certe
1233 3816 1366 3871 declarare

824 3889 954 3952 voluisse,
968 3890 1109 3956 templum,
1122 3890 1203 3956 qusle
1217 3888 1336 3956 primitus
1348 3896 1363 3930 s

825 3958 935 4017 Rhoeco
960 3964 1127 4011 exstructum
1156 3967 1211 4024 est,
1242 3957 1296 4008 tale
1319 3965 1363 4004 sut

827 4029 914 4093 ipsius
932 4034 1025 4082 aetate
1038 4029 1127 4082 adhue
1145 4031 1222 4081 cerni
1233 4041 1316 4093 neque
1329 4019 1362 4071 ul·

826 4098 879 4148 laur
894 4098 1011 4151 subiisse
1024 4101 1204 4152 mutationem
1215 4099 1276 4149 inde
1289 4106 1361 4158 spri-

828 4183 871 4217 ma
881 4168 1072 4222 aedificatione
1084 4187 1132 4236 per
1143 4171 1279 4221 Rhoecum
1291 4158 1362 4213 insti-

826 4241 895 4289 tuta.
909 4266 941 4274 —
951 4240 994 4289 De
1006 4240 1084 4290 donis
1100 4240 1167 4302 11111,
1180 4253 1250 4305 quae
1260 4235 1359 4286 Heraeo

825 4308 1051 4370 continebantur,
1073 4309 1106 4361 ds
1127 4325 1225 4375 magua
1245 4303 1303 4356 auri
1321 4313 1359 4348 tr·

825 4377 954 4444 gentique
977 4379 1056 4443 copia
1077 4379 1112 4429 ed
1138 4377 1262 4444 Appuleii
1282 4380 1360 4434 nsque
