3042 5125
477 375 683 439 THALIA.
704 376 765 437 III.
788 387 832 439 55.
854 385 898 439 56.
1195 375 1256 437 109

117 566 287 658 ταιότερος
307 564 405 655 λόγος
425 564 590 659 ὥρμηται,
613 568 742 654 λέγεται
765 564 984 655 Πολυκράτεα
1004 563 1181 657 ἐπιχώριον
1200 566 1256 636 νόκ

117 693 224 760 μισμα
239 670 391 753 κόψαντα
406 668 531 740 πολλὸν
543 676 723 761 μολίβδου,
738 667 1039 759 καταχρυσώσαντα
1054 677 1177 741 δοῦναί
1186 691 1258 761 σφι,

118 774 195 855 τοὺς
213 775 251 843 δὲ
266 778 469 864 δεξαμένους
481 772 570 844 οὕτω
590 771 632 862 δὴ
645 770 929 843 ἀπαλλάσσεσθαι.
976 771 1109 865 Ταύτην
1124 773 1260 868 πρώτην

119 886 303 969 στρατηΐην
315 882 349 959 ἐς
365 876 427 968 τὴν
442 876 554 967 Ἀσίην
568 877 827 967 Λακεδαιμόνιοι
842 877 989 966 Δωριέες
1005 877 1211 970 ἐποιήσαντο.

119 1059 173 1106 ται,
186 1038 304 1111 λέγεται]
322 1045 341 1095 i.
349 1060 374 1096 e.
382 1045 417 1096 ad
428 1045 666 1097 verbumtuteero
717 1046 830 1112 stimes,
856 1051 926 1100 satis
952 1064 1011 1100 esse
1038 1053 1153 1114 possunt
1179 1046 1261 1097 docu-

116 1116 201 1177 [τίετε
216 1115 306 1177 [ονιιιτ
327 1132 414 1166 monor
431 1131 455 1166 s.
471 1116 556 1177 smne,
571 1116 665 1174 σιίταιε,
717 1121 825 1183 mento,
850 1134 931 1184 quam
954 1119 1015 1169 ami
1037 1133 1124 1184 egena
1149 1118 1262 1182 aurique

119 1185 192 1246 sive,
218 1190 251 1233 nt
277 1183 428 1249 Schweigh.
456 1186 666 1250 interpretatur:
717 1188 911 1252 propemodum
933 1187 1021 1239 inscia
1047 1195 1104 1238 tum
1129 1187 1261 1252 temporis

119 1254 230 1315 „sei-tm
247 1263 329 1304 autes
349 1254 433 1317 saraa,
457 1263 548 1305 temere
570 1256 667 1319 quidem
717 1257 802 1306 fuerit
823 1257 954 1321 Graecia,
980 1258 1004 1308 si
1025 1257 1184 1323 Polycrates
1209 1255 1261 1305 hoc

118 1339 229 1388 sperae,
244 1341 310 1390 quac
323 1326 391 1374 ait.“
415 1324 570 1389 Displicent
582 1323 668 1374 verba
718 1326 798 1376 ruodo
817 1326 961 1393 Spartanis
987 1328 1139 1392 imponere,
1166 1330 1215 1377 ant
1238 1326 1261 1374 si

120 1392 433 1472 GraecaWesselingio',
448 1395 492 1443 cui
505 1393 548 1445 rel
561 1386 667 1455 λέγεται
718 1398 828 1446 omnino
848 1396 1001 1449 istiusmodi
1025 1397 1120 1448 fabula
1140 1397 1205 1448 oriri
1228 1409 1261 1445 ac

121 1478 174 1526 ηαρ
188 1462 233 1513 vel
251 1456 381 1529 ὅρμηται
397 1463 529 1526 λεηεοθαι
546 1462 668 1513 scriben-
718 1467 812 1531 spargi
824 1468 952 1532 potuerit,
965 1467 1126 1532 praesertim
1139 1482 1200 1518 cum
1213 1464 1261 1515 du-

120 1533 183 1583 dum
195 1532 319 1595 videtur,
332 1536 364 1583 ut
375 1533 422 1596 lv,
443 1533 483 1584 16.
494 1533 543 1596 vl,
555 1530 589 1582 86
605 1530 667 1583 coll.
718 1536 782 1585 dnm
793 1537 820 1585 in
830 1535 919 1602 Lydia
928 1540 1004 1587 aurei
1015 1537 1178 1588 cuderentur
1188 1535 1262 1586 numi

118 1604 152 1665 V,
164 1603 208 1654 56.
234 1603 296 1664 Quo
308 1607 404 1653 neutro
419 1618 487 1667 opus
501 1616 562 1668 esse
575 1606 669 1652 censet
692 1635 694 1642 ·
719 1604 765 1670 (de
781 1606 880 1671 quibus
894 1607 929 1656 cs.
945 1611 1015 1657 nott.
1030 1606 1098 1669 adl,
1111 1606 1166 1670 94).
1193 1604 1262 1655 Con-

120 1671 289 1738 schweigh..
311 1688 371 1724 cum
385 1671 529 1748 plene'hic
545 1671 669 1723 invenie-
720 1674 769 1725 ter.
779 1675 898 1726 Boeckh.
909 1676 1093 1727 inOeconom.
1103 1675 1262 1727 Atheniens.

121 1749 165 1793 tur
183 1741 305 1807 locutio,
326 1743 355 1792 in
371 1757 427 1807 qna
444 1741 522 1806 λοηος
542 1734 668 1807 ὥρμηται
719 1745 742 1794 1.
749 1760 812 1810 pag.
821 1744 855 1796 32
866 1745 906 1795 ed.
914 1761 980 1808 see,
992 1746 1041 1810 qui
1052 1745 1123 1796 idem
1133 1761 1197 1811 pag.
1211 1745 1262 1794 772

120 1827 187 1863 sane
218 1812 291 1864 idem
323 1811 417 1864 valeat
444 1817 526 1878 atque
554 1806 668 1874 λέγεται,
720 1828 793 1879 seq,
811 1815 859 1865 uhi
873 1815 906 1865 de
923 1814 985 1865 rudi
996 1816 1192 1879 Spartanorum
1208 1829 1264 1864 mo·

120 1882 190 1949 quod
204 1880 370 1933 vocabulum
391 1881 418 1931 si
435 1881 471 1932 ab
488 1897 543 1932 uno
560 1882 670 1931 abesset
719 1892 785 1934 neta
797 1883 887 1936 ferrea
895 1883 1018 1947 disserit,
1029 1884 1212 1950 antiquissimi
1223 1885 1264 1933 iu-

119 1952 231 2014 codice,
256 1954 285 2002 in
304 1952 423 2018 reliquos
441 1952 550 2002 codices
568 1957 669 2001 temere
719 1954 831 2003 terdicti
842 1954 977 2016 meminit,
997 1969 1052 2018 quo
1069 1954 1170 2005 nemini
1183 1954 1264 2017 Spar-

119 2023 267 2088 irrepsisse
286 2022 468 2072 arbitraretur
481 2019 632 2086 Schweigh.
653 2036 668 2070 e
718 2027 785 2073 iano
800 2028 910 2087 praeter
923 2022 1039 2074 ferream
1053 2028 1190 2074 monetam
1206 2022 1265 2074 auri

120 2093 243 2170 scholiq,
256 2108 305 2158 per
316 2093 389 2157 qnod
402 2091 464 2156 quis
475 2091 539 2142 olim
552 2091 668 2141 locutio·
719 2093 858 2158 mergenti
868 2093 933 2158 quid
942 2094 1083 2158 possidere
1091 2093 1178 2144 licuit.
1186 2091 1264 2155 Quod

120 2179 181 2212 nem
193 2163 275 2225 λογος
287 2154 412 2227 ὥρμηται
425 2161 562 2226 explicare
576 2158 667 2210 volne-
717 2162 807 2227 ipsum
825 2164 898 2214 ornni
920 2162 977 2214 sere
999 2167 1092 2214 aetate
1112 2163 1264 2228 neglectum

119 2234 164 2282 rit.
197 2232 276 2310 idem
290 2236 434 2296 comparat
451 2232 519 2295 Vll,
536 2231 601 2289 186,
619 2230 668 2280 ubi
718 2232 1109 2284 fuisseiuremonetBoeckh.
1134 2230 1264 2297 Numqui

120 2307 163 2352 eet
176 2317 265 2364 φατις
275 2293 410 2366 ὥρμηται,
421 2302 492 2364 saraa
505 2304 582 2362 ευίἰι,
602 2317 668 2351 ema-
719 2303 828 2353 omnino
837 2303 929 2368 (modo
939 2318 1004 2353 vera
1014 2305 1079 2367 sint,
1087 2318 1156 2369 quae
1164 2304 1265 2354 Noster

119 2376 204 2432 nond,
216 2372 313 2435 fertur.
352 2371 486 2437 Equidem
498 2371 549 2422 hac
567 2372 668 2420 oratio-

120 2443 162 2492 nis
175 2441 365 2505 abnndantia,
378 2442 478 2506 qnippe
489 2455 560 2506 quae
570 2440 604 2490 uh
614 2440 669 2489 He·

119 2511 212 2562 rodoti
224 2511 317 2564 indole
328 2526 384 2561 non
395 2510 485 2562 aliena
496 2515 547 2575 est,
560 2525 615 2560 non
629 2508 668 2559 oi·

122 2583 230 2634 iendor.
249 2610 285 2619 —
308 2584 351 2632 De
373 2596 441 2632 voce
461 2573 579 2647 μάταιος
596 2580 668 2631 conf.

122 2659 195 2703 nott.
208 2652 247 2702 ad
258 2654 297 2717 11,
309 2651 369 2703 118.

155 2714 282 2788 νόμισμα
300 2713 443 2786 κόψαντα]
460 2721 521 2772 Ηοο
536 2722 561 2770 si
575 2734 669 2771 verum

119 2791 608 2857 estomniumccrteantiquissimum
616 2805 669 2840 mo·

120 2869 204 2913 netae
219 2867 366 2926 corruptae
377 2860 527 2926 exemplum
539 2859 669 2911 hahemus

121 2932 356 2998 momphin,
368 2933 385 2981 4
396 2947 419 2982 s.
427 2931 479 2983 533
487 2946 512 2983 a.
520 2927 668 2982 chamuel

120 3003 228 3066 Lxlll,
242 3008 258 3054 4
271 3019 294 3054 s.
305 3003 356 3053 525
366 3018 392 3052 a.
406 3001 468 3052 Chr.
479 3017 506 3053 n.
518 3000 584 3066 (vid.
595 3003 668 3050 nott.

121 3073 157 3123 ad
170 3072 225 3132 ΙΠ,
238 3071 295 3136 48).
324 3072 365 3122 Ao
377 3070 485 3123 Solonis
503 3069 611 3137 quidem
624 3085 669 3120 as·

122 3148 183 3193 tate
193 3147 321 3192 monetae
329 3143 530 3207 corruptionem
543 3141 612 3192 satis
624 3155 670 3190 co-

719 2388 753 2424 ex
774 2372 848 2423 fama
870 2373 965 2440 refert)
991 2372 1120 2439 Spartani
1143 2388 1210 2424 auro
1234 2386 1264 2422 se

719 2443 854 2508 corrumpi
871 2446 949 2508 passi
969 2449 1076 2508 essent,
1098 2444 1123 2493 si
1142 2444 1202 2494 auri
1223 2442 1263 2492 ni-

719 2512 758 2561 hil
772 2512 917 2580 quidquam
931 2513 1072 2579 possidere
1088 2514 1263 2579 potuissent?

719 2584 862 2633 Pertinent
876 2598 983 2649 qnoque
995 2584 1114 2634 adhunc
1130 2582 1264 2634 Herodoti

720 2653 825 2716 locum,
839 2667 909 2718 quae
922 2653 993 2702 idem
1008 2652 1127 2703 Boeckh.
1141 2653 1158 2702 l.
1170 2653 1188 2702 1.
1199 2652 1262 2702 Vol.

720 2722 758 2772 ΙΙ.
772 2739 798 2788 p.
811 2723 863 2773 258
876 2719 948 2786 (coll.
962 2722 1042 2786 Corp.
1053 2723 1141 2771 lnscr.
1150 2724 1262 2772 Graeco.

720 2807 761 2841 nr.
775 2789 832 2842 150.
846 2792 878 2841 T.
888 2790 910 2842 I.
924 2807 950 2856 p.
959 2790 1032 2857 237.)
1042 2806 1076 2840 ex
1083 2791 1263 2855 inscriptione

720 2861 801 2911 affert
831 2860 932 2911 rerba:
969 2856 1103 2924 στατῆρες
1135 2857 1263 2923 κίβδηλοι

721 2923 1119 2995 ......[καταιιεχρυσω]με’νοι
1137 2921 1167 2977 os
1185 2920 1263 2991 παρὰ

720 2991 870 3065 Λάκωνος,
888 3000 937 3050 ubi
949 3014 1015 3050 sanc
1027 3000 1184 3050 Herodotea
1203 3013 1265 3047 uer-

719 3070 792 3121 ratio
804 3075 901 3135 sponte
915 3070 943 3120 in
958 3074 1074 3120 mentem
1085 3069 1169 3121 venit.

754 3132 858 3189 πολλὸν
874 3137 1019 3207 μολίβδου]
1040 3136 1177 3205 μολίβδου
1196 3138 1263 3188 scri-

121 3214 229 3279 gnitam
246 3211 407 3278 legibusque
421 3212 542 3263 severius
557 3208 670 3260 interdi-
720 3210 772 3274 psi,
785 3214 816 3259 ut
828 3210 850 3273 1,
864 3209 922 3269 186,
935 3210 983 3260 ubi
996 3210 1079 3260 etiam
1092 3208 1263 3260 Gaisfordius

122 3290 198 3333 ctam
214 3282 302 3334 fuisse
320 3297 335 3332 e
347 3280 530 3333 Demosthene
540 3280 570 3330 ut
583 3279 669 3330 mani·
720 3280 760 3330 sic
772 3278 904 3342 exhibuit,
911 3280 957 3345 qui
969 3279 1104 3331 h.l.dedit
1112 3270 1261 3347 μολύβδου,

124 3354 227 3403 testum
244 3352 352 3403 advers.
370 3353 519 3402 Timocrat.
537 3350 565 3400 in
578 3349 623 3400 fin.
644 3350 668 3412 5.
720 3348 794 3415 quod
809 3351 893 3400 etiarn
902 3349 1029 3401 Dindorf.
1042 3348 1202 3400 etDietsch.
1216 3349 1263 3398 de·

124 3424 187 3473 212.
206 3436 271 3488 pag.
286 3422 345 3473 765.
362 3422 412 3472 766
428 3421 471 3474 ed.
485 3420 595 3482 uersu,
616 3434 669 3484 quo
721 3421 827 3470 derunt.
852 3419 931 3482 Quod
942 3435 992 3470 nos
1005 3418 1188 3481 exhibuimus,
1200 3434 1262 3483 pro-

122 3493 186 3544 loco
198 3493 268 3544 hene
283 3495 383 3555 utitur,
401 3494 516 3542 notante
526 3491 586 3553 Ca,
598 3488 670 3539 Ech-
719 3490 788 3541 bant
806 3490 901 3553 Poppo
918 3489 952 3539 ad
969 3488 1121 3554 Thucydid.
1136 3490 1164 3551 I,
1177 3488 1211 3539 93
1235 3492 1263 3537 et

123 3563 170 3614 hei
187 3564 222 3613 D.
242 3565 275 3613 N.
294 3560 589 3627 Prolegg.cap.X1X.
606 3574 669 3624 pag.
721 3559 820 3609 dudum
832 3557 1261 3623 anteaSallier.adMoer.p.2bd.

124 3632 230 3684 cnm.
244 3631 306 3684 Vol.
315 3632 339 3695 I,
351 3631 399 3681 ubi
409 3632 473 3683 vide
485 3629 574 3695 plura.
599 3628 669 3679 Add.
720 3630 764 3680 'l'n
780 3628 835 3679 vid.
854 3630 936 3678 etiam
953 3629 1075 3680 Pierson.
1098 3628 1136 3689 ad¹
1150 3626 1263 3679 Moerid.

123 3702 234 3754 Becker
257 3701 286 3751 in
304 3699 419 3752 (harich
441 3702 481 3753 11.
503 3716 530 3765 p.
553 3697 603 3750 159
626 3698 669 3748 ed.
718 3697 934 3763 thesseling.
945 3697 1098 3748 adDiodor.
1107 3698 1145 3760 11,
1155 3696 1195 3759 10,
1206 3697 1263 3746 Du·

122 3774 219 3823 Herm.
236 3775 264 3821 et
277 3787 347 3837 quae
360 3771 393 3822 de
403 3771 536 3836 plumbeis
549 3773 670 3819 veterum
720 3768 779 3821 ker.
799 3773 827 3819 et
846 3767 962 3819 Goeller.
982 3768 1018 3817 ad
1035 3765 1188 3831 Thucydid.
1206 3765 1225 3816 l.
1244 3765 1261 3816 l.

123 3844 216 3893 nnmis
228 3842 352 3907 disputat
361 3840 530 3907 engelrici.
540 3838 576 3890 ad
586 3840 670 3889 Fron·
720 3839 790 3890 Add.
812 3839 970 3904 Interprett.
986 3836 1022 3886 ad
1040 3836 1120 3888 iliad.
1137 3836 1192 3895 xl,
1211 3834 1262 3885 ⁴237

123 3920 184 3964 tou.
196 3912 236 3963 11.
248 3928 277 3977 p.
287 3912 339 3964 268
348 3927 404 3977 seq.
414 3911 475 3964 327.
494 3911 553 3960 Iam
563 3907 669 3960 Solonis
720 3908 782 3960 coll.
795 3907 940 3959 Eustathio
965 3905 999 3957 ad
1020 3904 1100 3956 Iliad.
1117 3904 1216 3955 XXIV.
1235 3919 1262 3968 p.

122 3982 282 4049 legislatio,
301 3997 355 4047 qna
367 3982 463 4032 mortis
473 3994 562 4045 poena
574 3979 605 4028 in
620 3993 669 4028 nu·
722 3979 790 4031 1340
802 3994 823 4028 s.
834 3994 861 4043 p.
874 3976 954 4030 1469:
974 3991 1045 4042 quae
1058 3974 1137 4025 affert
1145 3973 1262 4027 Bredov.

124 4069 233 4103 morum
249 4056 438 4117 corruptorum
456 4051 558 4102 crimen
570 4048 672 4100 consti-
720 4065 748 4116 p.
760 4049 804 4099 42.

125 4128 188 4173 tnta
207 4127 282 4185 erat,
300 4121 397 4172 incidit
413 4122 441 4171 in
458 4135 560 4171 annum
575 4118 627 4171 594
643 4133 671 4169 a.
758 4106 874 4181 Ταύτην
892 4106 1007 4181 πρώτην
1023 4108 1185 4196 στρατηίην]
1209 4114 1263 4166 Ρτο

124 4192 192 4244 Chr.
203 4209 232 4243 n.
260 4191 345 4256 (cenf.
360 4186 587 4254 nott.ad1,30.)
613 4189 671 4239 Nee
722 4178 1019 4252 upmrqvmaleplures
1036 4184 1099 4236 lihri
1118 4199 1177 4249 την.
1213 4186 1264 4236 Est

124 4268 222 4313 tamen
235 4262 368 4312 eiusmodi
380 4276 481 4327 poenas
492 4259 617 4326 quamvis
632 4273 673 4309 se·
723 4258 794 4308 enim
805 4271 914 4309 sensns:
927 4272 983 4306 narn
994 4257 1059 4306 hunc
1065 4258 1172 4321 primum
1185 4271 1264 4321 expe—

123 4328 674 4463 66611111161111611·
722 4324 1266 4448 {tuitii..ititttitiuiuiu
1319 4390 1325 4407 ·

121 4474 189 4525 loco
202 4472 300 4536 tradit,
313 4472 411 4538 siquid
422 4470 481 4522 veri
493 4469 606 4521 subesse
619 4468 672 4519 exi·
723 4468 912 4532 miscuissent,
922 4469 954 4516 ut
963 4469 1042 4532 patet
1054 4465 1124 4529 exI,
1137 4464 1195 4527 152,
1207 4460 1265 4511 nul-
