3042 5125
272 372 335 434 464
711 374 977 438 HERODOTI

273 561 393 634 ἑκατὸν
405 566 462 634 καὶ
474 573 574 653 χίλιοι
587 568 643 635 καὶ
657 564 789 655 μύριοι,
811 563 849 635 τὸ
865 565 901 635 δὲ
920 556 1036 656 εὖρος,
1054 568 1096 653 τῇ
1111 559 1287 653 εὐρύτατος
1300 558 1431 667 αὐτόςρτι

274 669 417 755 ἑωυτοῦ,
431 668 560 739 στάδιοι
574 668 755 759 τριηκόσιοι
770 671 826 739 καὶ
840 676 1023 759 τρισχίλιοι.
1044 665 1164 737 τούτου
1177 671 1238 736 τοῦ
1250 664 1416 754 τελιὶγεοςι

274 768 310 839 τὸ
323 771 428 860 στόμα
441 775 509 842 ἐστὶ
530 761 627 862 εὖρος
648 775 800 862 τέσσερες
814 771 961 861 στάδιοι,
981 775 1085 863 μῆκος
1107 769 1143 840 dl
1164 775 1225 840 τοῦ
1236 768 1395 859 στόματος,

273 971 329 1022 slis
345 970 426 1023 uliert
440 978 613 1038 arguments,
638 989 654 1025 e
670 976 754 1027 meris
768 990 816 1025 nn·
867 977 961 1039 ports,
976 972 1026 1024 sed
1045 972 1080 1023 sb
1096 971 1233 1025 Herscles
1249 971 1312 1023 inde
1322 985 1397 1037 usqne

273 1048 335 1092 turs
344 1042 444 1107 purtim
452 1042 717 1109 deprompts‚eehic
726 1052 816 1097 truns-
866 1041 902 1093 sd
922 1042 1139 1108 Borysthenem,
1170 1058 1226 1110 qus
1246 1041 1398 1093 latissimum

272 1111 393 1162 scribere
404 1110 515 1177 longum
527 1119 583 1175 est;
602 1116 815 1180 numqneiiero·
866 1126 926 1164 esse
944 1111 1039 1163 dicunt
1052 1112 1185 1177 Pontum,
1201 1112 1278 1162 illem
1291 1126 1398 1177 sumpse·

272 1180 365 1245 dotns,
378 1197 457 1247 quem
468 1184 567 1234 erroris
580 1185 736 1249 suspicione
748 1184 815 1236 libe·
865 1182 912 1233 ris.
935 1178 1397 1248 cf.qu0quensnnu.l.1.psg.een

272 1265 333 1301 rere
346 1251 440 1303 studet
451 1252 553 1318 Kruse,
566 1259 623 1303 tum
636 1255 665 1303 in
676 1254 815 1321 negligen·
864 1252 901 1302 lit
910 1257 1003 1302 monet
1011 1267 1119 1318 quoqne
1129 1254 1244 1303 Dureau
1254 1251 1287 1302 de
1296 1249 1398 1301 lsllslle

273 1321 330 1371 tise
342 1321 439 1371 vitium
454 1321 585 1374 incidisse
602 1323 739 1389 putandus
752 1325 814 1377 erit.
865 1319 882 1371 l
896 1319 916 1373 l.
929 1336 993 1387 ρας.
1010 1322 1075 1383 184,
1093 1321 1270 1373 istitudinem
1281 1321 1360 1372 Ponti
1370 1318 1398 1369 sb

272 1389 639 1445 cf.1)ehlmann.lterod0t.
657 1409 720 1460 pag.
737 1394 770 1446 61
786 1400 813 1446 et
863 1390 998 1442 Herodoti
1015 1396 1106 1443 seluto
1127 1407 1218 1458 usqne
1237 1391 1273 1443 sd
1291 1402 1397 1440 nostruin

271 1459 384 1511 Bennoi.
405 1475 469 1527 pag.
488 1463 540 1513 464
564 1462 598 1514 de
622 1463 679 1515 situ
704 1479 814 1516 eruum
865 1465 972 1526 tempus
1000 1461 1089 1513 videri
1124 1462 1207 1514 rslde
1238 1460 1397 1521 diminutum,

270 1528 353 1580 Ponti
373 1531 485 1596 eiusque
504 1530 674 1599 longitndine
691 1534 814 1586 Herodo-
865 1531 950 1581 mults
963 1531 1036 1582 terit
1046 1531 1083 1583 sd
1095 1531 1239 1583 fluminum
1251 1530 1323 1582 ostis
1333 1544 1398 1595 prse-

271 1603 329 1650 tum
341 1605 415 1651 recte
424 1601 544 1653 sensisse
552 1608 693 1669 negentes.
707 1603 758 1655 Cui
766 1604 814 1671 qui
864 1601 957 1651 sertim
975 1603 1099 1667 aggesti.
1132 1602 1193 1654 Nec
1211 1598 1398 1653 edmodnnrs

271 1670 311 1719 its
322 1670 491 1735 petrocinsri
502 1672 595 1724 studet
605 1672 768 1737 Lsrcberns,
783 1678 814 1725 ut
864 1670 965 1721 cedunt
980 1670 1015 1722 sb
1032 1672 1200 1723 Herodoteis
1216 1670 1335 1722 numeris
1351 1669 1398 1720 nil·

271 1739 377 1790 mmm
394 1740 485 1791 mai.
499 1741 657 1794 ,dhibuim
675 1744 813 1809 putandus
863 1738 1205 1808 lierisGsllicsCXXIV}
1217 1741 1339 1806 (lieues),
1352 1740 1398 1805 qui·
1461 1792 1463 1807 ,

270 1810 323 1872 sii,
334 1824 448 1874 quorum
460 1809 585 1862 undecim
598 1813 684 1863 millis
695 1818 814 1880 sequent
864 1808 914 1858 bns
929 1824 1021 1860 veram
1032 1811 1115 1861 Ponti
1132 1809 1312 1862 latitudinem
1326 1809 1398 1860 conti·
1461 1816 1463 1871 ,

271 1878 405 1930 ccxxvi
425 1878 555 1931 millisris
570 1881 676 1934 Gullics
692 1883 812 1949 (lieues),
864 1879 921 1930 neri
941 1881 1043 1930 snserit
1054 1880 1136 1931 l'linil
1154 1882 1294 1947 interpres
1308 1879 1397 1931 Gsllus.
1461 1902 1463 1967 ρ

271 1963 340 2013 quse
353 1951 415 2015 ipss
426 1950 464 2000 sit
479 1966 544 2002 vers
556 1951 639 2003 Ponti
655 1952 812 2020 longitudo:
863 1950 923 2011 Q⁰⁰
941 1950 1029 2015 ¹³⁸8ss
1048 1965 1066 2001 ⁸
1084 1967 1148 2002 *0¹¹⁰
1167 1950 1317 2002 ''lm'‘
1333 1954 1398 2015 ΡΨ·
1461 1974 1463 2025 J

269 2019 393 2083 prolecto
413 2034 468 2071 non
485 2020 571 2085 vidit,
590 2023 685 2074 esdem
707 2024 812 2074 minore
864 2033 922 2074 mus
940 2019 1122 2083 Lsrchernns,
1148 2022 1197 2086 qni
1219 2035 1271 2087 pro
1293 2019 1397 2081 diverse,

269 2088 376 2153 studit,
397 2089 422 2140 si
435 2090 463 2139 in
476 2088 646 2157 longitndine
661 2092 813 2145 deliniends
862 2103 944 2155 quem
956 2090 1049 2155 ponit,
1062 2091 1217 2142 studiorum
1228 2091 1334 2141 rstioue
1344 2104 1397 2140 uou-

269 2157 395 2222 velesut,
413 2158 441 2208 iu
457 2158 570 2226 reliquis
587 2177 694 2229 quoqne
707 2178 813 2215 mensu·
863 2159 918 2210 nisi
937 2159 1040 2211 LXVII
1064 2159 1195 2211 millisris
1216 2159 1325 2212 Gsllicn
1345 2158 1396 2209 hine

267 2229 305 2278 ris
319 2227 431 2280 vslesnt
442 2244 554 2280 necesse
567 2246 640 2295 esse,
653 2247 739 2298 eoque
752 2234 812 2299 ipso
864 2228 935 2280 ellici
952 2230 1066 2295 ststnit,
1084 2245 1162 2293 cum,
1185 2229 1314 2297 vulgetis
1327 2230 1350 2279 si
1361 2243 1396 2279 se·

269 2311 375 2349 omnem
390 2299 511 2362 pervorti
526 2314 713 2352 mensnrsrum
728 2304 812 2354 ratio.
862 2303 972 2349 mnntur
984 2299 1088 2365 stadis,
1103 2300 1245 2352 exsistunt
1259 2297 1396 2351 CXXXVII

269 2382 338 2416 nem.
363 2367 462 2432 ltsque
480 2366 552 2420 hunc
568 2371 701 2422 rstionem
714 2373 811 2423 merito
863 2368 991 2419 millisris
1008 2370 1115 2421 Gsllics
1133 2374 1162 2421 et
1182 2371 1259 2437 quod
1281 2368 1395 2422 excurrit

268 2435 364 2487 reiecit
375 2436 470 2487 Ulrert.
481 2436 500 2489 1.
512 2437 531 2489 l.
544 2453 609 2505 pop.
624 2440 681 2495 153.
695 2447 752 2494 not.
766 2441 809 2505 89,
862 2439 952 2489 Krusc
968 2438 987 2493 l.
1008 2439 1026 2490 l.
1041 2456 1105 2507 psg.
1122 2439 1157 2491 tt
1176 2440 1226 2491 iric
1242 2452 1396 2507 quoquene-

268 2506 295 2557 id
315 2506 423 2574 quidem
443 2507 617 2560 menifestum
640 2524 700 2564 esse
721 2517 810 2576 retus,
862 2509 947 2560 utinm
956 2508 1056 2561 itinere
1068 2510 1161 2561 sddits
1172 2518 1281 2577 censet,
1291 2524 1341 2578 qno
1350 2522 1396 2558 ms·

268 2577 302 2627 sb
320 2577 460 2632 Herodoto
480 2594 566 2646 seque
588 2585 671 2646 stqne
691 2582 726 2633 sb
746 2583 811 2634 eliis
861 2579 902 2630 ior
912 2579 1057 2632 exsisteret
1072 2580 1208 2646 lstitudo,
1230 2597 1302 2649 quse
1312 2593 1395 2632 revers

266 2646 385 2699 Pontum
397 2649 526 2701 maiorem
540 2665 601 2702 esse
612 2650 745 2705 hobitum.
763 2654 810 2703 At·
861 2649 898 2700 sit
911 2649 962 2699 Lll
980 2650 1101 2703 millisrr.
1116 2652 1309 2715 Germanico„
1326 2651 1394 2701 trinu

267 2717 582 2787 queHerodotum,qnee
591 2723 759 2787 cognoverit,
770 2738 810 2773 re-
860 2719 964 2771 dlerum
977 2720 1075 2772 itinere
1090 2735 1161 2788 ques
1179 2722 1280 2773 conlici
1289 2722 1393 2795 possint.

266 2786 362 2841 tulisse
374 2789 492 2855 indeque
504 2792 629 2842 excusari
640 2808 721 2858 posse
732 2793 809 2843 Men·
860 2815 894 2825 —
918 2788 960 2840 Ad
986 2792 1070 2843 verbs
1092 2789 1126 2858 τῇ
1145 2781 1301 2856 εὐρύτατος
1323 2782 1394 2845 οὗτοι
1460 2789 1461 2796 ’

267 2858 339 2908 nerti
356 2865 398 2910 est
415 2861 554 2911 sententis
570 2860 618 2912 IV.
638 2877 665 2927 p.
684 2861 745 2914 320.
771 2863 809 2913 Et
860 2848 966 2908 ἕωττοῦ
975 2861 1049 2912 conl.
1060 2861 1083 2924 1,
1097 2860 1146 2914 193
1156 2868 1185 2913 et
1194 2862 1245 2925 lv,
1257 2860 1307 2914 198
1316 2859 1394 2925 ibique

265 2941 346 2991 ssne,
373 2929 433 2979 met
456 2929 564 2994 quidem
587 2933 742 2995 senteutit,
764 2947 809 2983 ex·
858 2927 950 2982 ltudd.
1090 2954 1098 2968 ·

266 2997 403 3047 cussudus
428 2999 481 3049 erit
508 2999 621 3064 Noster,
649 3003 674 3051 si
696 3016 809 3053 occure·
894 2987 1392 3081 wlltwwtlntltftffltftim'l'flfffl

265 3071 323 3115 teus
336 3065 514 3132 longitudinis
523 3069 606 3119 Ponti
614 3071 808 3137 cognitionem,
860 3053 944 3134 εὖρος
956 3062 1082 3135 τέσσερες
1093 3067 1218 3137 duodece]
1233 3068 1277 3120 Ad
1290 3072 1394 3120 structu·

265 3149 345 3200 quem
356 3150 434 3187 nemo
446 3151 513 3187 suse
525 3141 553 3189 et
568 3144 696 3204 posterae
706 3142 808 3194 setstis
858 3137 981 3189 rsmloei
996 3139 1030 3190 ob
1043 3140 1155 3192 verbnm
1168 3131 1312 3191 lcrlconi.
1325 3138 1351 3200 1,
1365 3134 1393 3186 tt
1459 3131 1460 3146 ¹

266 3208 294 3255 et
310 3204 358 3255 vix
376 3206 518 3270 quisquam
533 3212 628 3260 nostre
646 3208 742 3262 hebuit
760 3226 808 3263 se·
859 3207 950 3273 ibique
963 3214 1033 3261 nott.
1056 3209 1134 3272 Quod
1147 3208 1391 3275 sdipsemsenten·

265 3278 337 3336 tste,
357 3274 409 3325 sibi
422 3290 584 3341 comperero
599 3277 672 3329 hsnd
686 3281 809 3346 potnerit
858 3278 926 3328 tium
939 3280 1047 3343 attinet,
1061 3280 1192 3330 observet
1205 3280 1296 3330 Kruse
1313 3275 1330 3326 l.
1343 3275 1359 3325 l.
1369 3289 1391 3339 p.

264 3342 460 3408 indeqneeesi
470 3345 602 3410 retulerit,
614 3363 685 3414 quse
696 3349 732 3400 sb
745 3349 807 3401 eliis
856 3346 904 3411 29,
926 3364 1021 3400 vocem
1039 3342 1127 3414 στόμα
1142 3348 1219 3415 opud
1236 3346 1390 3400 Herodotum
1458 3347 1459 3352 ’

265 3411 349 3463 lsndo
368 3414 517 3479 audiisset,
538 3416 650 3469 Ionibus
668 3424 716 3470 sut
729 3418 807 3471 Mile·
857 3417 961 3483 duplici
973 3434 1055 3470 sensn
1067 3418 1159 3485 accipi
1170 3455 1177 3482 ,
1189 3422 1219 3470 et
1234 3416 1352 3478 menon,
1364 3412 1391 3462 de

263 3483 313 3534 siis
329 3484 482 3537 commercii
493 3486 641 3540 csusshoc
658 3505 731 3540 unsre
743 3495 807 3555 per·
856 3486 903 3539 illo
920 3488 1036 3556 Bospori
1057 3488 1118 3540 loco
1141 3489 1262 3539 msxime
1285 3489 1390 3552 eugunio
1457 3531 1458 3538 ,

263 3552 460 3620 lustrantibus,
473 3560 522 3607 snt
536 3559 672 3622 quaesibi
686 3559 738 3626 ipsi
751 3575 807 3611 ms·
856 3572 941 3623 prope
950 3559 1024 3609 Iovis
1038 3557 1098 3609 Urii
1108 3558 1242 3624 templum
1251 3556 1293 3622 (ut
1302 3552 1389 3606 hoelo

263 3624 334 3674 xime
349 3624 507 3677 viderentur
524 3627 676 3692 probabilis
689 3630 806 3681 Pontum
856 3629 916 3691 cc),
932 3633 961 3678 et
971 3627 1066 3679 latiori
1080 3627 1114 3679 de
1128 3628 1200 3680 omni
1213 3626 1329 3710 Bosppri
1339 3623 1387 3674 lou·

263 3696 633 3843 poffgllgezzto'c-osold'tot
649 3758 805 3834 τριηκόσιοι
855 3697 1388 3834 gbffibitbtupttgogetfflogrfflx

262 3829 310 3882 sol
323 3833 480 3903 τρισχίλιοι]
492 3850 646 3902 τριηκοσιοι
655 3852 725 3889 unns
735 3838 804 3890 Son·
854 3836 952 3903 quibus
964 3839 1033 3904 ipsis
1043 3837 1251 3904 perspicuitstis
1260 3848 1341 3888 csnss
1348 3829 1387 3908 sl,-

261 3903 345 3954 croiti
357 3905 425 3956 liber
440 3922 474 3958 ex
486 3906 688 3967 emendetione3
706 3907 743 3959 cl.
754 3908 805 3971 IV,
855 3907 915 3958 dits
933 3912 1026 3974 putem
1041 3906 1124 3959 hsec:
1145 3897 1161 3958 ὁ
1181 3896 1290 3972 αὐχὴν,
1308 3895 1337 3955 τὸ
1356 3897 1386 3964 δη

261 3971 303 4023 86.
317 3973 426 4040 Reliqui
435 3967 585 4041 διηκόσιοι.
599 3978 728 4043 Breigero
738 3977 804 4029 ulio-
855 3968 1154 4056 Bdcsropoe'slslqtcs,
1173 3992 1208 4029 ue
1218 3978 1280 4044 quis
1293 3972 1386 4025 scilieet

261 4056 318 4091 rnm
332 4045 497 4109 scriptorum
515 4045 549 4097 de
560 4047 642 4098 Ponti
654 4046 802 4099 latitudine
854 4062 948 4099 rocem
960 4060 1049 4112 στομα
1057 4062 1139 4100 sensu
1151 4047 1264 4099 srctiori
1276 4045 1318 4096 bic
1329 4054 1384 4108 qno·

262 4111 431 4177 testimonis,
447 4114 483 4165 eb
495 4115 635 4168 Herodoto
648 4132 702 4168 non
712 4117 804 4168 edmo-
854 4132 906 4183 qne
930 4117 1048 4183 positsm
1067 4118 1195 4183 accipiet.
1233 4113 1384 4178 Intelligitur

262 4178 327 4229 dum
346 4180 557 4248 discedentium,
582 4185 721 4250 colligenti
746 4187 764 4236 l.
784 4186 802 4240 l.
853 4191 959 4250 sutem,
980 4191 1012 4238 ut
1024 4188 1113 4239 Krnse
1126 4186 1144 4238 1.
1157 4186 1175 4238 1.
1193 4202 1257 4253 ρας.
1271 4184 1305 4238 30
1316 4193 1382 4245 seqq·

260 4247 369 4300 videtur
382 4267 437 4303 non
453 4251 563 4304 velden
580 4269 645 4306 vero
661 4254 804 4308 sberresse
853 4257 960 4320 ststnit,
972 4256 1050 4309 locus
1061 4271 1160 4323 propre
1171 4256 1284 4308 Anadoll
1291 4247 1380 4306 rac,

259 4319 369 4384 Noster,
381 4336 443 4371 cnm
453 4338 467 4373 e
476 4321 609 4373 Dsnvillii
618 4325 724 4376 rntione
734 4324 803 4377 3375
851 4330 882 4378 nt
892 4341 964 4378 nunc
974 4332 1098 4392 vocetur,
1109 4327 1224 4378 maxime
1233 4324 1277 4375 ille
1286 4320 1380 4390 quidem

259 4389 351 4440 stsdis
362 4392 468 4442 minore
481 4391 608 4458 expleant
619 4391 801 4458 latitudinem,
853 4400 999 4462 pertotnm
1012 4402 1130 4448 tractum
1139 4399 1280 4462 sngnstus.
1300 4393 1380 4442 littt-

259 4459 338 4512 modo
358 4476 412 4514 non
427 4478 475 4526 eu,
496 4477 550 4529 que
563 4461 719 4516 Herodotus
734 4464 803 4516 velit
853 4482 886 4518 ne
911 4466 939 4520 in
963 4464 1110 4520 latitudine
1133 4464 1277 4519 iudioeuds
1300 4460 1378 4527 plum

1449 4967 1452 5072 l
