3042 5125
254 393 318 456 262
686 386 956 449 HERODOTI

260 584 415 673 Τάραντα
436 582 616 671 γενέσθαι,
637 576 959 670 προαπηγησάμενος
978 572 1040 663 τήν
1060 573 1246 666 συμφορήν.
1278 580 1332 643 ίνα
1351 576 1382 644 δέ

256 687 301 779 μή
322 683 510 776 συνταράξῃ
528 683 590 774 τήν
612 680 772 768 Ἐλλάδα,
801 677 844 770 ήν
864 677 913 749 δι’
931 676 1036 749 αὐτόν
1055 679 1171 760 στόλος
1189 682 1289 767 μένας
1310 681 1383 768 πλέη

258 793 312 861 ἐπὶ
325 788 386 878 τήν
400 784 561 877 Ἰταλίην,
581 794 744 867 Κνιδίους
757 783 904 875 μούνους
917 780 1069 873 άποχράν
1083 789 1118 853 ol
1130 790 1193 871 ἔφη
1206 779 1282 862 τοὺς
1295 782 1382 851 κατά·
1473 864 1475 870 ¹

258 920 379 984 νοντας
399 899 573 980 γίνεσθαι,
599 894 727 962 δοκέων
749 885 815 959 άπὸ
833 887 963 959 τούτων
983 888 1109 958 ἐόντων
1130 903 1216 957 τοῖσι
1235 894 1383 976 Ταραντί-

258 1018 346 1069 νοισι
360 1003 470 1084 φίλων
489 994 631 1085 μάλιστα
653 993 694 1083 δή
712 992 775 1081 τήν
795 989 938 1062 κάτοδόν
958 996 993 1060 ol
1011 1000 1158 1062 ἔσεσθαι.
1201 1000 1339 1078 Δαρεῖος
1353 990 1384 1058 u

258 1098 506 1189 ὑποδεξάμενος
526 1101 692 1170 ἐπετέλεε·
720 1101 852 1185 πέμψας
866 1094 929 1185 γάρ
944 1094 1089 1184 ἄγγελον
1104 1098 1138 1175 ἐς
1151 1098 1281 1165 Κνίδον
1296 1092 1384 1163 κατά·

258 1233 332 1295 γειν
345 1206 450 1291 σφέας
464 1205 596 1272 ἐκέλευε
611 1210 733 1272 Γίλλον
753 1203 787 1280 ἐς
804 1199 966 1289 Τάραντα.
993 1197 1190 1288 πειθόμενοι
1211 1197 1249 1268 δέ
1263 1204 1386 1288 Δαρείῳ

259 1313 395 1378 Κνίδιοι
415 1313 641 1396 Ταραντίνους
659 1301 722 1388 οόιι
743 1293 793 1372 σόν
809 1311 965 1389 ἔπειθον,
986 1311 1066 1392 βίην
1085 1304 1122 1372 δὲ
1138 1298 1298 1372 άδόνατοι
1311 1291 1386 1390 ήσαν

260 1413 472 1501 προσφέρειν.
515 1415 627 1479 Ταῦτα
644 1410 707 1497 μέν
725 1435 792 1476 νυν
810 1404 898 1475 οὕτω
919 1405 1088 1496 ἐπρήχθη,
1109 1397 1204 1476 οὗτοι
1224 1406 1261 1474 δὲ
1274 1409 1385 1494 πρῶτον

260 1519 298 1587 έιι
311 1520 369 1603 τής
389 1510 496 1602 Ἀσίης
515 1516 548 1593 ἐς
567 1511 629 1602 τήν
644 1508 786 1581 Ἐλλάδα
806 1507 966 1580 άπίαοντο
979 1513 1129 1596 Πέρσαι,
1155 1511 1212 1579 καὶ
1229 1500 1320 1579 οὗτοι
1339 1506 1386 1577 διὰ

261 1616 392 1688 τοιόνδε
406 1621 540 1706 πρήγμα
553 1614 754 1686 κατάσκοποι
767 1617 930 1704 ἐγένοντο.

364 1718 464 1790 Μετόι
484 1719 521 1789 δέ
541 1724 644 1789 ταῦτα
657 1718 776 1808 Σάμον
795 1714 952 1807 βασιλεὺς
966 1728 1110 1804 Δαρεῖος
1130 1718 1254 1805 αίρέει,
1274 1721 1387 1784 πολίων

261 1829 396 1897 πασέων
413 1820 549 1913 πρωτην
564 1821 769 1912 Ἑλληνίδων
789 1823 846 1891 καὶ
867 1820 1066 1911 βαρβάρων,
1093 1817 1148 1888 διά
1169 1817 1303 1908 τοιήνδε
1322 1815 1387 1887 τινὰ

262 1936 381 2018 αίτίην.
426 1927 616 2016 Καμβύσεω
643 1931 704 1996 τοῦ
724 1924 842 2016 Κόρου
862 1926 1127 2014 στρατευομένου
1150 1920 1206 1993 ἐπ’
1228 1933 1388 2011 Αἴγυπτον

261 2032 356 2104 άλλοι
376 2058 411 2101 τε
427 2034 543 2120 συχνοὶ
565 2035 598 2112 ἐς
618 2028 679 2119 τήν
695 2039 869 2117 Αἴγυπτον
892 2025 1052 2098 άπίκοντο
1069 2023 1258 2115 Ἑλλήνων,
1278 2031 1312 2095 ol
1326 2025 1388 2115 μὲν,

263 2132 307 2217 ὡς
321 2132 426 2221 οἰκός,
449 2131 522 2204 κατ’
539 2138 720 2223 ἐμπορίην,
741 2137 777 2202 οί
788 2134 824 2202 δὲ
839 2131 1113 2222 στρατευόμενοι,
1136 2136 1171 2199 ul
1186 2132 1227 2201 δέ
1243 2157 1329 2210 τινες
1341 2130 1388 2198 καί

262 2236 364 2327 αότής
382 2242 438 2325 τής
456 2235 564 2326 χάρης
576 2238 713 2327 θεηταί,
728 2241 797 2305 τῶν
811 2226 853 2324 ήν
867 2239 923 2305 καὶ
938 2238 1102 2304 Συλοσῶν
1115 2228 1132 2302 ὁ
1149 2233 1309 2318 Αἰάκεος,
1322 2241 1426 2301 ilo-ooo

263 2339 441 2427 λυκράτεός
454 2368 490 2410 τε
504 2336 569 2409 ἐάν
582 2337 745 2428 ἀδελφεός
759 2342 816 2409 καὶ
829 2339 967 2428 φεόγων
982 2342 1019 2409 έιι
1032 2336 1161 2427 Σάμου.
1204 2342 1329 2406 Τοῦτον
1341 2334 1390 2406 τόν

263 2448 468 2514 Συλοσῶντα
488 2446 650 2532 κατέλαβε
671 2439 807 2532 εότυχίη
820 2471 870 2524 τις
889 2442 1018 2532 τοιήδε·
1050 2437 1164 2530 λαβών
1185 2446 1325 2529 χλανίδα
1343 2441 1391 2510 καὶ

198 1715 256 1777 139

262 2652 399 2705 communi
422 2652 541 2718 origine,
567 2652 591 2703 ei
608 2651 717 2717 quidem
742 2650 806 2702 (lni-
858 2650 936 2702 detur
947 2648 1131 2700 Valckenario
1151 2665 1206 2701 vox
1224 2642 1390 2717 στρατευόμε

264 2725 303 2775 dii
317 2729 344 2775 et
358 2723 411 2788 ipai
421 2722 698 2773 Lacedaemoniorum
715 2721 806 2772 coloni
857 2735 901 2770 νοι
915 2719 1126 2786 eanperioribue
1136 2720 1208 2771 male
1217 2721 1263 2772 hic
1273 2719 1390 2785 repetita,

263 2798 356 2857 eraut,
375 2798 446 2844 teate
462 2793 522 2857 ipao
539 2791 679 2842 Herodoto
697 2791 724 2853 1,
745 2792 805 2853 174,
857 2790 904 2856 qui
915 2788 986 2840 idem
998 2787 1082 2840 verba
1097 2781 1131 2836 οί
1143 2781 1197 2854 δὲ,
1218 2806 1289 2842 nnuc
1302 2791 1328 2840 in
1343 2794 1390 2839 tex·

263 2878 350 2929 aeque
363 2868 447 2929 atque
459 2861 612 2913 Tarentini.
637 2862 743 2911 Monuit
754 2861 806 2910 Lo-
857 2865 914 2911 tum
932 2863 1058 2923 recepta,
1081 2874 1099 2910 a
1109 2864 1264 2912 correctore
1279 2859 1390 2926 proiecta

263 2937 349 2985 rente.
369 2934 412 2983 De
430 2936 497 2984 vett.
511 2932 673 2982 Tarentinn.
692 2930 806 2982 civitate
857 2930 1005 2981 existimat.
1030 2929 1093 2994 lpee
1104 2944 1169 2980 vero
1182 2929 1272 2981 locum
1284 2931 1323 2982 aie
1337 2942 1390 2979 con·

262 3018 325 3069 pag.
343 3003 384 3054 lo.
857 2999 936 3051 atitui
961 2998 1033 3049 vult:
1065 2987 1129 3047 κατ’
1155 2990 1295 3066 ἐμπορίην
1320 3011 1389 3061 arpo·

857 3063 1025 3145 πενομένοις,
1034 3067 1078 3120 rel
1085 3060 1144 3117 κατ’
1154 3059 1294 3135 ἐμπορίην
1303 3080 1389 3132 στραγ-

856 3151 1010 3202 χευομενοι.
1027 3138 1118 3189 Nabar
1128 3138 1156 3188 in
1164 3139 1333 3203 Mnemoayn.
1345 3137 1389 3187 111.

857 3225 883 3273 p.
896 3208 947 3259 487
962 3207 1044 3259 ecribi
1058 3206 1119 3258 vult
1131 3200 1375 3273 στρατευσόμενοι.

891 3274 1024 3326 Συλοσῶν
1039 3268 1054 3326 ό
1068 3268 1198 3344 Alcime]
1211 3279 1291 3331 Conl.
1300 3278 1336 3340 11,
1349 3274 1389 3325 182

857 3352 885 3399 et
897 3347 952 3410 111,
968 3346 1011 3399 39.
1048 3347 1120 3398 Hinc
1146 3349 1231 3400 etiam
1248 3345 1389 3415 Sylosontis

856 3417 940 3479 tilius,
955 3417 1002 3481 qui
1013 3418 1087 3482 patri
1100 3422 1163 3481 poet
1174 3419 1317 3479 eucceeait‚
1330 3416 1389 3466 Aeu-

856 3505 898 3537 ουτ
908 3490 1023 3536 vocatur
1034 3485 1082 3548 VI,
1097 3486 1137 3537 13.
1149 3489 1197 3549 lv,
1214 3488 1272 3540 138.
1292 3488 1331 3538 De
1343 3499 1389 3549 quo

420 3172 486 3223 Car.
501 3170 648 3222 CXXXIX.

296 3274 404 3327 πολίων
425 3267 537 3323 πασέων
552 3265 667 3339 πρώτην
686 3291 712 3324 ιι.
729 3290 753 3326 τ.
768 3273 804 3340 λ]

261 3347 303 3397 De
321 3345 398 3396 Sami
417 3343 514 3410 opibus
534 3358 566 3393 ac
586 3344 710 3408 potentia
730 3346 804 3399 coni.

262 3430 344 3479 aupra
357 3415 409 3475 ΙΙΙ,
423 3412 465 3465 ou.
483 3413 517 3464 60
529 3416 557 3464 et
573 3413 629 3463 alia
649 3414 805 3465 testimonia

262 3500 288 3535 a.
297 3484 325 3535 C.
335 3485 369 3534 Ο.
377 3483 498 3535 Mueller.
508 3483 679 3549 inAeginett.
689 3500 752 3549 pag.
761 3486 804 3537 67.

262 3558 319 3604 not.
328 3570 354 3618 p.
368 3554 498 3615 excitata,
512 3552 655 3604 Plutarchi
667 3556 696 3605 in
705 3554 803 3605 Parioi.

261 3622 805 3759 irrtfflintinnula:

261 3763 301 3814 lee
329 3763 465 3829 mariaque
490 3764 632 3828 imperium
656 3765 804 3829 pertinent,

261 3834 404 3885 attulimus
416 3832 450 3883 ad
462 3833 513 3897 111,
529 3834 587 3885 122.
597 3860 628 3869 -
645 3833 731 3884 Paulo
743 3837 806 3898 poet

261 3919 308 3967 pro
323 3893 366 3960 ὡς
383 3893 479 3959 stuic
497 3903 602 3955 eFlor.
613 3918 674 3954 cum
689 3908 805 3954 recenti.

261 3972 320 4023 edd.
335 3972 446 4024 exhibui
459 3963 499 4030 τός
513 3964 599 4030 οίιιός.
722 3976 727 3987 ’

295 4034 325 4088 ol
340 4035 370 4089 δέ
386 4036 673 4108 στρατευόμενοι]
695 4042 804 4109 qrriaci·

259 4109 325 4160 licet
347 4112 470 4162 mercede
491 4111 620 4162 conducti
646 4116 704 4169 tum
729 4113 803 4178 apud

259 4181 456 4245 Aegyptiorum
468 4196 546 4246 reges
559 4183 733 4245 posteriorea,
745 4187 803 4232 tum

260 4253 357 4313 postea
371 4249 443 4315 apud
455 4250 553 4301 Persae
569 4251 707 4315 atipendia
719 4251 804 4302 facie·

855 3556 934 3622 plura
948 3555 1092 3606 Panossia:
1113 3557 1244 3608 Samiorr.
1263 3573 1305 3608 res
1322 3572 1346 3621 p.
1360 3554 1389 3604 to

856 3640 924 3691 aeq„
937 3639 970 3675 ac
983 3623 1015 3676 de
1027 3625 1087 3690 ipao
1100 3625 1248 3691 Syloeunte
1257 3645 1283 3695 p.
1293 3627 1326 3677 45
1338 3639 1388 3689 aeq.

855 3696 989 3760 Spectant
1007 3695 1059 3745 huc
1076 3709 1198 3761 quoque,
1220 3712 1291 3762 quae
1307 3695 1389 3760 legun·

858 3770 902 3815 tur
925 3766 953 3814 in
971 3765 1088 3829 Diogen.
1105 3767 1200 3818 Lauro.
1221 3767 1265 3829 ΙΙ,
1282 3768 1298 3818 5
1319 3769 1344 3815 et
1364 3763 1389 3811 in

857 3836 977 3886 Tzetzae
990 3835 1080 3899 Epiet.
1098 3850 1160 3899 pag.
1179 3835 1213 3887 63
1226 3838 1270 3888 ed.
1283 3831 1388 3886 Preaeel.

856 3904 897 3955 Ad
910 3919 1005 3954 vocem
1022 3897 1155 3970 κατέλαβε
1173 3906 1201 3955 in
1217 3922 1274 3972 eeq.
1293 3903 1327 3956 ci.
1341 3901 1388 3962 ΙΙΙ,

856 3977 890 4025 42
905 3974 998 4038 ibique
1013 3978 1084 4025 nott.
1112 3974 1202 4037 Atque
1217 3978 1246 4025 in
1266 3976 1312 4037 iia,
1328 3984 1389 4038 quae

857 4049 1023 4110 aequantur,
1040 4045 1186 4109 praecipue
1198 4046 1227 4095 in
1244 4045 1331 4096 verbis
1348 4041 1387 4089 λα-

855 4106 912 4180 βὼν
922 4110 1040 4177 χλανίδα
1048 4108 1097 4162 παλ
1105 4105 1328 4180 περιβαλόμενος,
1336 4125 1388 4161 ora·

854 4184 938 4234 tiouia
952 4182 1127 4234 Heroduteae
1145 4185 1289 4250 imaginem
1306 4182 1387 4233 animo

855 4253 934 4319 quael
954 4255 1132 4318 proponentia
1155 4244 1296 4318 ἐνέργειαν
1318 4250 1388 4303 effert

259 4319 341 4381 bant,
369 4320 532 4370 mercenarii
555 4319 669 4383 milites,
698 4322 803 4387 slipen·
853 4322 1070 4389 Waardenburg.
1087 4324 1129 4374 De
1147 4324 1243 4375 nativa
1258 4320 1385 4388 simplicit.

259 4388 354 4453 diarii,
372 4389 419 4454 qui
441 4404 524 4453 aupra
541 4394 676 4440 vocantur
697 4383 727 4439 οί
742 4382 802 4441 ἐντέ-
853 4392 985 4443 Herodot.
999 4408 1062 4459 pag.
1077 4392 1136 4447 132.

258 4471 368 4522 κουροι;
387 4458 424 4510 cl.
441 4463 511 4510 nott.
531 4458 566 4510 ad
579 4459 637 4521 ΙΙΙ,
650 4463 675 4511 4.
711 4461 750 4511 Ac
761 4462 802 4512 vi·

887 4452 978 4528 λαβὼν
990 4460 1119 4529 χλανίδα]
1139 4458 1235 4528 χλανίς
1251 4461 1386 4514 dicebatur
