3042 5125
254 418 316 481 212

689 411 957 474 HERODO'PI

254 620 347 679 σθαι.
391 614 462 676 Καί
479 636 545 687 κως
566 611 626 676 τοῦ
644 615 743 676 θείου
768 600 787 692 ἡ
811 608 966 692 προνοίη,
990 597 1101 688 ὥσπερ
1123 602 1179 668 καὶ
1200 597 1290 678 οἰκός
1311 601 1394 684 ἐστι,

254 717 355 782 ἐοῦσα
370 709 476 799 σοφὴ,
500 708 562 780 ὅσα
576 711 639 801 μὲν
660 707 772 797 ψυχήν
791 735 827 775 τε
848 701 942 776 δειλὰ
962 706 1017 772 καὶ
1031 703 1194 792 ἐδώδιμα,
1213 705 1318 771 ταῦτα
1331 702 1396 790 μὲν

255 897 316 931 cum
336 879 475 946 vestigiis,
497 883 621 944 praestat
642 892 701 928 eam
719 875 799 940 aequi

253 950 412 1012 lectionem,
437 963 517 1014 quam
529 949 594 999 libri
607 946 705 1011 scripti
717 944 799 1011 pleri·

255 1035 309 1085 que
322 1019 449 1071 afferunt.
585 1075 591 1093 ι

291 1087 351 1138 Καί
356 1104 413 1146 κως
422 1084 471 1136 τοῦ
482 1083 565 1137 θείου
577 1102 595 1150 η
606 1083 728 1150 προνοίη
736 1099 762 1135 κ.
772 1099 796 1132 τ.

255 1155 797 1225 LJCouiunctumhocestcumuniversa

255 1228 349 1279 Nostri
361 1227 499 1278 sententia
512 1226 545 1275 de
561 1225 672 1275 numine
685 1224 798 1288 eiusque

255 1299 283 1346 vi
295 1298 324 1346 in
336 1298 409 1348 omni
421 1310 511 1346 rarum
520 1300 629 1344 ustura.
643 1297 720 1357 Quae
734 1308 796 1342 curn

255 1365 321 1417 talis
333 1368 386 1429 sit,
405 1370 435 1415 ut
452 1365 478 1413 iu
492 1363 615 1413 omnibus
628 1364 729 1414 iustum
741 1378 799 1411 mo·

255 1436 318 1485 dum
332 1434 423 1485 valere
443 1433 524 1496 velit,
543 1434 598 1482 iarn
612 1433 641 1482 iu
654 1432 734 1482 rebus
750 1431 798 1481 hu·

257 1505 344 1555 ruanis
363 1504 518 1567 mutuisque
532 1502 671 1552 hominum
684 1502 797 1551 rationi·

256 1574 307 1624 hus
324 1573 522 1639 aequabilitate
542 1572 659 1637 quedem
676 1571 798 1622 coutine-

256 1649 316 1703 tur,
335 1658 388 1708 qua
400 1657 451 1692 sua
467 1643 565 1706 cuique
582 1641 737 1691 tribuantur
752 1657 799 1690 ne·

255 1727 309 1778 qne
328 1714 455 1776 cuiquem
482 1710 564 1762 liceat
589 1711 696 1761 modum
722 1708 798 1760 illum

258 1789 307 1831 sut
331 1780 398 1832 fines
423 1783 527 1846 positos
551 1781 718 1846 transgredi,
743 1779 798 1829 uisi

257 1852 375 1901 numinis
392 1851 540 1901 vindictam
561 1852 589 1899 iu
608 1866 637 1900 se
650 1864 799 1915 provocare

257 1920 332 1971 velit.
359 1921 427 1970 Nam
448 1921 516 1971 deus
532 1921 591 1986 ipse
606 1922 705 1970 vindex
719 1919 800 1983 quasi

257 1996 300 2042 est
310 1991 391 2040 huius
404 2006 493 2041 rerum
508 1990 611 2040 ordinis
621 1989 754 2039 divinitus
772 1989 800 2037 in

256 2067 358 2110 natura
372 2060 516 2110 constituti
526 2052 683 2121 (φθονερὸς
694 2047 709 2106 ὁ
719 2049 799 2119 θεὸς,

256 2130 313 2181 vid.
329 2134 396 2180 nott.
411 2129 485 2191 udi,
500 2127 543 2179 32.
557 2129 613 2189 111,
629 2129 686 2191 40),
703 2128 731 2176 iu
747 2142 799 2192 quo

258 2200 348 2248 omnia
360 2198 395 2248 ab
409 2198 488 2266 initio
500 2199 540 2246 ita
549 2204 614 2246 aunt
624 2197 760 2258 ordinata,
771 2199 801 2245 ut

258 2268 375 2317 invicem
388 2267 442 2317 sihi
459 2267 640 2331 respondeant
655 2280 799 2329 secumque

258 2341 425 2387 conveniant
437 2351 470 2385 ac
483 2337 556 2385 iusto
571 2334 753 2384 moderamine
771 2348 801 2382 se

259 2410 352 2455 mutuo
366 2409 536 2455 conservent.
564 2405 607 2453 Itu
620 2419 653 2454 ex
665 2403 802 2453 Herodoti

259 2475 292 2524 de
305 2476 390 2524 doira
401 2484 494 2524 nutura
503 2473 640 2522 sententia
653 2477 751 2536 sponte
763 2472 801 2521 al·

259 2549 319 2594 tera
340 2543 460 2594 exoritur
478 2543 512 2593 de
527 2544 625 2602 diviua,
646 2556 715 2608 quae
734 2541 800 2592 dici-

258 2619 318 2676 tur,
335 2613 645 2678 moderandarum
665 2627 683 2662 a
702 2612 801 2677 princi-

259 2685 304 2748 pio
318 2684 409 2733 omnia
424 2682 557 2732 divinitae
572 2684 612 2733 sic
626 2687 720 2732 creata
735 2686 800 2732 sunt

258 2769 291 2805 ac
304 2752 452 2818 disposita,
471 2759 500 2803 ut
511 2752 601 2803 iustus
616 2751 663 2802 ille
679 2753 799 2802 omniurn

259 2838 347 2874 rerum
360 2823 455 2872 modus
469 2826 644 2873 conservetur
657 2837 707 2872 nec
723 2821 800 2886 quid-

257 2908 339 2960 quam
352 2892 380 2942 in
392 2907 480 2942 rerum
493 2897 592 2942 natura
601 2892 640 2942 sic
653 2890 755 2951 valeat,
769 2896 800 2940 ut

257 2963 332 3012 illum
346 2961 459 3012 turbare
469 2963 570 3026 possit,
585 2961 625 3010 ita
635 2961 717 3011 etiarn
732 2959 800 3008 divi-

259 3047 322 3081 num
331 3046 431 3082 numen
440 3031 492 3080 toti
503 3036 619 3080 naturae
627 3045 733 3095 semper
739 3045 801 3094 pro-

258 3101 341 3166 spicit
353 3106 434 3165 atque
447 3100 579 3161 consulit,
592 3099 762 3164 deprimens,
776 3098 800 3149 si

258 3185 328 3234 quae
347 3167 421 3219 illum
440 3168 548 3218 modum
570 3169 720 3230 excedant,
749 3170 800 3218 eri·

257 3253 340 3303 gens,
367 3253 436 3303 quae
461 3237 576 3288 iuferius
600 3238 799 3303 relinquantur.

259 3309 301 3357 Tu
313 3308 387 3359 coui.
401 3311 470 3358 nott.
484 3306 518 3356 ad
529 3307 552 3365 1,
563 3307 607 3364 32,
624 3307 687 3366 Vll,
702 3308 742 3356 10.
751 3309 799 3370 §.5

258 3383 285 3427 et
301 3377 405 3441 Iaeger.
427 3378 455 3425 iu
472 3376 592 3440 Disputt.
605 3375 751 3427 Herodott.
772 3393 799 3442 p.

258 3447 292 3495 44
301 3460 359 3510 seq.
386 3447 463 3507 Quae
478 3446 539 3510 ipsa
553 3445 689 3496 sententia
708 3445 742 3496 de
760 3445 801 3495 di-

258 3515 322 3565 vino
340 3516 449 3566 nurnine
468 3517 548 3565 rebus
567 3520 682 3565 naturae
702 3530 800 3566 consu·

258 3583 332 3635 lente
353 3598 386 3634 ac
402 3584 563 3649 providente
575 3584 799 3650 quemadmodum

258 3652 479 3719 philosophorum
495 3655 522 3703 in
537 3654 639 3705 scholis
656 3647 800 3719 postmodo

258 3723 341 3774 luerit
352 3723 475 3785 exculta,
496 3723 618 3788 pluribus
631 3724 804 3790 persequitur

258 3793 378 3858 Lanuep.
395 3793 414 3843 l.
426 3792 443 3842 l.
464 3808 525 3858 pag.
541 3793 591 3844 149
605 3809 673 3859 seq„
691 3794 800 3845 minime

256 3861 303 3912 ille
317 3862 425 3928 quidem
437 3878 540 3927 negans
555 3892 585 3900 η
604 3865 701 3928 etquis
715 3879 799 3929 quae·

258 3947 289 3982 so
302 3947 404 3996 negare
413 3934 533 3997 poterit?
556 3932 682 3982 —huius
697 3934 799 3983 doctri·

257 4016 309 4052 nae
323 4002 449 4051 initiand
463 4002 548 4052 multo
562 4003 719 4067 antiquiora
732 4009 799 4053 tem·

258 4085 325 4133 pora
337 4072 488 4134 pertinere,
503 4087 584 4136 quam
597 4072 633 4121 ad
643 4071 795 4136 Platonem,

259 4141 313 4214 qui
323 4142 424 4203 primus
438 4141 508 4190 inter
526 4139 702 4206 philosophos
724 4141 799 4191 θεοῦ

257 4221 412 4272 nonnosus,
437 4224 491 4274 qua
518 4210 633 4260 mundus
657 4227 799 4262 conserve·

257 4280 316 4336 tur,
334 4278 518 4329 constituerit.
552 4279 622 4328 Nam
642 4286 705 4330 aute
726 4284 797 4331 Ana-

257 4359 388 4409 xagoram
400 4344 458 4411 (qui
467 4347 577 4412 primus,
585 4348 723 4399 Plutarchi
734 4356 798 4401 suut

258 4414 341 4465 rerba
354 4415 382 4466 iu
395 4416 452 4465 vita
460 4416 575 4467 Periclis
585 4435 609 4469 c.
617 4421 642 4480 4,
655 4416 725 4469 νοῦν
734 4410 795 4468 ἔπε’-

848 861 977 933 ᾱνάγκην
998 859 1208 934 διακοσμήσεως
1228 858 1324 933 ἀρχὴν
1348 883 1396 932 po-

849 946 976 999 suerant;
988 943 1053 1004 post
1063 954 1140 1004 quem
1149 937 1228 989 Plato
1240 935 1315 987 θεοῦ
1327 929 1396 1001 πρό-

849 1022 931 1058 νοιαν
959 1009 988 1057 in
1016 1007 1215 1073 philosophiam
1240 1006 1394 1070 transtulit,

850 1080 927 1129 cuins
944 1079 1108 1128 seutentiam
1127 1079 1190 1128 dein
1200 1078 1287 1129 Stoici
1298 1077 1334 1127 ad
1348 1076 1396 1126 do-

849 1150 954 1199 ctrinae
980 1163 1047 1198 suae
1080 1148 1214 1198 rationem
1237 1147 1394 1197 conforma-

848 1222 919 1268 runt.
940 1217 993 1269 Sed
1005 1216 1073 1268 haec
1085 1217 1193 1283 lougius
1206 1218 1344 1283 persequi,
1358 1217 1396 1266 ab

848 1287 980 1337 Herodoti
1011 1288 1236 1352 interpretatione
1271 1287 1396 1336 alienum

849 1357 937 1406 videri
957 1362 1054 1421 queat,
1081 1357 1158 1407 cuius
1176 1358 1340 1406 sententiam
1361 1355 1396 1405 de

848 1426 944 1476 divina
967 1426 1153 1491 providentia,
1175 1440 1193 1475 a
1212 1425 1397 1490 Xenophonte

848 1510 955 1561 qnoque
968 1495 1098 1560 deinceps
1112 1500 1305 1560 propagatam,
1321 1494 1396 1561 quod

847 1566 882 1616 ad
894 1571 1009 1616 naturae
1022 1581 1065 1616 ros
1078 1572 1143 1630 apte
1158 1571 1186 1615 et
1198 1566 1397 1616 convenienter

848 1634 1055 1685 constituendas
1074 1650 1108 1684 ac
1126 1634 1242 1685 tuendas
1262 1634 1396 1700 restringi

848 1704 907 1755 vult
921 1704 1125 1769 Naegelsbach:
1146 1704 1397 1755 Nschhomerische

850 1775 999 1839 Theougie
1010 1779 1062 1825 etc.
1073 1775 1184 1839 pagid.
1192 1776 1223 1824 ill
1236 1789 1305 1838 seq„
1318 1776 1398 1839 equi·

850 1845 912 1895 dem
942 1844 1015 1895 haud
1043 1844 1186 1895 assentior.
1219 1845 1311 1907 Quare
1340 1844 1395 1894 hoc

851 1930 933 1964 unum
945 1913 1023 1964 modo
1035 1914 1120 1964 teneri
1129 1914 1220 1971 velim,
1229 1914 1310 1963 initia
1319 1913 1396 1964 illins

850 1984 992 2033 doctrinae
1017 1983 1050 2034 de
1079 1983 1173 2033 diviua
1199 1988 1289 2033 menta
1312 1983 1396 2033 rebus

850 2052 975 2113 humanis
995 2054 1197 2118 prospiciente,
1214 2067 1296 2118 quam
1308 2052 1397 2117 philo·

850 2122 932 2188 sophi
945 2124 1043 2173 Graeci
1054 2128 1198 2187 tantopere
1211 2123 1395 2184 celebrarunt,

850 2192 885 2241 ah
901 2192 1042 2242 Herodoto
1062 2193 1149 2257 repeti
1167 2207 1263 2258 posse,
1288 2194 1334 2258 qui
1359 2193 1396 2242 ah

850 2261 913 2312 aliis
939 2262 1038 2326 prioris
1061 2261 1162 2312 aetatis
1187 2263 1254 2313 viris
1280 2263 1396 2327 ipsoque

850 2334 1015 2395 Anaxagora
1028 2331 1075 2394 (ad
1087 2347 1165 2396 quern
1178 2332 1299 2396 respexit
1309 2347 1396 2397 snpra

852 2399 912 2463 111,
931 2400 1036 2464 holin.)
1062 2403 1165 2466 primus
1192 2400 1335 2452 discedens
1360 2402 1396 2451 ad

852 2482 893 2530 es,
909 2484 979 2534 quae
991 2474 1018 2518 et
1030 2471 1139 2521 veriora
1150 2476 1178 2521 et
1187 2470 1307 2521 humana
1319 2487 1394 2522 men·

853 2542 880 2588 te
898 2538 1025 2604 digniora
1043 2546 1120 2605 sunt,
1141 2540 1213 2591 viam
1233 2543 1314 2607 quasi
1330 2557 1397 2608 spe

851 2610 938 2659 ruisse
952 2611 1102 2660 censendus
1114 2617 1157 2660 eat
1173 2626 1221 2675 pro
1234 2627 1280 2673 eo,
1304 2613 1351 2677 qui
1367 2613 1397 2661 in

850 2678 910 2743 ipso
922 2680 1027 2741 inerat,
1043 2695 1108 2730 sero
1121 2678 1260 2744 religionis
1272 2697 1357 2732 sensu
1368 2689 1397 2733 et

850 2748 962 2813 iugenio
976 2765 1059 2814 supra
1072 2748 1171 2815 vulgus
1184 2756 1212 2799 et
1225 2751 1335 2801 omuino
1353 2767 1397 2802 su-

851 2833 900 2882 pra
920 2833 998 2868 suam
1014 2819 1099 2884 ipsius
1118 2825 1237 2870 aetatem
1255 2820 1397 2872 eminenti.

850 2888 931 2937 Facit
956 2888 1018 2949 huc,
1047 2888 1119 2954 quod
1146 2887 1261 2939 Athenis
1292 2888 1397 2940 cultam

850 2956 937 3007 fuisse
947 2960 1102 3023 accepimus
1114 2958 1265 3008 Minervam
1271 2952 1397 3025 Ilporot-

851 3042 900 3090 αν,
920 3026 954 3077 de
979 3043 1034 3093 qua
1053 3027 1124 3078 coni.
1145 3029 1265 3094 Lenuep.
1283 3028 1303 3080 1.
1321 3029 1341 3081 l.
1370 3036 1399 3082 et

852 3101 922 3147 nott.
936 3097 969 3146 ad
982 3097 1083 3149 Herod.
1097 3097 1124 3160 1,
1138 3097 1180 3149 ut.

886 3157 995 3215 ἐοῦσα
1020 3164 1106 3233 σοφή]
1136 3167 1187 3216 llis
1216 3183 1277 3218 cum
1303 3170 1398 3220 verbis

851 3236 922 3301 quod
935 3234 1086 3302 Schweigh.
1104 3242 1131 3287 et
1142 3233 1231 3288 Gaias.
1249 3240 1399 3290 coniunxe-

850 3310 914 3355 runt
924 3307 1088 3358 antecedens
1100 3297 1169 3369 ἔστι,
1182 3306 1255 3372 quod
1268 3308 1303 3357 ad
1316 3301 1398 3367 οἰκὸς

850 3377 986 3439 pertinet,
1005 3376 1130 3442 equidem
1145 3375 1279 3436 disiunxi;
1305 3394 1397 3444 neque

850 3445 985 3497 cnimhuc
1002 3447 1121 3510 pertinet
1133 3446 1161 3495 id
1175 3446 1283 3498 dicendi
1297 3463 1397 3512 genus,
1442 3471 1450 3479 ·

851 3514 884 3563 de
898 3530 952 3580 qno
963 3516 1000 3566 ad
1013 3516 1072 3575 111,
1084 3517 1119 3567 49
1130 3515 1258 3566 diximus.
1283 3519 1318 3567 in
1332 3534 1397 3583 pro·

850 3586 922 3635 xime
945 3601 1020 3651 seqq.
1046 3586 1080 3635 ob
1102 3585 1264 3650 particulam
1285 3580 1339 3650 μὲν
1369 3592 1397 3637 in

850 3654 937 3730 pgiori
968 3656 1100 3706 orationis
1134 3661 1211 3721 parte
1244 3658 1396 3721 repetitam

854 3723 918 3787 (οσο
931 3717 992 3788 μὲν
1005 3722 1130 3774 -ταῦτα
1141 3719 1203 3790 μὲν)
1215 3726 1288 3777 coni.
1303 3727 1396 3778 Kueh-

852 3795 1008 3846 nerGr.Gr.
1022 3798 1044 3858 5.
1055 3794 1114 3854 733,
1128 3795 1153 3845 h.
1165 3796 1292 3860 Hartung
1307 3797 1396 3848 Lehre

851 3864 878 3913 d.
893 3864 1082 3940 griecthart.
1098 3864 1120 3914 1.
1138 3880 1165 3930 p.
1182 3864 1240 3916 177.
1259 3865 1395 3917 Voculam

849 3925 902 3996 γὰρ
915 3941 978 3998 post
992 3946 1045 3982 οσα
1062 3925 1113 3998 μὲν
1127 3934 1265 4000 invectam
1276 3943 1395 3986 receutt.

849 4002 909 4055 cdd.
917 4003 976 4052 iure
987 4003 1152 4054 deleverunt.
1166 4003 1209 4055 Cf.
1216 4006 1291 4055 Reiz.
1300 4006 1395 4057 Praei.

847 4088 874 4137 p.
887 4073 951 4122 xlx
963 4078 991 4122 et
1001 4073 1115 4124 Bredor.
1130 4088 1193 4138 pag.
1205 4075 1250 4136 so,
1263 4089 1324 4124 cum
1338 4091 1395 4140 quo

848 4141 941 4192 codem
952 4158 1016 4206 pag.
1025 4141 1141 4193 103dedi
1153 4141 1275 4208 πεποιήκ
1287 4158 1310 4206 ε,
1320 4145 1395 4211 quod

847 4210 910 4261 inde
924 4227 940 4261 a
953 4212 1078 4264 Bekkero
1088 4212 1255 4263 recentiores
1274 4213 1336 4263 edd.
1353 4231 1395 4265 re-

847 4285 977 4345 ceperunt
991 4280 1311 4347 promulgatamque.
1326 4284 1393 4334 Mox

847 4365 907 4399 curu
931 4350 1026 4401 iisdem
1052 4352 1175 4401 dedimus
1200 4342 1316 4417 ἐπιλίπῃ
1341 4370 1393 4418 pro

847 4418 920 4484 vulg.
954 4410 1131 4484 ἐπιλίπηται,
1169 4421 1242 4487 qnod
1275 4424 1394 4473 retinuit

257 4496 339 4552 στησο
361 4486 420 4543 τοῖς
439 4472 526 4552 ὅλοις)
550 4486 609 4538 sive
628 4477 716 4554 τῦχην
737 4490 796 4539 sive
845 4489 944 4539 Matth.
963 4489 1026 4541 Vid.
1042 4491 1157 4542 Werier.
1176 4492 1205 4540 in
1220 4493 1293 4541 dett
1312 4492 1390 4558 phili.
