3042 5125
447 384 772 451 MELPOMENE.
795 388 852 450 1v.
873 398 917 454 99.
1206 385 1268 448 493

128 573 307 644 θάλασσαν
320 578 483 667 φέροντα,
507 577 568 668 τῆν
581 605 617 647 τε
636 577 718 669 πρὸς
737 586 948 670 μεσαμβρίην
960 579 1017 648 καὶ
1029 576 1092 668 τῆν
1112 576 1194 667 πρὸς
1207 578 1269 667 τῆν

128 674 197 767 ῆοὶ,
218 679 366 771 κατάπερ
385 686 442 770 τῆς
461 679 606 771 Ἀττικῆς
627 682 750 774 χώρης·
780 687 836 753 καὶ
857 682 1071 774 παραπλήσια
1090 681 1194 772 ταύτῃ
1212 685 1269 751 καὶ

128 788 165 852 οἱ
187 787 312 874 Ταῦροι
331 787 489 874 νέμονται
514 790 570 874 τῆς
592 791 786 877 Σκυθικῆς,
814 782 859 868 ὡς
882 795 914 857 εί
937 791 995 876 τῆς
1016 784 1162 875 Ἀττικῆς
1187 783 1268 855 dato

76 901 127 952 327
138 893 242 966 ἔθνος
264 890 320 956 καὶ
338 886 384 978 μῆ
401 886 572 979 Ἀθηναῖοι
591 899 746 981 νεμοίατο
768 887 828 960 τὸν
846 889 973 981 γουνὸν
992 889 1052 961 τὸν
1064 887 1268 976 Σουνιακὸν,
1368 949 1383 976 ,

126 995 258 1079 μᾶλλον
278 994 311 1071 ἐς
328 990 387 1061 τὸν
409 992 534 1062 πόντον
553 993 614 1083 τῆν
636 993 744 1086 ἄκρην
763 992 942 1085 ἀνέχοντα,
962 992 1022 1064 τὸν
1042 991 1108 1065 ἀπὸ
1122 998 1269 1084 Θορικοῦ

126 1190 263 1259 Iapygiae
293 1198 383 1245 terrae
410 1195 576 1246 mentionem
605 1197 674 1249 baec
724 1186 864 1263 ὸὸψηλὸς
875 1188 961 1254 τόπος
972 1187 1030 1246 ἀπὸ
1039 1194 1202 1262 μεταφορᾶς
1212 1193 1268 1246 τῶν

126 1263 191 1328 ipsa
202 1262 324 1314 inItalia
336 1263 424 1315 literis
436 1266 592 1331 mandasse,
600 1267 675 1319 haud
724 1260 868 1333 ἐνοοῆιατι
881 1259 1024 1331 γονάτων,
1040 1254 1060 1314 ἃ
1077 1258 1171 1331 ἐξέχει.
1200 1266 1268 1317 Inde

125 1348 241 1398 prorsus
249 1333 436 1399 improbabilis
445 1337 622 1402 eatsuspioio.
632 1337 674 1387 ef.
724 1342 807 1404 ίιιρνια
821 1338 912 1388 reddit
926 1337 1052 1401 Lhardy‚
1070 1338 1169 1403 Negris
1186 1336 1268 1387 inter-

126 1401 295 1454 Dablmann.
308 1404 439 1456 Herodot.
456 1420 521 1471 pag.
533 1406 576 1457 50.
607 1407 674 1469 Qui·
724 1411 849 1473 pretatur
872 1398 985 1472 ὑψηλὸν
1012 1398 1113 1473 τόπον,
1141 1405 1196 1456 nisi
1217 1422 1267 1472 pro

126 1473 179 1523 bns
199 1474 328 1525 Cr.haeo
349 1475 547 1540 adscripserat:
573 1477 674 1540 „Haec
724 1469 829 1542 γουνὸν
847 1476 1019 1529 scribendum
1037 1468 1153 1543 βουνόνε
1177 1491 1267 1542 aquo

125 1544 248 1608 Magnae
260 1543 392 1596 Graeciae
407 1543 558 1595 incolarum
573 1548 602 1596 in
613 1563 674 1611 gra-
723 1551 799 1598 recte
811 1547 1002 1599 abstinuerunt
1019 1548 1123 1612 posteri
1137 1546 1267 1599 editores.

125 1614 197 1663 tiam
220 1612 332 1665 Thuriis
358 1615 393 1665 ab
413 1615 554 1665 Herodoto
578 1616 673 1666 addita
722 1618 847 1684 Longius
874 1617 963 1668 reddit
990 1616 1147 1667 vernacule:
1175 1617 1267 1666 Land-

124 1686 223 1734 cenaet
235 1682 356 1736 Mittord.
373 1685 402 1733 io
413 1685 487 1735 Hist.
501 1685 597 1736 Graec.
611 1686 671 1737 Vol.
721 1685 937 1752 apitzaeSchoell:
947 1688 1072 1738 Vorzand.
1078 1687 1168 1752 Magis
1176 1686 1268 1751 placet

126 1754 166 1803 11.
189 1768 217 1818 p.
231 1752 283 1805 356
298 1769 355 1819 seq.
376 1768 448 1806 vere.
467 1770 577 1805 vernae.
590 1756 672 1806 Eich-
728 1758 871 1823 Wadanq,
885 1758 1054 1821 Krtmmaag,
1071 1771 1125 1821 quo
1142 1755 1266 1806 modoet

124 1823 250 1873 staedt.“
282 1823 351 1874 Add.
363 1824 497 1890 Krueger:
510 1824 607 1889 ,Ueber
621 1825 671 1878 das
722 1826 812 1878 h.l.et
821 1828 850 1877 in
859 1826 971 1876 Homeri
977 1825 1105 1890 Odyss.1‚
1114 1825 1164 1877 193
1170 1839 1265 1876 vocem

124 1893 220 1943 Leben
234 1894 281 1944 des
293 1892 445 1959 Thucydid.
457 1909 521 1961 pag.
532 1895 575 1945 25.
722 1890 827 1960 γουνὸν
841 1896 920 1946 reddi
932 1895 992 1948 vult
1002 1895 1094 1946 AmeIs
1106 1896 1140 1947 ad
1152 1895 1265 1945 Homeri

161 1958 212 2039 καί
233 1957 272 2044 μῆ
297 1953 442 2028 Ἀθηναῖοι
469 1963 599 2028 νεμοίατο
623 1955 672 2013 τὸν
722 1966 741 2017 l.
749 1966 768 2018 l.
785 1964 967 2016 L.Diudorfio
977 1963 1072 2030 (Thes.
1084 1964 1151 2031 ling.
1166 1964 1263 2016 Gracc.

126 2046 233 2096 γουνον
241 2048 292 2082 τον
299 2024 471 2100 Σουνιακόν]
484 2034 569 2086 Hisce
582 2034 672 2087 verbis
723 2036 759 2086 11.
778 2051 805 2101 p.
818 2035 881 2100 744)
898 2049 1005 2102 quoque
1016 2033 1089 2084 haud
1101 2035 1213 2085 dubium
1225 2034 1266 2086 vi-

126 2105 224 2154 statim
252 2105 381 2169 postponi
407 2102 467 2154 vult
498 2104 672 2165 Valckenar„
723 2105 818 2170 detur,
833 2107 901 2171 quin
911 2098 1012 2169 γουνὸς
1023 2104 1144 2155 eiusdem
1154 2105 1191 2156 οἱ)
1202 2105 1266 2153 stit·

126 2187 198 2238 quae
215 2173 297 2238 paulo
309 2172 472 2224 iuferiusvu
503 2174 672 2240 elegantur:
722 2176 776 2241 pis,
788 2175 866 2226 cuius
879 2164 956 2240 γόνυ,
968 2171 1067 2237 γῶνος,
1078 2172 1265 2239 γωνίαςηοοᾱ

126 2236 177 2292 τὸν
189 2233 248 2293 ἀπὸ
260 2240 383 2308 Θορικοῦ
391 2236 471 2308 μέχρι
488 2234 672 2307 Αναφλὸττου
722 2246 748 2297 si
765 2249 839 2295 reete
855 2245 958 2296 dictum
976 2248 1033 2307 est,
1052 2244 1165 2295 eandem
1180 2244 1265 2295 ferme

127 2304 230 2379 δῆμον.
262 2312 363 2364 Sedes
379 2313 440 2379 ipsa
453 2315 574 2378 proxime
595 2318 671 2364 ante-
723 2322 771 2366 aut
779 2330 873 2379 parem
881 2319 954 2366 certe
964 2313 1191 2380 significationem
1201 2328 1265 2380 quo·

126 2382 289 2435 cedentibus
304 2377 355 2432 τὸν
371 2377 520 2448 γουνὸν-
535 2374 672 2447 ἀνέχοντα
723 2401 775 2450 que
791 2384 915 2437 habebit.

126 2452 161 2504 ad
182 2452 323 2504 meliorem
345 2454 499 2505 sententiae
520 2454 673 2521 intelligen-
756 2448 807 2505 τὸν
820 2448 922 2519 γουνὸν
939 2449 989 2504 τὸν
1001 2442 1204 2503 Σουνιακὸν-
1216 2441 1265 2501 ἆν-

127 2524 195 2574 tiam
206 2522 291 2576 adiici
304 2527 411 2591 putem,
427 2524 536 2576 minime
547 2523 608 2576 loco
620 2540 671 2577 auo
722 2518 833 2592 ἔχοντα)
855 2525 1002 2593 „Neglexit
1013 2525 1042 2574 in
1054 2523 1099 2575 bis
1107 2522 1264 2574 Herodotus

126 2594 275 2646 movenda.
289 2595 349 2645 Vox
359 2588 460 2659 γουνὸς
472 2611 504 2646 eo
515 2611 606 2659 sensu,
618 2611 671 2662 quo
720 2611 821 2663 pagum
830 2596 1039 2656 Azeniemium,
1054 2608 1133 2660 quem
1145 2608 1208 2644 raro
1219 2609 1264 2644 ve·

126 2665 202 2731 apud
225 2665 375 2716 Homerum
398 2665 448 2732 (ci.
471 2665 670 2729 111.1x,534.
722 2665 827 2717 teribus
850 2670 1028 2717 memoratum
1045 2664 1156 2714 minoris
1178 2662 1264 2713 tuisse

124 2735 234 2797 XVIII,
246 2735 290 2787 97.
307 2735 406 2801 Odyss.
419 2735 441 2798 Ι,
457 2733 516 2787 193.
531 2736 579 2799 ΧΙ,
595 2734 669 2800 323),
719 2740 831 2787 constat
850 2737 993 2787 momenti:
1025 2733 1077 2784 hoe
1099 2737 1212 2798 excepto
1235 2733 1264 2782 in

124 2805 279 2857 Hesiodum
291 2804 441 2871 (Theogon.
455 2806 498 2857 54.
509 2804 588 2870 329),
606 2806 672 2856 Pin·
719 2806 827 2857 Atticos
843 2805 878 2856 ad
897 2806 985 2856 sinum
998 2802 1159 2856 Saronicum
1177 2801 1263 2853 latere

124 2875 223 2926 darum
239 2873 349 2939 (Istbm.
366 2876 419 2938 IV,
434 2875 496 2940 42),
510 2874 580 2928 alios
595 2876 671 2927 inve-
719 2878 805 2928 denus
818 2881 878 2928 erat
891 2876 1077 2941 Anaphlystos,
1100 2872 1184 2924 Sunio
1197 2872 1264 2922 vici·

124 2946 201 2996 nitur
219 2943 324 2998 desolo
341 2945 435 3009 fertili,
456 2945 581 3009 secundo,
608 2959 670 2996 oum
720 2961 785 2996 nus:
804 2947 883 2997 Santi
902 2945 1115 3011 promontorimn
1130 2958 1201 2993 nave
1217 2943 1264 2993 fle·

123 3015 171 3067 hio
189 3013 317 3066 adhiberi
330 3020 463 3081 nequeat,
483 3017 612 3081 quoniam
623 3015 671 3064 At·
720 3016 858 3068 etentibua
876 3016 937 3067 sive
954 3030 1035 3080 super
1054 3013 1166 3065 Sunium
1187 3012 1263 3064 navi-

123 3088 182 3136 tioa
201 3091 277 3137 terra
290 3085 400 3136 omnino
419 3085 522 3137 sterilis
535 3085 604 3149 fuit,
625 3102 670 3135 ακ-
718 3086 848 3152 gentibus
866 3086 900 3137 ab
910 3084 997 3136 altero
1006 3084 1094 3135 latere
1104 3083 1207 3149 primus
1220 3097 1264 3133 oo·

121 3159 179 3221 ριιιὶ
188 3156 330 3206 notionem
345 3156 471 3221 accipere
488 3155 597 3207 videtur
605 3154 671 3205 Val·
720 3156 863 3220 currebat,
881 3156 917 3206 ad
930 3155 1070 3206 sinistram
1077 3169 1162 3220 papas
1174 3153 1262 3204 Thori-

124 3224 206 3278 ckcn.
223 3231 251 3276 et
264 3225 431 3277 Schneidero
446 3226 475 3276 in
493 3226 560 3276 Lex.
573 3225 620 3277 Gr.
635 3223 669 3276 ob
720 3243 773 3278 cus.
798 3224 937 3292 Quidquid
949 3224 983 3275 ab
992 3223 1162 3290 Anaphlysto
1173 3221 1208 3273 ad
1217 3237 1263 3273 ua-

122 3295 310 3362 Hoeycffium,
328 3297 376 3362 qui
392 3296 416 3347 I.
428 3311 491 3361 pag.
505 3296 557 3348 870
568 3292 667 3359 yoivoe·
720 3312 772 3362 que
783 3296 928 3348 Thorieum
942 3299 1076 3346 terrarum
1085 3293 1174 3359 magis
1183 3293 1213 3343 in
1225 3291 1263 3342 al·

122 3359 236 3429 γουνὸς.
268 3366 348 3428 Quod
360 3366 456 3431 utique
471 3364 611 3431 probabile
627 3364 670 3415 vi·
719 3371 778 3416 tuns
807 3366 971 3429 nominabat,
984 3355 1087 3430 γουνὸν
1098 3361 1262 3414 vocatZov-

125 3436 185 3487 deri
194 3450 277 3503 posse
291 3437 397 3488 iudicat
409 3435 669 3502 Schweighaeuser„
719 3451 835 3502 νιακον,
859 3434 964 3502 μᾶλλον
987 3429 1018 3484 δὲ
1039 3426 1068 3492 ἐς
1085 3427 1134 3483 τὸν
1157 3424 1263 3483 πόντον

124 3507 173 3572 qui
190 3507 335 3558 iantina
350 3507 476 3557 versione
493 3522 554 3558 eum
572 3506 669 3555 inmo-
718 3498 773 3571 τὴν
793 3495 885 3573 ἄκρην
901 3496 1072 3570 ἀνέχοντα.“
1109 3506 1135 3554 V
1140 3504 1261 3555 olcken.

124 3577 188 3628 dum
199 3592 306 3644 quoque
318 3575 483 3629 reddendam
493 3576 564 3626 banc
573 3590 669 3625 vocem
718 3576 774 3628 Ubi
803 3592 870 3628 sane
896 3577 1072 3627 accusativus
1096 3566 1148 3638 τὴν
1170 3562 1263 3636 ἄκρην

123 3663 184 3699 esse
193 3648 315 3713 putavit:
332 3648 362 3698 in
373 3647 552 3698 adnotatione
565 3646 600 3697 ad
613 3644 639 3694 h.
651 3643 669 3693 l.
718 3646 821 3712 pendet
831 3662 848 3697 a
856 3646 940 3698 verbo
951 3636 1095 3708 ἀνέχοντα,
1109 3642 1262 3694 cuitransi-

121 3717 271 3769 videndum
281 3733 341 3770 esse
358 3719 414 3780 ait,
434 3732 469 3767 ne
482 3716 530 3767 illa
541 3713 670 3767 vocabuli
718 3717 805 3768 tivam
825 3716 870 3766 hio
886 3717 986 3767 Noster
1003 3713 1100 3765 tribuit
1115 3712 1262 3763 notionem.

122 3780 227 3852 γουνὸς
243 3788 447 3855 interpretatio,
469 3803 522 3853 qua
534 3787 669 3850 secundino
718 3787 884 3839 Prominendi
911 3785 1022 3835 notione
1051 3782 1123 3832 idem
1150 3780 1262 3833 verbum

122 3863 202 3911 solva
220 3857 303 3926 vulgo
321 3857 492 3924 intelligunt,
510 3856 620 3908 nonnisi
635 3871 669 3906 ex
718 3857 786 3918 VII,
807 3856 865 3907 123.
882 3855 927 3918 ΙΙ,
947 3854 990 3905 29.
1014 3852 1138 3916 Thucyd.
1157 3850 1211 3914 IV,
1228 3849 1262 3901 53

123 3927 306 3995 etymologica
326 3930 485 3980 coniectura
501 3943 518 3977 a
530 3926 670 3978 Gramma·
719 3926 782 3977 coll.
796 3925 929 3976 Herodot.
944 3924 1066 3988 1v,177.
1103 3920 1182 3985 Quod
1196 3935 1261 3971 vero

123 3999 188 4051 tiois
205 3999 290 4049 fuerit
305 3998 421 4050 conficta
434 3997 569 4064 longeque
581 3995 671 4047 diver·
717 4011 768 4116 ρτο
780 3986 810 4052 ἐς
822 3985 871 4044 τὸν
889 3984 996 4043 πόντον
1016 3992 1080 4044 olim
1098 3991 1159 4058 quis
1173 3989 1263 4041 voluit

123 4084 182 4120 sam
198 4070 254 4119 vim
269 4072 375 4121 ueteres
393 4071 519 4119 auctores
538 4066 563 4116 ei
580 4066 668 4117 subie
735 4082 749 4124 ς
764 4060 847 4115 νότον
864 4062 902 4132 (in
913 4060 1051 4130 austrum),
1073 4064 1171 4115 merito
1184 4076 1263 4126 repu-

123 4140 226 4203 oerint,
246 4140 314 4191 adeo
324 4143 356 4189 ut
365 4139 485 4190 fortasse
497 4128 598 4201 γουνὸς
611 4139 669 4187 emi·
718 4135 808 4188 diavit
820 4132 983 4201 Wesseling.
996 4135 1085 4184 citans
1099 4134 1153 4196 IV,
1167 4132 1217 4185 177
1234 4137 1263 4209 et

123 4211 454 4272 »commmemoratione
468 4211 591 4260 veterum
612 4220 668 4257 ser·
718 4206 764 4271 11,
785 4206 828 4259 99.
866 4209 924 4257 Neo
944 4204 1031 4270 magIs
1053 4218 1123 4270 opus
1143 4217 1192 4268 pro
1212 4216 1263 4251 τον

123 4295 202 4331 mone
217 4278 395 4346 significarit,
417 4283 449 4329 ut
462 4279 535 4344 apud
548 4275 669 4342 Hesych.
720 4276 798 4341 (ante
810 4266 867 4326 ἀπὸ
879 4272 1015 4341 Θορικοῦ)
1026 4272 1159 4339 reingere
1172 4266 1203 4322 τὸ
1214 4277 1264 4323 aut

122 4342 365 4414 γουνιαῖοςτόπος
382 4350 480 4401 deloco
496 4350 609 4411 editiori,
630 4351 668 4398 in·
720 4344 783 4400 τῶν.
826 4347 950 4412 Namque
975 4361 990 4396 e
1009 4344 1099 4395 nostri
1121 4342 1262 4408 scriptoris

54 4479 55 4484 η
122 4429 179 4472 star
186 4437 254 4487 perus
263 4423 386 4480 eminenti,
395 4421 515 4485 Itemque
524 4416 670 4499 apudEtp·
720 4417 1002 4468 senteutiaSaniacwa
1020 4418 1102 4479 ιὐμαπι
1119 4416 1185 4464 iuter
1197 4411 1293 4463 Aua.

124 4490 187 4542 mol.
201 4507 264 4557 pag.
277 4488 339 4555 233,
353 4491 383 4541 b:
403 4483 508 4554 λέγεται
523 4483 554 4539 δὲ
568 4501 669 4551 γουνος
719 4504 766 4539 coe
786 4501 869 4553 papea
891 4487 1022 4536 Ttaricam
1044 4493 1069 4536 et
1082 4483 1264 4549 Απαμὴίγτοαιι
