3042 5125
267 375 329 439 216
700 375 968 440 HERODOTI

267 567 388 658 ίιθρόοι
409 572 473 639 εἰσὶ
495 571 531 638 ἐν
551 572 592 657 τῇ
611 567 747 659 Ἀραβίη
763 572 819 638 καὶ
840 565 973 658 οὐδαμῇ
994 567 1095 659 ἄλλη
1123 567 1205 639 κατὰ
1224 572 1315 637 τοῦτο
1335 574 1381 638 do·

269 675 513 744 κὲουσιττυλλοὶ
527 671 622 742 εἶναι.
1068 676 1071 681 “

380 775 447 846 Τὸν
465 775 527 865 μὲν
551 772 592 863 δὴ
611 772 798 862 λιβανωτὸν
824 779 943 844 τοῦτον
964 772 1051 844 οὕτω
1077 780 1218 844 κτῶνται
1243 771 1383 861 Ἀράβιοι,

270 877 331 968 τὴν
348 881 384 949 δὲ
399 887 519 966 κασίην
533 869 608 947 ὦδε.
640 876 743 947 lusio
763 879 1013 967 καταδήσωνται
1031 876 1174 967 βύρσῃσι
1189 879 1243 946 καὶ
1264 881 1383 966 δέρμασι
1417 944 1423 961 ,

271 981 399 1054 ἄλλοισι
426 986 493 1052 πᾶν
519 979 557 1051 τὸ
583 985 678 1070 σῶμα
709 985 765 1051 καὶ
792 980 828 1051 τὸ
855 982 1052 1071 πρόσωπον,
1087 980 1174 1070 πλὴν
1200 977 1306 1049 αὐτῶν
1329 985 1384 1049 τῶν

268 1084 473 1176 ὀφθαλμῶν,
498 1091 650 1172 ἔρχονται
665 1088 719 1154 ἐπὶ
737 1083 799 1174 τὴν
812 1095 939 1174 κασίην.
965 1082 986 1173 ἡ
1006 1085 1043 1154 δὲ
1061 1088 1098 1154 ἐν
1112 1093 1211 1174 λίμνη
1225 1082 1336 1170 φύεται
1351 1081 1384 1153 οὐ

269 1194 394 1279 βαθέῃ·
422 1189 499 1278 περὶ
519 1188 555 1257 δὲ
577 1184 683 1276 αὐτὴν
702 1191 756 1257 καλ
778 1191 815 1258 ίν
835 1185 920 1279 αὕτη
941 1184 1110 1272 αὐλίζεταί
1127 1215 1190 1257 κον
1205 1194 1303 1275 θηρία
1320 1210 1384 1255 κτε-

270 1292 377 1383 ρωτὰ,
399 1297 474 1381 τῇσι
489 1301 660 1381 νυκτερίσι
679 1300 861 1379 αροσίκελα
880 1291 1039 1381 μάλιστα,
1061 1294 1117 1360 καὶ
1137 1294 1264 1380 τέτριγε
1278 1289 1385 1375 δεινὸν,

205 790 263 853 ΙΙΟ

864 1459 906 1509 tui
916 1458 1018 1525 possit,
1033 1457 1062 1508 in
1076 1474 1129 1524 quo
1143 1457 1252 1509 diversa
1265 1457 1338 1508 suerit
1348 1471 1385 1507 co·

864 1531 934 1580 sias
950 1529 1122 1581 cinnamomo
1145 1532 1174 1578 et
1192 1542 1315 1592 quorsum
1325 1532 1386 1577 utra·

864 1615 916 1665 que
928 1598 1009 1648 arbor
1018 1598 1115 1648 referri
1124 1597 1233 1650 debeat.
1252 1597 1318 1659 Quid
1327 1594 1386 1660 quod
1473 1624 1475 1635 ι

864 1672 1014 1733 praeeunte
1033 1667 1139 1719 Galeno
1161 1669 1216 1728 (Do
1233 1667 1315 1716 antid.
1333 1667 1353 1719 1.
1365 1680 1386 1728 p.

865 1736 910 1801 70)
924 1736 967 1788 rel
982 1739 1149 1788 recentiores
1167 1736 1287 1786 botanici
1305 1736 1388 1784 abuna
1474 1758 1475 1781 ι

270 1464 407 1582 ἳῄναηίηηε
420 1459 499 1510 multi
512 1474 572 1510 esso
584 1460 719 1511 ridentur.
733 1459 813 1511 Cous.

321 1568 327 1595 ,
395 1567 401 1580 .

471 1683 537 1736 Osa.
557 1682 613 1733 CX.

304 1777 357 1851 τὴν
370 1778 400 1835 δὲ
414 1785 527 1852 κασίην]
545 1786 722 1851 „Herodotee
737 1786 815 1836 cusia

270 1861 312 1907 eut
323 1854 408 1905 κασία
420 1849 517 1921 σύριγξ
531 1872 553 1907 s.
564 1860 649 1908 cassia
655 1855 815 1920 fistuloffle-

270 1924 351 1991 nelle)
374 1932 402 1976 et
421 1943 485 1977 voro
507 1928 625 1977 tortasse
637 1929 741 1977 Laurus
757 1942 814 1976 caa—

270 1999 310 2047 sia
327 1996 423 2059 Liun.,
441 1997 591 2047 consimilis
611 1996 812 2047 cinnamomo.“

272 2066 422 2117 Creuzer.
442 2064 732 2118 Commonitllerodd.
746 2080 811 2131 pag.

265 2135 319 2195 etl,
336 2135 381 2184 ubi
400 2140 509 2199 praeter
521 2136 576 2186 alia
588 2138 657 2186 citat
669 2135 813 2201 primarios

271 2204 304 2254 da
323 2206 401 2254 casio
416 2204 492 2256 locos
507 2206 660 2256 Dioscorid.
684 2204 713 2265 1,
735 2205 765 2253 12
784 2210 813 2254 et

271 2272 455 2337 'l'heophrnst
467 2275 520 2340 IX,
537 2277 580 2327 45.
593 2275 715 2324 Heeren:
728 2274 812 2324 Ideeu

271 2344 293 2404 l,
306 2344 331 2390 2.
343 2343 509 2406 pagellum.
524 2360 557 2394 err
571 2343 622 2395 riri
634 2343 709 2393 docti
722 2345 813 2393 cuius-

272 2410 334 2460 dam
354 2412 520 2464 auctoritate
536 2414 697 2478 pronuntiat
711 2410 813 2478 κασίην

271 2495 331 2531 esso
343 2479 455 2531 Laurum
465 2487 574 2534 caenam
586 2483 666 2531 Linn.
682 2483 751 2532 Tum
764 2481 813 2548 igi·

271 2554 315 2600 tur
334 2555 457 2600 nostrum
482 2552 545 2602 erit:
571 2553 659 2602 mildcr
679 2554 765 2603 Zr'mmt
789 2569 812 2606 s.

272 2620 456 2680 Μιιαενιὺινιιι,
474 2624 635 2682 Zirnmtsorle,
649 2623 722 2687 quod
733 2637 814 2687 gene·

271 2690 371 2739 rosiori
390 2689 512 2742 canellue
529 2691 684 2743 Zeilonicue
709 2707 732 2742 a.
754 2693 812 2742 oin-

271 2775 396 2810 nemomo
410 2766 557 2825 cognatum
569 2762 664 2811 fertur.
686 2761 765 2823 Vid,
778 2778 813 2814 ne

271 2829 364 2895 plura.
384 2831 595 2882 Rosenmueller.
609 2831 678 2882 Bibl.
695 2831 814 2882 Archae-

271 2899 340 2963 olog.
361 2899 406 2960 11,
430 2901 454 2951 1.
476 2917 541 2967 pag.
562 2900 614 2952 270
634 2917 692 2965 seq.
709 2902 814 2953 Winer.

270 2968 343 3020 Bibl.
355 2968 552 3022 Realwiirterb.
565 2971 588 3023 1.
606 2986 632 3036 p.
646 2970 697 3021 769
708 2970 741 3021 ed
758 2987 814 3024 sec.

271 3056 450 3106 cinnamomum
477 3045 578 3138 (pilipp,
602 3056 673 3105 coni.
688 3060 758 3107 nott.
779 3055 814 3106 od

271 3125 329 3185 111,
347 3123 402 3174 107.
419 3123 495 3194 ΙΙΙ),
510 3139 589 3176 curus
606 3126 712 3189 species
729 3140 814 3190 quae-

271 3192 334 3242 dam
349 3193 408 3243 sive
426 3195 546 3245 varietas
567 3197 643 3244 casio
661 3210 721 3245 esse
737 3194 813 3246 vide·

270 3267 331 3323 tur,
348 3272 391 3312 est
405 3265 508 3314 Laurus
527 3267 703 3316 σίνηαινυναιντ
720 3265 811 3324 Lirin„

270 3332 348 3381 cuius
368 3338 462 3382 cortex
484 3338 608 3383 nostrum·
626 3337 669 3383 est
688 3335 773 3384 Ζίυινιι
788 3350 810 3384 α.

271 3403 386 3458 Cunelle;
411 3417 464 3466 quo
485 3402 647 3452 crassiorem
668 3404 811 3469 minusque

270 3468 398 3521 subtilem
425 3472 553 3522 corticem
583 3472 659 3522 cesis
685 3471 766 3522 arbor
788 3490 811 3524 s.

270 3541 378 3590 Laurus
390 3540 481 3590 cassia
495 3541 586 3591 habet.
601 3542 679 3592 (lons.
693 3543 808 3593 Heeren.

269 3608 288 3657 Ι.
301 3608 320 3660 Ι.
341 3610 369 3670 Ι,
391 3610 415 3658 2.
434 3625 499 3676 pag.
517 3613 577 3662 249.
596 3612 810 3663 Rosenmueller.

269 3678 287 3728 l.
295 3678 314 3728 l.
326 3683 353 3728 et
362 3680 508 3745 praecipue
519 3682 620 3731 Kruse:
633 3682 743 3732 Iudiens
754 3682 811 3731 alte

270 3748 433 3799 Gesclrichte
447 3765 510 3814 pag.
525 3749 585 3812 375,
602 3752 649 3816 qni
666 3767 737 3816 quae
757 3752 810 3801 huc

865 1806 1014 1872 eademque
1026 1806 1123 1857 arbore
1135 1806 1279 1871 provenire
1293 1810 1388 1856 conten·

865 1877 933 1927 dunt
949 1877 1066 1927 cossium
1085 1880 1113 1927 et
1131 1878 1338 1934 cinnamomum,
1355 1889 1387 1924 re

864 1951 1003 2012 pugnante
1020 1945 1136 2008 Linkio,
1156 1945 1202 2010 qui
1219 1946 1260 1996 ita
1276 1943 1388 2008 distingui

864 2015 938 2077 vult,
956 2020 987 2066 ut
1005 2015 1119 2065 alterum
1143 2014 1263 2079 appellet
1279 2016 1388 2065 Perseum

865 2087 1075 2148 cinnamomum,
1087 2084 1202 2135 alteram
1213 2085 1332 2136 Peraeam
1340 2098 1388 2132 cos-

863 2156 949 2217 sium,
968 2159 1111 2219 utramque
1132 2154 1264 2206 Indicam.
1290 2155 1329 2207 Τι
1342 2151 1387 2200 vid.

863 2227 951 2276 Kruse
964 2224 981 2276 l.
995 2224 1014 2275 l.
1025 2222 1150 2289 pag.378
1165 2240 1240 2290 seqq.
1251 2224 1387 2274 etLassen:

863 2295 922 2346 Iud.
943 2293 1141 2346 Alterthrrmsk.
1157 2295 1179 2344 1.
1203 2310 1230 2359 p.
1248 2294 1297 2344 279
1316 2307 1388 2355 seqq,

864 2365 911 2429 qui
921 2364 954 2414 de
963 2364 1006 2415 his
1018 2362 1134 2429 plurima
1144 2363 1303 2414 attulerunt.
1320 2360 1389 2427 Equi·

864 2434 925 2484 dem
938 2434 991 2484 hoc
1006 2448 1088 2483 unum
1101 2433 1191 2495 addo,
1205 2434 1275 2497 quod
1285 2437 1310 2483 et
1320 2444 1389 2495 suprs

865 2503 899 2553 ad
912 2504 964 2565 111,
976 2503 1025 2555 107
1035 2505 1090 2553 iam
1100 2504 1194 2569 posui,
1206 2502 1344 2553 Phoenices
1354 2514 1389 2550 ca

864 2575 934 2625 sium
949 2579 977 2625 et
992 2576 1209 2638 cinnamomum,
1227 2588 1285 2625 cum
1297 2573 1321 2622 iu
1334 2575 1390 2621 Ars·

864 2645 911 2694 bin
923 2645 1031 2694 minime
1044 2645 1209 2709 proveniat,
1229 2643 1275 2695 sed
1287 2639 1389 2692 inludis

864 2719 986 2776 tanturn,
999 2729 1031 2763 ex
1045 2714 1148 2764 Arabia
1161 2721 1266 2774 tumen,
1282 2727 1330 2776 quo
1339 2709 1389 2760 lodi

865 2783 1028 2846 attulerint,
1046 2784 1189 2848 accepisse
1205 2789 1233 2834 et
1245 2798 1277 2834 ex
1288 2797 1318 2833 ea
1327 2786 1389 2831 terra

865 2853 928 2903 dein
943 2854 971 2902 in
990 2853 1061 2904 alios
1075 2854 1149 2904 orbis
1167 2859 1297 2904 terrarum
1311 2855 1389 2916 partes

865 2922 1062 2975 transduxisse.
1095 2923 1177 2974 Unde
1201 2921 1323 2975 credibile
1346 2923 1389 2978 est,

865 3008 926 3043 earn
943 2991 1098 3056 opinionem
1117 2999 1207 3044 ortam
1219 3008 1291 3052 esse,
1309 2989 1389 3056 quain

865 3064 926 3126 ipsa
942 3062 1045 3112 Arabia
1063 3067 1090 3114 et
1111 3063 1216 3114 casiam
1230 3069 1257 3115 et
1269 3064 1389 3113 cinnano

864 3147 935 3181 mum
950 3132 1015 3181 oriri
1027 3137 1166 3197 putarent.

897 3198 959 3266 τῇσι
969 3199 1109 3266 νυκτερίσι
1118 3199 1279 3268 κροσίκελα]
1294 3198 1388 3262 vulget.

862 3269 1030 3332 προσείκελα
1042 3273 1148 3323 mutavi
1166 3286 1228 3323 cum
1239 3270 1353 3320 Bekkcro
1366 3271 1389 3314 et

860 3340 1007 3390 Dindorfio
1024 3341 1052 3390 in
1070 3339 1236 3404 προσίκελαε
1259 3339 1312 3391 rid.
1329 3341 1386 3387 nott.

861 3409 897 3459 ad
912 3410 965 3472 ΙΙΙ,
980 3411 1028 3474 81,
1043 3410 1090 3461 ubi
1103 3407 1204 3468 ἴκελος.
1224 3437 1257 3446 -
1270 3399 1297 3466 ἐς
1311 3398 1388 3469 dirps

861 3468 964 3542 ἄλκιμα
977 3481 1077 3531 Noster
1096 3480 1166 3530 dixit
1185 3480 1287 3531 bestiae
1298 3477 1330 3528 sd
1342 3476 1387 3524 rim

859 3548 1043 3613 repellendam
1057 3555 1183 3601 strenuas
1196 3549 1347 3624 fortiterque
1355 3559 1389 3622 re·

860 3619 1140 3670 sistentesvsrleken.
1152 3619 1296 3670 maluerat:
1312 3631 1342 3664 τα
1351 3630 1387 3679 τη-

861 3701 888 3737 σι
898 3687 1038 3753 νυκτερίσι
1047 3688 1215 3754 προσείκελα
1225 3678 1388 3753 μάλιστακαὶ

860 3755 964 3822 τέτριγε
984 3751 1092 3818 δεινὸν,
1116 3757 1168 3808 καί
1182 3750 1257 3808 ἔστιν
1271 3749 1298 3815 ἔς
1311 3745 1388 3816 &trip

270 3820 422 3882 pertinent,
452 3834 467 3869 e
489 3821 606 3871 vetustis
629 3822 810 3885 scriptoribus
860 3815 1386 3894 diaspro.Libriscriptinoncoufirmaul.

270 3888 365 3939 attulit
383 3890 480 3939 omnia.
506 3889 613 3939 Cariam
633 3895 660 3939 et
672 3892 812 3942 cinnamo·
860 3896 963 3961 τρίζειν
984 3898 1208 3964 vespertilionum
1229 3914 1301 3958 esse,
1322 3907 1386 3943 mon·

270 3974 341 4008 mum
358 3963 480 4009 veterum
499 3959 613 4010 eandem
625 3975 735 4024 prorsus
750 3977 810 4012 esse
860 3972 951 4017 strant
964 3966 994 4017 hi
1010 3967 1077 4018 loci:
1092 3969 1194 4018 Herod.
1210 3969 1263 4031 IV,
1284 3964 1338 4024 183.
1348 3960 1386 4011 ubi

269 4043 326 4077 rem
343 4043 431 4092 neque
446 4027 554 4081 differre
568 4033 713 4091 scapello,
730 4045 810 4094 quam
860 4035 1006 4097 vid.n0tt.;
1018 4030 1385 4101 Eustath.ad0dyss.XXlV,

269 4111 319 4146 uos
357 4096 438 4147 hodie
463 4113 608 4160 vocamus,
643 4098 811 4149 Beckmunni
864 4105 1385 4171 50tsdlli.11.p,173,4t;adDiouys.

269 4169 312 4215 ost
333 4166 471 4216 sententio
493 4168 529 4217 ad
545 4167 676 4232 Antigon.
702 4169 810 4234 Caryst.
861 4176 969 4241 Perieg.
984 4176 1044 4226 180.
1054 4175 1150 4239 Plura,
1166 4178 1322 4227 observante
1332 4167 1385 4220 Val-

269 4249 329 4298 cap.
347 4235 397 4296 49,
417 4235 530 4286 ubivid.
550 4236 635 4301 plura.
653 4237 768 4288 Cautius
782 4240 811 4288 in
862 4244 958 4306 cluam,
983 4247 1117 4297 Wctsten.
1134 4247 1169 4296 od
1187 4244 1273 4296 Murci
1289 4245 1383 4302 Evang.

267 4302 310 4354 his
320 4303 453 4366 agendum
464 4304 659 4356 videturGallo
669 4308 812 4372 interpreti
861 4314 915 4377 IX,
936 4314 977 4365 18.
1002 4316 1045 4365 Tu
1065 4316 1128 4368 edd.
1147 4316 1244 4367 Geren.
1261 4314 1295 4364 ad
1313 4307 1383 4361 lessi.

268 4372 349 4434 Miot,
362 4371 405 4422 vel
417 4373 508 4437 potius
521 4374 558 4438 ei,
573 4391 651 4441 quem
663 4378 810 4442 consuluit,
861 4383 940 4446 Vlll,
954 4385 993 4434 19.
1005 4401 1030 4449 p.
1044 4384 1095 4435 343
1109 4401 1181 4451 seq.‚
1194 4387 1239 4450 qui
1254 4383 1331 4434 etiam
1341 4379 1385 4427 Lt-

268 4441 478 4505 Dostontainee3
497 4443 539 4493 ita
559 4450 590 4495 ut
608 4452 684 4497 certo
696 4449 743 4499 rix
756 4455 811 4499 sta·
861 4453 979 4504 tinorum
990 4456 1100 4507 stridere
1111 4459 1258 4520 comperet,
1271 4456 1305 4515 et,
1316 4460 1383 4516 quem
