3042 5125
239 393 301 458 602
676 398 942 460 HERODOTI

239 593 375 673 σίλφιον
393 581 528 673 ἄρχεται
549 583 614 655 ἀπὸ
634 585 763 656 τούτου.
798 586 939 677 παρήκει
960 589 998 658 dl
1017 585 1082 658 ἀπὸ
1097 591 1250 677 Πλατέης
1269 588 1382 677 νήσου

239 785 273 837 de
286 785 386 850 silphio
396 785 507 853 collegit
518 790 637 854 itemque
646 789 782 840 recentio-

239 872 298 906 rum
318 855 352 904 dc
371 870 403 906 eo
423 856 629 922 disquisitiones
649 863 779 909 accurate

238 924 384 987 indicarit,
397 940 423 989 p.
436 927 496 978 231.
510 932 567 980 uot.
581 927 624 978 98.
650 928 689 977 Ac
701 942 782 992 prae-

238 995 317 1059 cipue
326 992 508 1047 consulendus
517 996 699 1062 Theophrast.
707 997 780 1047 Hist.

239 1063 329 1115 Plant.
342 1062 390 1126 VI,
404 1066 427 1113 3.
444 1064 598 1116 Dioscorid.
612 1067 664 1126 111,
678 1065 721 1115 94.
734 1067 778 1117 95.

239 1133 309 1184 Pliu.
328 1134 364 1182 H·
378 1133 410 1183 N.
426 1135 492 1184 xlx
505 1135 561 1200 (3),
578 1137 599 1185 1.
619 1135 712 1197 xxti,
730 1135 780 1197 ⁴233

238 1205 308 1254 inter
334 1206 500 1254 recentiores
522 1208 631 1269 praeter
654 1204 781 1255 doctissi-

239 1288 297 1324 mos
315 1271 498 1336 Theophrasti
522 1274 698 1339 interpretes,
728 1275 780 1323 Bo·

238 1343 335 1392 dacum
353 1357 385 1391 ac
399 1340 600 1406 Sprengelium,
623 1343 657 1394 cf.
670 1344 781 1406 potissi·

239 1426 310 1460 mum
321 1410 435 1461 Salmas.
448 1410 482 1460 ad
494 1411 578 1462 Soliu.
594 1428 620 1477 p.
631 1411 780 1462 'llll-270.

239 1480 374 1545 720seqq.
384 1478 445 1530 899.
473 1480 515 1530 De
525 1480 631 1531 homon.
646 1480 700 1530 hi.
715 1496 779 1546 pag.

242 1545 778 1614 144,Belley.hiem.del’Acad.‹l.Iuscr.

238 1618 363 1669 xxxvl.
380 1634 407 1683 p.
432 1616 461 1667 18
474 1635 559 1685 seqq,
577 1621 664 1685 etqui
681 1625 779 1684 postea

238 1689 306 1739 haec
324 1689 455 1738 tractavit
472 1689 621 1755 Boettiger.
635 1690 674 1739 int
699 1690 779 1754 Wag-

239 1758 333 1809 weiser
358 1773 383 1811 a.
400 1756 560 1809 Abendseit.
581 1759 655 1809 1828.
674 1774 714 1808 ur.
732 1758 777 1810 91.

238 1829 282 1878 91.
296 1826 344 1887 96,
365 1825 418 1877 lsis
433 1825 508 1877 1829.
523 1825 778 1892 p.318-3·241nel.

238 1895 312 1958 (Vid.
326 1895 478 1960 Boettiger:
497 1895 593 1949 Kleiue
609 1897 734 1948 Schriftt.
751 1913 779 1948 v.

238 1964 326 2031 Sillig.
345 1965 396 2014 lll.
411 1980 437 2028 p.
452 1965 501 2016 431
515 1966 610 2031 seqq).
640 1968 679 2017 Ao
692 1982 778 2031 nuper

238 2034 384 2086 admodum
400 2033 433 2085 de
446 2040 567 2085 veterum
583 2035 681 2100 silphio
699 2052 781 2086 accu-

238 2110 298 2155 rate
308 2104 469 2168 disputavit,
476 2105 601 2155 omnibus
612 2111 731 2155 veterum
740 2105 780 2155 lo·

238 2176 278 2224 cis
293 2172 437 2234 adhibitis,
449 2177 579 2225 Antonin.
592 2173 684 2225 liacd:
704 2175 779 2235 „Les

237 2257 388 2308 voyageurs
405 2243 546 2293 modernas
562 2243 629 2294 dans
651 2244 679 2294 la
697 2242 781 2308 Cyrd·

238 2314 339 2430 naiqsse
355 2315 383 2361 et
396 2309 423 2360 le
437 2311 569 2431 Sklghlium
587 2312 778 2433 ‹inexarluvoixusu

239 2397 281 2431 m:
325 2394 393 2430 erue
409 2395 455 2431 arc
492 2398 535 2431 oo
556 2399 564 2431 r
584 2397 617 2431 ue
733 2399 778 2432 nn.

237 2465 264 2514 p.
280 2449 328 2501 143
340 2462 417 2513 seqq.
445 2397 648 2515 serpuduqenim
666 2453 724 2504 sive
740 2457 779 2503 la—

236 2521 365 2585 serpitium
388 2517 461 2584 (nam
482 2523 565 2582 laser,
592 2526 705 2573 auctore
726 2522 781 2573 Pli-

237 2590 298 2653 nio,
316 2594 430 2640 rooatur
442 2584 543 2655 ἓιιιοοιιι)
558 2592 725 2655 Cyrenaicae
739 2608 781 2642 re-

830 794 862 838 ut
882 788 1076 852 iuterpretatur
1102 786 1156 837 dus
1178 785 1380 839 celeberrimus

831 857 864 907 de
876 858 984 921 Luynes
996 858 1039 907 in:
1059 856 1159 907 Annali
1172 857 1234 907 dell'
1248 859 1378 909 institut.

830 926 858 977 di
875 926 1041 991 corrispoud.
1059 925 1213 990 aroheolcg.
1230 926 1262 978 V.
1280 942 1308 991 p.
1319 926 1378 984 59ς

830 996 922 1046 malim
933 995 1056 1061 equidem
1074 994 1226 1060 intelligere
1239 1013 1306 1055 eata,
1332 997 1384 1060 qai

829 1068 942 1131 silpbirrm
961 1066 1054 1130 sucipit
1069 1069 1097 1115 et
1115 1074 1267 1130 praeparas.
1304 1065 1383 1114 inde

831 1135 1027 1199 Cyrenaeorum
1055 1133 1182 1198 silphium
1205 1135 1234 1184 in
1263 1149 1383 1199 prover·

830 1205 902 1254 bium
926 1204 1009 1264 abiit3
1038 1204 1100 1267 quis
1120 1204 1191 1253 euim
1214 1219 1270 1254 uon
1293 1203 1383 1252 norit

830 1266 935 1321 Βάττου
944 1271 1066 1337 σίλφιον,
1078 1272 1174 1336 dequo
1186 1271 1383 1337 plnraThrige

827 1342 845 1394 l.
863 1343 881 1393 1.
902 1358 963 1407 pag.
979 1341 1046 1404 243,
1070 1346 1098 1391 et
1113 1340 1150 1392 ci.
1168 1341 1232 1402 alii,
1250 1342 1298 1406 qui
1314 1341 1382 1392 lau·

828 1410 927 1461 dantur
954 1413 981 1461 iu
999 1411 1111 1475 corpor.
1131 1410 1380 1475 Paroemiograph.

828 1482 942 1532 Graece.
966 1480 1140 1545 Gottingeusi
1161 1480 1183 1530 1.
1209 1495 1237 1545 p.
1259 1479 1313 1530 386
1336 1481 1380 1530 ad

829 1553 890 1616 ipsa
909 1551 1008 1601 Graeci
1028 1549 1261 1616 paroemiographi
1285 1550 1380 1600 verba

829 1621 896 1670 haec
916 1621 1050 1737 (Append.
1069 1619 1097 1681 I,
1114 1619 1159 1696 hil)
1185 1613 1294 1669 Βάττου
1313 1617 1381 1666 σίλ-

829 1703 911 1751 φιον·
932 1683 969 1737 ἐτι
993 1687 1043 1737 τοῦ
1055 1688 1181 1752 papatus·
1193 1683 1243 1736 sul
1256 1688 1381 1737 solote-

829 1756 897 1808 λῶν·
923 1751 953 1807 ol
967 1750 1020 1822 γὰρ
1036 1758 1194 1823 Κυρηναῖοι
1209 1749 1239 1807 τὰ
1257 1755 1382 1819 σίλφιον

828 1823 897 1892 μέγα
914 1842 940 1876 τι
957 1825 1006 1876 καὶ
1024 1817 1167 1892 ἐξαίρετον
1180 1820 1291 1890 ἔχοντες
1309 1821 1381 1876 ἔδο-

829 1911 882 1945 σαν
895 1888 990 1962 Βάττῳ
1010 1893 1059 1944 sal
1078 1887 1129 1945 οοίι
1146 1887 1215 1960 ἐξῆν
1232 1884 1308 1959 ἄλλο)
1326 1910 1381 1945 aa·

828 1965 967 2031 κτῆσθοιι,
987 1959 1139 2030 ἐχάραττοτ
1151 1959 1182 2015 dl
1199 1963 1248 2014 sal
1261 1956 1308 2014 tut
1320 1958 1382 2028 pala

828 2034 878 2084 τοῦ
891 2025 953 2091 ἕνὸς
964 2029 1065 2100 μέρους
1077 2033 1127 2084 τοῦ
1142 2033 1312 2112 νομίσματος
1323 2027 1382 2084 τὸν

821 2094 962 2169 Ἀμμιονοι,
981 2097 1029 2154 lut
1047 2095 1249 2167 circuitione
1265 2118 1297 2152 το
1316 2104 1380 2153 σίλ-

829 2189 913 2294 su
926 2168 1378 2308 nessii-‚uult

828 2310 876 2362 noel
894 2303 1054 2376 πολύτιμον.
1085 2314 1144 2375 Quo
1161 2313 1249 2377 magis
1265 2313 1378 2362 mireris

827 2383 900 2448 (sive
920 2382 1041 2448 gentium
1066 2381 1182 2432 aliarum
1202 2384 1232 2430 iu
1252 2381 1378 2447 Cyrenes

828 2452 957 2503 ditionem
975 2452 1162 2502 invasionibus
1178 2466 1212 2501 ao
1222 2448 1377 2515 depopula-

828 2521 949 2573 tionibus
958 2522 1017 2573 sive
1026 2521 1233 2587 publicanorum
1243 2522 1375 2584 avaritia,

829 2592 887 2643 sive
898 2592 954 2641 alia
967 2606 1021 2657 qua
1034 2606 1119 2642 causa
1130 2591 1183 2641 hoc
1194 2591 1300 2641 iactum
1312 2607 1377 2642 esse

237 2661 313 2724 gioui
329 2659 465 2723 proprium
485 2660 541 2710 iere
555 2660 621 2721 suit,
644 2663 703 2712 iure
716 2663 780 2712 inde
828 2660 995 2725 existimes),
1015 2663 1067 2711 iam
1080 2662 1261 2712 Romanorum
1279 2665 1378 2712 aetate

236 2729 359 2779 habitum
373 2729 444 2779 iuter
458 2731 607 2796 praecipua
621 2731 707 2794 dous,
722 2731 781 2796 qui·
829 2736 934 2781 tautam
946 2729 1039 2796 silphii
1050 2731 1137 2781 fuisse
1150 2731 1295 2780 raritatem
1305 2735 1376 2779 tans
1459 2780 1464 2791 ,

236 2798 287 2849 bns
304 2796 378 2847 illam
399 2800 536 2864 regionem
557 2807 656 2850 natura
678 2801 779 2852 beavit.
828 2815 882 2863 que
901 2816 1008 2850 enorme
1025 2802 1084 2850 eius
1102 2799 1167 2851 inde
1185 2799 1318 2864 pretium,
1341 2804 1376 2849 ut

237 2867 302 2932 ipsa
317 2865 413 2932 planta
429 2868 472 2920 vel
492 2870 584 2933 potius
599 2885 698 2920 succus
717 2870 779 2921 inde
829 2870 934 2920 Plinius
948 2870 982 2918 Η.
995 2872 1028 2921 Ν.
1043 2869 1137 2930 xxti,
1151 2870 1185 2920 48
1204 2869 1311 2920 diceret
1327 2884 1377 2918 ex·

238 2939 351 3000 paratus
369 2937 483 3004 ipsaque
495 2939 575 2989 radix
588 2940 615 2989 in
628 2954 658 2989 re
674 2940 781 2990 medica
828 2940 958 2990 stinctum
968 2939 1095 3005 silphium
1104 2939 1376 3002 Cyrenaicumipse-

237 3020 323 3071 aeque
341 3011 427 3070 atque
448 3006 583 3057 culinaria
606 3008 666 3068 (ubi
685 3008 780 3059 condi·
827 3024 880 3074 que
890 3008 1039 3060 Salmasius
1051 3008 1196 3072 (Exercitt.
1208 3006 1299 3059 Pliuu.
1307 3023 1375 3074 pag.

237 3074 335 3124 mentis
349 3076 554 3137 pretiosissimis
570 3077 778 3144 accensebatur)
828 3079 890 3142 921)
904 3077 972 3128 illud
985 3078 1039 3128 iam
1057 3076 1159 3142 pridem
1175 3078 1204 3127 iu
1221 3092 1313 3128 rerum
1325 3093 1376 3128 na·

237 3142 431 3205 adhibebatur,
449 3144 588 3210 multaque
604 3147 663 3197 eius
677 3163 724 3212 per
739 3153 778 3198 to·
828 3153 892 3197 tura
909 3146 1023 3198 desiisse
1041 3147 1247 3213 pronuntiaret,
1269 3148 1375 3212 quippe

237 3219 295 3262 tam
307 3212 364 3261 iere
377 3213 570 3277 antiquitatem
583 3215 666 3277 fama,
680 3222 711 3266 ut
722 3217 779 3267 dici
829 3218 906 3268 cuius
920 3221 1006 3266 totam
1020 3217 1159 3266 historiam
1176 3231 1248 3267 nuuc
1264 3217 1374 3281 ignore·

236 3282 283 3331 vis
305 3282 408 3345 possit,
434 3288 599 3348 quantopere
616 3285 678 3335 iude
695 3284 778 3348 Cyra-
828 3301 897 3336 mus.
927 3287 987 3349 Quo
1009 3285 1148 3336 difficilius
1164 3286 1217 3336 erit
1233 3293 1374 3347 statuere,

237 3364 363 3400 uasorum
383 3366 448 3416 opes
475 3352 599 3418 esilphil
624 3360 777 3406 mercatura
828 3354 917 3420 qualis
930 3354 1247 3421 proprielueritplanta,
1261 3370 1323 3405 eum
1337 3370 1373 3406 ne
1483 3420 1484 3423 Ἴ

236 3419 406 3485 potissimum
418 3423 606 3485 provenientes
619 3422 777 3475 iueriutau·
826 3425 879 3475 hcc
900 3426 1007 3490 quidem
1029 3425 1147 3490 liqueat,
1171 3425 1324 3475 etiamnum
1344 3425 1374 3475 in

235 3495 310 3551 ctae,
323 3496 508 3555 quantumque
520 3492 713 3544 incrementum
725 3492 777 3544 hoc
825 3493 901 3545 hisce
911 3495 1064 3560 regionibus
1076 3494 1231 3544 inveniatur
1242 3492 1374 3557 silphium

236 3560 343 3609 omniuo
362 3558 560 3623 Cyrenaeorum
579 3562 660 3613 rebus
677 3564 777 3614 attule-
827 3570 905 3614 vetus
926 3580 976 3616 nec
994 3579 1038 3615 ne.
1074 3565 1127 3613 Pro
1141 3563 1195 3613 Ass
1207 3563 1312 3625 scendo
1327 3563 1374 3613 sil-

234 3629 286 3691 rit,
304 3628 351 3692 qui
367 3629 429 3680 iude
446 3629 490 3682 vel
506 3632 535 3681 in
548 3633 637 3683 numis
655 3631 774 3697 plautae,
826 3633 918 3696 phium
926 3633 998 3683 haud
1008 3634 1090 3697 pauci
1099 3633 1161 3682 olim
1171 3647 1315 3697 perperam
1325 3633 1375 3682 ha-

235 3699 280 3748 cui
296 3700 387 3748 omnia
408 3698 465 3751 iere
485 3700 634 3763 debebant,
658 3701 776 3765 effigiem
826 3702 922 3761 buere;
946 3703 1058 3767 quibus,
1078 3701 1149 3767 quod
1162 3703 1259 3765 miror,
1276 3718 1374 3754 acces·

234 3767 428 3818 exhibuerunt:
445 3769 542 3834 quade
555 3786 584 3822 re
596 3770 650 3822 vid.
663 3771 775 3821 Echhel.
827 3771 865 3821 sit
883 3772 1019 3822 Mannert.
1032 3772 1070 3834 X,
1087 3775 1114 3822 2.
1134 3785 1198 3835 pag.
1214 3772 1264 3834 61,
1290 3787 1373 3837 quem

235 3837 329 3888 Doctr.
347 3840 425 3888 Num.
445 3838 493 3890 IV.
510 3856 537 3904 p.
557 3841 619 3902 119,
643 3841 774 3890 bliounet.
826 3845 889 3903 post
911 3840 980 3891 alios
1004 3840 1118 3891 meliora
1140 3840 1254 3892 edocere
1278 3845 1374 3906 potest

234 3907 371 3971 Descript.
395 3907 420 3956 d.
439 3907 510 3958 Med.
530 3909 576 3960 Vl.
601 3925 628 3974 p.
646 3909 698 3961 373
716 3924 775 3974 seq.
826 3909 927 3975 Thrige
941 3909 959 3962 1.
974 3908 992 3960 1.
1005 3910 1068 3976 pag.
1082 3909 1147 3971 248,
1168 3911 1215 3974 qui
1228 3910 1330 3973 ipsein
1342 3926 1373 3961 rs

233 3975 347 4026 Acmdit
369 3991 418 4026 vas
449 3978 478 4026 iu
506 3979 617 4030 Etruria
640 3985 775 4044 repertum
826 3992 955 4044 perquam
972 3979 1056 4030 dubia
1074 3978 1188 4029 necdum
1207 3980 1279 4029 satis
1301 3981 1373 4030 viro-

233 4043 409 4110 Parisiosque
424 4044 558 4109 delatum,
577 4047 650 4113 quod
669 4055 776 4114 praeter
825 4063 885 4098 rum
912 4049 1053 4099 doctorum
1076 4064 1110 4098 ac
1133 4050 1372 4113 peregrinatorum
1480 4062 1481 4083 ³

234 4111 305 4173 alia,
322 4115 538 4178 qusecontinet,
552 4117 661 4167 exhibet
672 4134 773 4180 regem,
823 4118 922 4168 studiis
940 4117 1078 4169 illustrata
1099 4122 1199 4168 certam
1216 4118 1250 4169 de
1269 4117 1372 4184 silphio

232 4179 329 4230 addita
352 4183 528 4245 inscriptione
549 4185 772 4251 ΑΡΚΕΣΙΑΑΣ,
822 4187 1167 4250 pronuntiareseutsutiam
1175 4189 1365 4238 vixaususeat

232 4249 356 4314 aliosque
373 4250 447 4301 circa
461 4252 532 4302 hunc
552 4254 641 4313 viros,
658 4271 772 4319 quorum
823 4258 875 4320 Qui
883 4257 1029 4308 recentiori
1036 4262 1129 4308 aetate
1137 4255 1187 4308 has
1194 4257 1324 4322 regiones
1332 4260 1372 4307 in·

233 4320 280 4369 uni
310 4318 433 4370 additum
458 4319 560 4383 legitur
585 4321 772 4374 ΣΛΙΦΟΜΑ-
822 4327 890 4376 visit
907 4326 987 4377 Della
1006 4326 1083 4378 Gella
1102 4324 1170 4390 (vid.
1192 4326 1252 4376 eius
1274 4327 1371 4379 itiner.
1478 4372 1479 4381 ,

236 4384 330 4452 ΨΟΣ,
349 4389 366 4439 1.
386 4404 409 4439 ο.
429 4383 609 4452 σιλφομιὶφος
626 4407 647 4440 s.
664 4393 772 4455 celmec—
822 4412 882 4459 cap.
895 4396 929 4447 X.
949 4410 1011 4460 pag.
1028 4396 1078 4456 92,
1097 4396 1195 4448 Ritter.
1208 4394 1295 4445 Erdlr.
1308 4396 1331 4445 1.
1346 4412 1371 4461 p.
1478 4406 1479 4419 ¹

232 4454 344 4525 ρσφος,
364 4458 383 4510 1.
404 4474 427 4510 e.
444 4462 467 4511 is
483 4462 528 4531 qui
539 4463 653 4532 silptiwn
669 4467 772 4535 collipit,
822 4466 899 4533 uto),
913 4480 998 4532 prope
1009 4464 1101 4517 locum
1112 4463 1211 4533 Spage,
1227 4465 1311 4515 trium
1324 4464 1372 4518 bc·
