3042 5125
400 391 722 453 MELPOMENE.
745 393 801 454 IV.
822 403 883 457 153.
904 401 964 457 154.
1186 391 1248 455 573

114 581 290 671 βασιλεὺς,
303 579 340 662 ὃς
354 583 408 650 ἐπὶ
425 583 571 669 θυγατρὶ
584 577 722 670 ἀμήτορι
730 633 740 667 ,
754 585 797 670 τῇ
812 573 996 671 οὕνομαῆν
1012 589 1180 673 Φρονίμη,
1195 585 1250 653 ἐπὶ

117 686 221 775 ταύτη
237 693 336 775 ἔγημε
352 681 457 772 ἄλλην
472 701 624 773 γυναῖκα.
657 680 689 772 ἡ
701 683 738 753 di
752 687 981 756 ἐπεσελθοῦσα
1000 690 1148 757 ἐδικαίευ
1164 686 1251 758 εἶναι

119 792 175 859 καὶ
189 793 237 881 τῷ
255 795 345 880 ἔργῳ
356 786 499 877 μητρυιὴ
512 792 554 876 τῇ
572 794 743 877 Φρονίμη,
758 786 949 879 παρέχουσά
963 816 999 858 τε
1013 788 1098 859 κακὰ
1113 791 1169 860 καὶ
1183 795 1251 860 πᾶν

121 889 176 962 ἐπ’
199 887 285 980 αὐτῇ
306 893 543 980 μηχανωμένη·
578 891 635 959 καὶ
654 893 747 970 τέλος
770 890 985 981 μαχλοσύνην
1005 891 1202 963 ἐπενείκασά
1222 898 1257 962 οἱ

120 1075 182 1124 της,
196 1051 384 1122 Ἑλεοθέρνης
403 1046 437 1106 οὐ
456 1047 566 1122 πόρρω,
586 1057 664 1107 onius
713 1060 849 1109 nomenin
861 1059 959 1124 Cyren.
971 1058 1150 1124 inscriptione
1163 1073 1257 1109 occur·

120 1130 194 1179 urbis
220 1142 318 1178 nomen
342 1125 478 1188 nonnulli,
503 1131 534 1176 ut
556 1127 664 1177 Xenion
714 1127 959 1193 rit(Oorp.1nscr.
977 1125 1255 1191 v01.111.nr.5163)

120 1197 179 1263 (ηοί
204 1197 237 1247 de
254 1197 334 1247 rebus
351 1194 467 1247 Creticis
491 1196 663 1261 scripserat),
714 1202 742 1248 et
759 1198 787 1247 in
799 1197 937 1263 Spartana
957 1196 1035 1262 (ibid.
1052 1212 1093 1247 nr.
1111 1198 1178 1248 1412
1195 1196 1258 1250 Vol.

119 1256 664 1400 ιωηοληξῖέέιαιιὲιωέέ.
714 1266 875 1387 tien
892 1265 1258 1388 1111111111

200 1374 207 1395 r
583 1370 590 1396 1
863 1375 871 1396 5
1162 1373 1169 1401 2
1248 1364 1259 1373 ⁸

121 1406 168 1456 alii
181 1410 284 1468 essent,
297 1405 343 1470 qui
357 1419 374 1453 a
388 1404 447 1455 loco
460 1404 607 1469 praecipiti
619 1403 666 1454 de·
716 1406 792 1455 nitor
803 1406 847 1466 11,
866 1405 909 1457 34.
935 1406 1053 1457 Nomina
1067 1407 1259 1460 Phronimeaac

121 1478 258 1538 rivarent,
277 1475 341 1540 quia
356 1479 429 1524 teste
443 1473 537 1524 eodem
551 1472 665 1536 Stephe·
720 1476 872 1527 Themisonis
882 1475 1031 1541 allegorica
1048 1491 1107 1528 esse
1119 1475 1261 1527 contendit

122 1562 157 1596 no
170 1543 304 1596 eiusmodi
318 1543 380 1595 loca
395 1543 557 1609 praecipitio
566 1546 667 1593 vocent
716 1544 747 1594 0.
761 1543 793 1594 0.
807 1542 927 1594 Mueller.
942 1545 1103 1596 Orchomen.
1119 1561 1182 1611 pag.
1198 1543 1260 1595 842.

121 1604 218 1675 ὄξους.
254 1613 332 1675 Quod
354 1627 410 1663 non
429 1613 501 1677 sugit
518 1611 666 1663 Wesselin·
716 1613 826 1664 Etenim
835 1617 864 1664 et
876 1615 1015 1680 sapientiae
1024 1618 1052 1665 et
1060 1618 1169 1667 iustiliae
1178 1614 1262 1680 signi·

121 1686 195 1750 glum
214 1687 402 1748 quaerentem,
426 1697 491 1731 num
515 1681 608 1732 eadem
630 1682 667 1731 sit
717 1681 874 1732 ficationem
886 1684 1026 1734 continere
1036 1683 1171 1735 videntur.
1188 1683 1261 1749 Φρο-

120 1754 187 1803 urbs
201 1742 404 1817 α1ηοοΣαξός,
419 1751 497 1801 ouius
509 1750 614 1816 aliquot
625 1766 668 1801 sn·
718 1749 786 1815 νίμα
806 1751 935 1803 sacerdos
958 1752 1072 1804 Iunonis
1097 1752 1261 1818 Cyrenensis

121 1822 228 1889 persint
240 1821 323 1871 numi
342 1819 464 1871 Oeniden
476 1820 598 1871 tellurem
614 1835 668 1871 me·
718 1821 819 1871 dicitnr
835 1822 863 1871 in
881 1822 1059 1886 inscriptione
1076 1820 1183 1874 Graeca
1201 1820 1261 1871 Vol.

122 1895 213 1943 morat
229 1890 354 1956 Apollon.
372 1889 460 1942 Rhod.
473 1892 500 1954 Ι,
521 1890 586 1942 1181
604 1888 667 1941 coll.
718 1890 771 1941 lll.
794 1905 836 1940 nr.
858 1890 941 1953 51433
971 1889 1100 1955 Θεμίσων
1123 1892 1262 1943 invenitur

122 1964 201 2014 Serv.
219 1960 255 2010 ad
277 1960 375 2026 virgil.
396 1959 491 2026 Eclog.
515 1961 542 2022 1,
558 1959 601 2011 66.
631 1960 668 2010 At
718 1959 819 2009 ibidem
833 1959 885 2009 riri
894 1959 1122 2012 nomenVol.III.
1133 1976 1173 2012 nr.
1182 1958 1261 2011 516³.

122 2030 198 2097 apud
228 2029 342 2081 eundem
371 2028 539 2093 Stephanum
569 2025 667 2094 legitur
754 2026 814 2078 πᾶν
828 2018 876 2078 ἐπ’
893 2020 965 2096 αὐτῇ
983 2024 1181 2095 μηχανωμένη]
1203 2030 1221 2079 1.
1237 2045 1260 2079 e.

121 2086 390 2167 qnoque'Aeoffsim
405 2097 574 2150 scribendum
583 2088 669 2162 Ἆξός)
720 2099 818 2166 quidor’r
835 2100 959 2150 αᾱιενιαο
976 2103 1044 2152 illam
1063 2102 1174 2152 molieris.
1205 2099 1263 2149 Nec

121 2164 206 2226 πόλις
218 2160 346 2233 Κρήτης,
363 2158 561 2232 ὡεἩοόδοιοὲ
578 2160 609 2219 ἒν
627 2181 670 2216 τε·
721 2169 801 2219 aliter
819 2158 866 2217 ἐπὶ
892 2183 952 2218 cnm
979 2169 1074 2219 dativo
1098 2169 1159 2219 loco
1178 2166 1263 2220 simil·

122 2230 226 2304 τᾶρτη,
241 2238 276 2287 sd
290 2252 372 2303 quam
384 2239 477 2289 urbem
491 2253 598 2304 quoque
610 2252 671 2303 spe·
719 2237 785 2288 limo
796 2237 846 2300 VI,
861 2236 896 2289 88
910 2243 938 2290 et
950 2238 977 2288 in
989 2240 1111 2304 proxime
1124 2254 1202 2305 seqq.
1220 2238 1264 2288 'In

122 2312 203 2361 ctent
224 2307 299 2357 numi
326 2307 415 2358 adhuc
436 2310 612 2372 superstites,
636 2306 670 2357 de
721 2306 793 2358 conf.
810 2311 879 2358 nott.
895 2308 930 2359 ad
941 2308 990 2372 IV,
1004 2308 1048 2372 80,
1060 2312 1088 2359 et
1102 2309 1136 2358 nd
1147 2307 1264 2359 locutio·

123 2378 225 2445 quibus
239 2376 318 2441 plura
330 2376 386 2428 rid.
398 2377 470 2441 apud
476 2376 669 2443 Forhigerum:
720 2392 783 2429 nem
800 2377 889 2442 ipsam
902 2374 961 2426 πᾶν
974 2376 1159 2444 μηχανᾶσθαι
1171 2376 1265 2430 Plato·

122 2446 237 2500 Handb.
259 2445 286 2497 d.
309 2445 357 2497 alt.
375 2446 474 2512 (iacgr.
489 2447 541 2496 111.
561 2462 588 2512 p.
603 2445 668 2495 1041
721 2448 810 2497 nicam
835 2445 979 2498 formulam
1004 2437 1098 2497 πάντα
1120 2449 1214 2497 ποιεῖν
1236 2446 1264 2495 in

123 2523 185 2570 not.
201 2518 249 2580 77,
261 2515 399 2568 nbietiam
410 2515 617 2581 inscriptionem
630 2514 672 2564 as·
721 2515 863 2567 Phaedon.
878 2531 904 2583 p.
920 2516 970 2567 114
988 2516 1018 2569 C.
1037 2516 1095 2580 (nbi
1112 2516 1169 2569 rid.
1181 2517 1265 2568 Hein-

124 2590 182 2640 iert
205 2603 220 2639 e
239 2585 320 2652 Corp.
335 2587 421 2637 Inser.
440 2586 553 2637 Graece.
573 2585 612 2636 11.
629 2600 670 2635 nr.
722 2586 793 2638 dori.
807 2601 870 2651 pag.
883 2586 957 2650 240).
980 2585 1094 2653 Apolog.
1111 2587 1188 2639 Scor.
1201 2602 1264 2653 cap.

125 2658 208 2719 3050,
220 2656 267 2706 ubi
285 2656 339 2708 vid.
356 2653 476 2709 Boeclrh.
496 2671 523 2721 p.
542 2654 594 2707 638
609 2653 671 2704 coll.
721 2656 766 2707 29.
777 2670 840 2720 pag.
849 2655 914 2706 381)
925 2655 991 2720 ibiq.
1003 2658 1158 2723 interpreti.
1170 2656 1265 2707 Monk.

125 2728 178 2779 401
193 2724 255 2777 Vol.
273 2725 311 2776 11.
330 2725 433 2775 Locum
448 2725 578 2790 antiquae
597 2723 673 2774 urbis
723 2725 759 2776 ed
773 2725 897 2789 Euripid.
912 2725 1024 2790 Hippoi.
1042 2725 1102 2777 281.
1128 2727 1186 2777 Nec
1199 2725 1265 2775 mul·

126 2794 268 2848 invenisse
285 2794 337 2845 sibi
354 2794 461 2845 videtur
478 2794 595 2859 Pashley
606 2794 674 2843 Tru·
722 2800 781 2846 tum
794 2793 885 2844 differt
898 2791 957 2843 πᾶν
967 2793 1072 2859 τολμᾶν
1083 2795 1112 2845 in
1125 2792 1266 2846 Plutarch.

125 2865 186 2918 vals
197 2866 226 2914 in
236 2863 310 2915 Cret.
323 2864 346 2913 Ι.
359 2879 394 2928 pa
415 2901 420 2912 .
434 2864 492 2914 147.
515 2864 674 2914 Mannertus
723 2863 900 2916 Themistocl.
918 2863 949 2915 16
964 2868 992 2915 et
1009 2862 1068 2914 πᾶν
1085 2867 1176 2914 κινεῖν
1192 2862 1266 2929 apud

125 2934 240 2998 v11l.p.
249 2934 308 2996 726,
318 2934 362 2984 eui
371 2879 445 2993 ’Aion
454 2932 548 2984 eadem
559 2936 601 2984 est
610 2932 675 2982 urbs
722 2931 856 2984 Herodot.
869 2933 961 2995 1Ῑ,96.
987 2934 1019 2984 In
1038 2932 1128 2986 verbis
1145 2934 1268 3000 proxime

126 2994 341 3070 atqne’Oussoc,
366 3002 448 3053 hnius
467 3003 554 3068 ipsius
573 3000 675 3052 nullam
726 3001 967 3054 antecedentibus:
979 2992 997 3122 η
1010 2995 1041 3052 δὲ
1053 3030 1087 3038 -
1100 2993 1180 3053 iden
1190 3001 1229 3052 αί
1231 3016 1266 3051 εν

126 3074 212 3125 aliam
230 3072 287 3123 fieri
306 3073 471 3124 mentionem
487 3088 520 3123 ea
538 3072 572 3123 de
590 3086 675 3122 cansa
727 3063 801 3122 εἶναι
813 3087 868 3122 m.
880 3071 902 3121 1.
914 3087 968 3123 vox
994 3069 1111 3136 diuolso,
1128 3087 1268 3139 quaepro·

126 3144 290 3205 arbitretur,
305 3142 376 3208 quod
391 3142 426 3193 od
440 3141 625 3193 Eleuthernae
635 3140 676 3190 di·
726 3144 786 3209 prie
798 3141 889 3192 valet:
905 3145 993 3194 iustwn
1004 3159 1109 3209 aequum
1128 3159 1184 3196 esre
1191 3150 1268 3208 puto-

126 3215 233 3265 tioncm
251 3210 324 3262 heud
344 3212 424 3263 dubie
442 3211 604 3278 pertinuerit
622 3225 676 3260 non
726 3213 770 3263 bat
782 3210 868 3274 (conf.
881 3211 909 3275 1,
920 3212 965 3264 89.
980 3211 1018 3276 II,
1034 3213 1084 3264 172
1098 3217 1126 3264 et
1135 3213 1222 3264 allata
1233 3210 1268 3262 ad

127 3281 225 3350 procul
234 3280 269 3333 ab
278 3296 312 3332 ea
320 3281 382 3347 ipsa
393 3281 460 3332 urbe
468 3296 553 3347 prope
564 3280 676 3331 fluvium
726 3280 812 3345 VIII,
825 3280 871 3346 26)
889 3279 1012 3332 hocloco
1024 3281 1071 3333 vix
1083 3280 1158 3332 aliud
1171 3285 1213 3332 est
1226 3285 1270 3330 at·

128 3354 243 3412 Owen,
262 3351 310 3417 qui
320 3351 463 3402 Mannerto
476 3350 547 3402 idem
566 3365 625 3401 esse
636 3349 677 3399 vi·
728 3365 795 3417 quer
809 3351 920 3411 volebat,
935 3353 971 3403 ad
979 3368 1008 3402 se
1016 3354 1146 3415 pertinere
1153 3351 1269 3415 μαιαὸαλ,

129 3423 212 3475 detur
226 3424 310 3486 atque
321 3422 417 3471 Patren
434 3419 602 3471 occidentem
616 3434 678 3469 ver·
727 3425 802 3471 utre
823 3419 884 3485 ipsa
897 3435 1041 3471 novercam
1059 3437 1089 3472 se
1109 3419 1268 3485 praeheret3

130 3508 178 3546 sna
191 3492 227 3541 ab
240 3491 307 3540 urhe
319 3490 425 3541 Retimo
441 3489 595 3540 decurrens.
727 3488 800 3541 coni.
812 3490 895 3539 etiam
907 3488 979 3539 infru
992 3504 1054 3555 cap.
1065 3489 1125 3541 186.

166 3549 201 3618 ὃς
218 3551 264 3609 ἐπὶ
276 3555 398 3624 θυγατρὶ
411 3586 447 3596 -
458 3549 504 3608 ἐπὶ
522 3551 607 3623 ταύτῃ
618 3548 679 3621 ἔχη·
763 3549 940 3622 μαχλοσύνην
958 3549 1125 3609 ἐπενείκασά
1142 3550 1180 3623 oi]
1206 3558 1224 3607 i.
1245 3571 1269 3607 e.

131 3628 177 3697 με]
193 3631 211 3679 1.
226 3646 249 3680 e.
269 3634 312 3695 qui
326 3646 379 3681 οιαιι
393 3630 473 3695 filiam
483 3629 587 3680 λαοινιλ
598 3636 679 3678 matre
726 3628 896 3692 impudicitiae
907 3630 1000 3680 crimen
1012 3632 1036 3679 ei
1047 3629 1090 3679 ubi
1100 3628 1190 3679 intulit.
1215 3627 1271 3676 Me·

129 3702 257 3759 ονοαεωο,
272 3703 368 3751 aliem
379 3702 435 3750 iniit
445 3701 555 3764 nuptias,
568 3698 634 3759 sire,
648 3699 680 3745 nt
728 3697 823 3747 diceus
850 3687 1047 3761 λαενεχκοῦοα,
1083 3697 1120 3748 et
1148 3695 1271 3761 plerique

128 3769 214 3821 Valla
228 3767 360 3819 reddidit:
378 3771 490 3832 „omnen
505 3783 590 3819 ναονα
607 3766 679 3818 indu·
730 3767 826 3832 scripti
841 3765 906 3818 libri
917 3770 1028 3819 tuentur
1040 3765 1182 3833 vulgatam
1194 3766 1272 3815 item·

130 3844 175 3891 oer't
190 3842 262 3903 filiae
279 3841 443 3890 noomcmnf‘
471 3838 525 3888 Ubi
542 3838 589 3887 vix
611 3853 626 3887 ο
646 3850 679 3885 ua
731 3851 783 3902 qne
795 3835 922 3887 Eustath.
935 3837 971 3887 ad
980 3836 1091 3887 Homer.
1104 3834 1145 3886 lli.
1157 3832 1271 3900 puae,

129 3909 279 3959 admonere
299 3907 333 3958 de
351 3907 380 3957 ri
392 3907 605 3972 praepositionis
621 3850 679 3967 iiii,
730 3905 766 3956 40
777 3921 799 3957 s.
811 3905 887 3969 1260,
898 3904 942 3958 36.
959 3904 1002 3957 Ad
1010 3905 1098 3970 ipsum
1111 3904 1223 3956 verbnm
1235 3902 1273 3955 oi.

130 3993 204 4044 qnae
215 3975 389 4028 velinverbo
399 3976 573 4042 subsequenti
585 3967 679 4026 ἕπεο·
730 3976 785 4038 IV,
804 3974 863 4028 166.
878 3975 958 4041 VIII,
972 3976 1014 4026 10.
1030 3974 1059 4038 Ι,
1079 3973 1121 4026 68.
1142 3974 1189 4026 181
1205 3972 1273 4038 ibiq.

131 4044 261 4098 senoina
281 4047 462 4112 cognoscitur.
491 4045 533 4095 Ad
552 4035 599 4094 ἐπὶ
616 4037 679 4094 rei
731 4049 801 4096 nott.
817 4044 897 4112 Apud
916 4046 1028 4097 Homer.
1052 4044 1096 4095 Ili.
1115 4044 1220 4106 XXIV,
1239 4041 1274 4093 30

133 4133 184 4184 τῃ,
206 4131 259 4182 ηοο
273 4118 432 4180 pronomine
452 4115 584 4179 repetitur
603 4119 681 4165 ante·
730 4116 870 4166 invenitur
903 4130 957 4165 vox
991 4105 1167 4179 μαχλοσύνη,
1203 4128 1274 4178 quse

134 4187 238 4239 cedens
257 4177 304 4234 ἐπὶ
324 4182 460 4249 θυγατρὶ,
479 4184 515 4236 ο1.
538 4184 618 4234 modo
631 4184 679 4248 IV,
731 4200 795 4236 cum
813 4185 924 4236 serioris
948 4184 985 4236 sit
1007 4184 1109 4236 aetatis
1126 4182 1275 4250 eademque

137 4258 189 4309 122
208 4255 301 4321 ibique
321 4258 391 4305 nott.
413 4252 564 4304 Eteerchns
580 4253 680 4305 dicitur
730 4255 765 4305 de
775 4254 885 4305 feminis
895 4253 1060 4305 necverode
1071 4251 1277 4305 ririsadhibea·

136 4319 269 4391 βασιλεὺς
292 4324 383 4388 urbis,
408 4338 441 4374 eo
461 4338 543 4375 sensu
560 4338 614 4389 qno
631 4323 681 4386 IV,
730 4328 791 4389 tur,
815 4340 920 4376 omnem
938 4325 1021 4375 istum
1033 4323 1147 4374 Homeri
1156 4321 1247 4374 locum
1259 4338 1276 4372 a

140 4396 191 4447 150
206 4395 308 4446 Grinus
321 4384 475 4460 βασιλεύων
489 4386 588 4459 Θήρης
599 4408 681 4443 voca·
731 4395 876 4458 posteriori
885 4409 968 4445 manu
980 4393 1113 4444 insertum
1123 4390 1277 4443 voluerunt.

138 4469 199 4515 tur:
218 4464 276 4517 vid.
291 4468 362 4515 nott.
378 4463 414 4513 ed
433 4463 493 4529 111,
516 4462 574 4515 136.
604 4463 680 4514 Idem
731 4465 769 4514 At
787 4465 918 4527 γυναῖκες
939 4453 1107 4528 μαχλόταται
1126 4462 1181 4513 iam
1204 4460 1277 4528 apud
