3042 5125
216 375 276 438 106
646 365 917 430 HERODOTI

216 568 253 637 ot
268 562 369 653 αὐτῆς
386 567 525 653 ἐρασταί
542 568 624 646 είσι,
644 556 662 629 ὁ
680 561 717 630 δὲ
736 562 846 649 μόρων
865 584 901 626 τε
919 553 984 645 ἤδη
999 555 1055 624 καὶ
1071 548 1281 642 παρηβηκός.
1307 546 1354 639 μὴ

216 675 283 763 δῷς
302 667 342 738 rol
365 670 515 738 σεωυτοῦ
535 662 648 754 αγαθδι
667 662 806 734 ἄλλοισι.
848 660 891 731 Ἡ
912 660 974 750 μὲν
996 657 1037 748 δὴ
1057 655 1098 728 τα
1116 654 1354 745 ἐπαγωγότατα

217 780 417 861 διδαχθεῖσα
436 766 503 840 ὑπὸ
525 775 585 838 τοῦ
605 767 730 857 πατρὸς
753 775 845 854 ἔλεγε
866 763 949 855 πρὸς
968 760 1089 848 αὐτόν,
1117 758 1135 830 ό
1155 761 1192 830 δὲ
1211 757 1352 848 ὑποκρι-

216 877 359 967 νόμενος
381 882 445 965 ἔφη
465 869 597 962 οόδαμόι
618 869 710 961 ἥξειν
732 876 766 952 ἐς
779 870 969 959 Κόρινθον,
990 864 1059 937 ἔστ’
1074 861 1118 937 όν
1139 863 1355 953 πυνθάνηται

216 979 392 1071 περιεόντα
417 975 477 1047 τὸν
505 979 640 1064 πατέρα.
689 974 947 1065 Ἀπαγηειλάσης
975 971 1012 1041 δὲ
1037 969 1159 1059 ταύτης
1186 973 1291 1040 ταῦτα
1316 964 1354 1037 τό

217 1093 329 1176 τρίτον
342 1087 554 1171 Περίανδρος
577 1079 706 1169 κήρυκα
727 1083 867 1170 πέμπει,
888 1074 1092 1167 βουλόμενος
1114 1071 1215 1154 αὐτὸς
1234 1073 1297 1162 μὲν
1320 1076 1356 1152 ἐς

217 1193 397 1276 Κέρκυραν
410 1183 519 1276 ἥκειν·
541 1188 672 1254 ἐκεῖνον
687 1184 724 1253 δὲ
738 1186 887 1268 ἐκέλευε,
905 1185 938 1261 ἐς
952 1177 1126 1268 Κόρινθον
1139 1174 1355 1267 ἀπικόμενον,

219 1293 377 1379 διάδοχον
390 1298 546 1379 γίνεσθαι
560 1293 618 1378 τῆς
630 1292 840 1377 τυραννίδος.
875 1287 1145 1364 Καταινέσαντος
1159 1279 1192 1352 δ’
1209 1283 1264 1352 ἐπὶ
1277 1281 1354 1350 τού-

219 1417 303 1466 τοισι
325 1399 385 1464 τοῦ
409 1389 528 1473 παιδός
550 1388 569 1459 ό
589 1392 652 1482 μὲν
667 1396 878 1481 Περίανδρος
899 1391 1067 1460 ἐστέλλετο
1090 1392 1123 1469 ἐς
1141 1385 1204 1476 την
1224 1389 1355 1474 Κέρκυ-

220 1528 302 1590 ραν,
316 1494 334 1567 δ
351 1498 387 1567 δὲ
401 1513 478 1578 παίς
491 1501 526 1566 οἱ
536 1499 570 1575 ἐς
583 1494 645 1584 τὴν
658 1495 842 1586 Κόρινθον.
872 1491 1038 1584 μαθόντες
1054 1494 1091 1564 δὲ
1105 1496 1141 1560 οί
1151 1498 1358 1578 Κερκυραῖοι

220 1603 347 1674 τούτων
361 1605 499 1686 ἕκαστα,
512 1601 628 1691 ἵναμή
643 1623 704 1691 σφι
717 1605 927 1689 Περίανδρος
942 1601 975 1679 ἐς
987 1595 1048 1687 τὴν
1061 1595 1173 1687 χώρην
1188 1592 1357 1683 ἀπίκηται,

220 1716 387 1779 κτείνουσι
406 1704 464 1775 τὸν
484 1711 670 1793 νεηνίσκον.
708 1702 796 1774 Ἀντὶ
816 1701 945 1774 τούτων
964 1701 1026 1792 μὶν
1039 1705 1249 1791 Περίανδρος
1269 1706 1357 1788 Κερ-

221 1817 381 1900 κυραίους
395 1810 598 1899 ἐτιμωρέετο.

174 1915 214 1977 54
320 1911 579 2002 Λακεδαιμόνιοι
604 1912 640 1982 δὲ
661 1910 769 2004 στόλῳ
788 1909 923 2003 μεγάλην
945 1903 989 1989 ὥς
1009 1905 1186 1995 ἄιτίκοντο,
1206 1905 1359 1993 ἐπολιόρ-

221 2047 300 2090 κεον
322 2015 449 2108 Σάμου.
489 2014 734 2106 προσβαλόντες
761 2015 798 2084 δὲ
825 2012 907 2103 πρός
930 2013 967 2084 τό
987 2031 1094 2104 τεῖχος
1115 2018 1176 2083 τοῦ
1196 2012 1258 2101 μὲν
1277 2009 1361 2101 πρὸς

220 2119 374 2210 θαλάσση
388 2124 544 2200 ἑστεῶτος
567 2118 699 2210 πύργου
720 2116 853 2188 κατὰτὸ
867 2118 1065 2207 προάστειον
1084 2122 1142 2206 τῆς
1155 2114 1269 2197 πόλιος
1283 2117 1358 2186 ἕπε’-

221 2235 347 2315 βησαν,
361 2223 444 2313 μετὰ
459 2225 512 2310 δὲ,
534 2220 638 2293 αὐτοῦ
651 2222 883 2314 βοηθήσαντος
895 2222 1129 2313 Πολυκράτεος
1143 2223 1228 2310 χειρὶ
1241 2225 1360 2310 πολλῇ,

227 2491 233 2510 ε
256 2423 288 2481 τό
302 2430 397 2497 τρίτον
409 2429 599 2498 Περίανδρος]
618 2432 766 2484 articulum
816 2453 860 2498 n.‚
876 2432 1063 2499 eundemque,
1079 2432 1194 2498 triginta
1213 2448 1261 2497 per
1272 2447 1361 2483 annos

221 2516 237 2550 ο
261 2505 326 2553 ante
344 2499 523 2567 Περίανδρος
546 2500 610 2553 olim
634 2505 766 2554 insertum
816 2521 876 2557 eum
889 2507 1048 2571 regnasset,
1068 2507 1178 2555 secutus
1196 2503 1363 2554 estPcrian-

221 2572 766 2710 ¹⁸⁰⁰'32ltthttlhbittit?
817 2577 865 2697 ³1⁰1}
876 2575 1057 2697 1⁶¹0¹0⁰⁸uiili
1069 2574 1129 2694 hil
1151 2573 1363 2695 thibin

222 2659 333 2765 hdcuhtus
347 2728 419 2765 sumt
443 2663 765 2766 nnusretinuithietseh]
817 2661 1008 2775 dumptenhit,
1027 2660 1088 2766 ige.
1104 2660 1191 2797 usgue
1207 2712 1241 2763 ad
1258 2660 1363 2797 annuhh

1142 2783 1363 2908 noune

818 2928 890 2979 cont.
904 2926 987 2977 etiam
999 2924 1129 2976 Larcher.
1142 2925 1170 2974 in
1183 2929 1240 2975 not.
1254 2923 1291 2974 ad
1302 2923 1331 2974 h.
1342 2923 1362 2975 l.

222 2782 325 2836 Eodem
339 2784 419 2835 modo
428 2781 608 2852 Περίανδρος
620 2786 648 2835 in
658 2784 711 2837 fine
722 2801 767 2837 ca·

222 2855 300 2917 pitis,
320 2854 421 2905 omisso
439 2853 566 2907 articulo.
582 2882 619 2894 ·-
639 2857 671 2907 In
689 2871 765 2920 seqq.

225 2918 401 2977 ἐστέλλετο
415 2914 443 2982 ἐς
452 2916 505 2990 τὴν
515 2916 663 2988 Κέρκυραν
674 2925 765 2977 valet:

223 2998 259 3048 ad
277 2996 414 3061 Corcyram
434 2998 473 3045 ire
495 2995 657 3048 constituebat
675 3011 697 3046 s.
717 3013 767 3061 po-

222 3066 306 3116 rubot.
331 3065 372 3114 De
382 3077 435 3113 nau
446 3063 599 3129 imperfecti
612 3064 684 3115 coni.
694 3070 767 3116 nott.

223 3134 259 3184 ad
268 3135 292 3195 1,
300 3133 342 3183 66-
359 3132 480 3183 Verbum
490 3125 651 3183 στέλλεσθαι
661 3133 695 3186 de
704 3153 768 3200 pro·

220 3205 345 3268 sectione,
362 3205 486 3253 morituro
498 3202 675 3267 praesertim,
692 3204 767 3256 haud

225 3272 392 3335 infrequens.
422 3270 486 3321 vid.
504 3271 562 3335 111,
583 3274 642 3324 124.
664 3274 703 3337 V,
721 3274 768 3325 43.

224 3341 325 3402 v11,2.
338 3338 399 3391 239.
429 3339 545 3391 Siebelis
559 3341 594 3391 ud
607 3343 729 3394 Pausan.
742 3346 767 3408 1,

224 3414 249 3462 2.
265 3413 290 3473 ξ.
304 3408 333 3484 33
360 3409 403 3460 Ad
417 3410 516 3461 verbe:
534 3399 550 3459 ό
567 3404 598 3461 δὲ
612 3403 767 3472 παῖςοῖἔς

224 3472 277 3545 τὴν
291 3477 455 3545 Κορινθον,
476 3480 522 3530 ubi
536 3480 607 3533 male
625 3482 705 3534 abeat
721 3499 768 3533 vo-

224 3548 287 3601 cula
301 3541 453 3668 olbduobus
475 3566 492 3600 a
508 3548 602 3614 libris,
626 3553 699 3603 coni.
713 3552 767 3618 111,

263 3685 404 3738 κτείνουσι
424 3678 474 3736 τόν
495 3687 655 3757 νεηνίσκον]
686 3693 767 3744 Hanc

224 3758 258 3809 ob
277 3773 371 3809 necem
388 3756 488 3809 bellurn
506 3760 654 3811 conflatum
670 3763 768 3814 scribit

223 3827 312 3880 Schol.
329 3827 483 3894 Thucydid.
497 3830 527 3893 Ι,
547 3831 578 3883 13
595 3847 768 3898 pugnamque

223 3900 395 3949 commissam
405 3899 540 3961 navalem,
554 3916 634 3966 quam
647 3903 767 3953 omnium

224 3969 442 4033 antiquissimam
460 3985 508 4033 per
520 3969 663 4022 Graeciam
678 3972 767 4038 perbi-

224 4037 270 4087 bet
288 4039 346 4102 ipse
360 4037 535 4102 Thucydides
548 4039 673 4091 ducentis
690 4058 767 4094 sexs-

222 4107 300 4171 ginta
317 4107 397 4157 annis
409 4112 474 4158 ante
486 4107 586 4160 bellum
597 4111 767 4176 Peloponne-

223 4177 330 4226 siacum
352 4174 475 4238 finitum3
502 4178 575 4230 unde
598 4196 768 4247 consequens

223 4249 280 4307 est,
301 4244 353 4295 hoo
365 4246 500 4297 accidisse
515 4263 586 4298 anno
599 4250 651 4301 664
663 4266 688 4300 a.
703 4252 767 4302 Chr.

223 4332 261 4377 n.‚
276 4330 329 4380 quo
340 4318 461 4380 tempore
474 4316 617 4382 Cypselus,
626 4320 770 4372 Periandri

225 4390 317 4449 pater,
339 4400 429 4436 rerum
447 4387 566 4438 nondum
580 4395 639 4440 erat
651 4393 769 4456 potitus,

226 4453 253 4506 id
264 4454 336 4521 quod
345 4453 369 4505 ei
379 4455 479 4525 obtigit
488 4472 561 4509 anuo
571 4458 623 4512 655
633 4465 698 4512 ante
704 4461 767 4514 Chr.

819 3003 846 3049 et
861 2996 932 3048 Tab.
953 2994 1109 3060 chronolog.
1127 2995 1160 3048 Τ.
1174 2995 1238 3046 VII.
1256 3009 1282 3058 p.
1300 2992 1362 3044 603.

818 3068 879 3119 664.
907 3066 986 3116 Haec
1007 3066 1091 3131 igitur
1106 3068 1163 3115 tarn
1177 3065 1363 3129 discrepantia

817 3142 849 3188 ut
860 3151 951 3188 secum
963 3134 1150 3197 concilientur,
1163 3133 1236 3184 haud
1248 3133 1363 3199 suflicit,

818 3208 892 3271 quod
907 3205 1026 3257 Bouhier
1046 3206 1074 3255 in
1085 3205 1160 3256 Diss.
1176 3205 1279 3255 Herod.
1297 3221 1361 3270 cap.

817 3278 867 3329 XV
884 3278 912 3327 in
923 3274 1083 3340 Thucydide
1100 3290 1148 3339 pro
1161 3274 1213 3326 ’260
1227 3275 1307 3325 aunis
1321 3291 1364 3325 re·

818 3348 883 3413 poni
891 3345 980 3397 voluit
991 3344 1049 3410 160,
1060 3347 1100 3396 ita
1111 3348 1142 3394 at
1150 3360 1237 3395 annus
1246 3345 1364 3395 exsistat

818 3417 870 3468 564
883 3432 909 3468 ιι.
921 3415 981 3470 cnr.
992 3431 1030 3480 n.‚
1044 3430 1097 3480 quo
1108 3414 1202 3480 utique
1212 3414 1363 3466 Periander

818 3485 920 3537 dudum
930 3490 989 3537 erat
998 3485 1134 3536 mortuus!
1149 3486 1207 3536 Nos
1217 3500 1278 3535 eum
1284 3485 1364 3536 Wes-

819 3556 934 3623 selingio
961 3555 1142 3607 Scholiastern
1166 3554 1273 3620 lapsum
1301 3570 1364 3606 esse

818 3625 1090 3678 statueremalumua.
1109 3625 1255 3676 Caeterum
1264 3630 1364 3676 auctor

819 3702 862 3749 ost
879 3698 1018 3761 Diogenes
1030 3697 1123 3747 Labrt.
1143 3696 1167 3758 1,
1179 3694 1229 3759 05,
1249 3695 1364 3747 Perian-

819 3767 910 3829 drnm,
931 3766 1028 3817 nuntio
1047 3766 1080 3818 de
1094 3765 1310 3830 Corcyraeorum
1321 3766 1364 3816 in·

818 3837 934 3888 renibus
941 3836 1017 3887 Sami
1028 3836 1144 3888 servatis
1155 3840 1279 3901 accepto,
1290 3850 1364 3886 moe·

818 3923 878 3958 rore
891 3905 1047 3958 confectum
1058 3906 1257 3966 viticusum,
1274 3921 1362 3956 annos

817 3982 911 4028 natum
922 3976 1007 4028 ierme
1017 3975 1166 4041 octoginta.
1187 3977 1265 4038 Quae
1276 3975 1304 4025 in
1314 3976 1363 4025 Ni-

819 4046 891 4098 colai
902 4047 1069 4098 Damasceni
1079 4046 1240 4111 Excerpth,
1257 4048 1287 4096 in
1302 4046 1363 4111 qui·

817 4117 869 4168 bus
882 4117 927 4167 hie
937 4115 1081 4168 Periandri
1093 4114 1277 4171 hliusmomen
1291 4116 1363 4182 gerit

818 4190 936 4247 Nicotoi,
956 4187 1102 4238 traduntur
1118 4186 1151 4238 de
1168 4187 1225 4249 his,
1245 4187 1299 4237 ianr
1318 4201 1363 4237 su-

819 4273 868 4323 pra
882 4258 918 4308 ad
929 4256 983 4321 ΠΙ,
995 4257 1040 4309 48.
1054 4256 1089 4308 50
1103 4257 1256 4308 attulimus.

1009 4377 1076 4428 Car.
1093 4378 1166 4429 LIV.

859 4453 1011 4532 ἐπέβησαν]
1036 4454 1191 4531 ἐπέβησαν,
1217 4461 1290 4529 quod
1313 4462 1362 4513 du·
