3042 5125
473 430 539 490 AD
562 428 822 490 HERODOT.
842 429 903 501 IV,
920 438 963 492 32.
1220 426 1282 488 717

149 638 212 673 care
235 618 281 672 vix
303 619 411 687 licebit3
432 635 594 689 quamquam
615 625 724 687 gentem
746 619 881 688 quandam
904 618 931 670 in
954 618 1067 686 Scythia
1084 618 1174 672 videri
1193 619 1283 672 fuisse

150 704 408 774 Hyperboreorum,
441 704 512 756 unde
533 720 612 755 sacra
634 702 680 754 illa
701 702 762 754 olim
785 702 902 755 Graecis
923 702 1030 755 inerint
1048 702 1145 771 allata,
1175 703 1284 756 minime

151 789 277 859 equidem
293 787 396 841 infitias
412 788 517 841 iverim.
549 788 609 841 Nec
626 787 704 839 aliam
726 788 785 839 iere
801 786 894 856 ipsius
905 787 1037 839 Herodoti
1060 794 1174 841 mentem
1195 788 1283 840 luisse

150 874 293 943 suspicor,
316 872 363 943 qni
379 872 497 940 mythice
513 873 573 939 illa,
596 872 708 942 opinor,
730 871 902 940 potissimum
918 871 1071 941 respiciens
1089 879 1117 924 et
1131 889 1202 941 quae
1217 874 1283 941 pod-

150 966 194 1008 tae
209 957 291 1009 aliive
305 957 457 1025 scriptores
472 957 506 1009 de
521 955 710 1026 Hyperboreis
724 955 891 1008 confabulati
906 964 986 1009 erant
999 957 1101 1008 mireve
1117 957 1283 1023 cecinerant,

150 1040 292 1094 admodum
317 1041 477 1094 dubitanter
499 1040 552 1109 IV,
577 1044 610 1094 32
633 1041 667 1093 de
688 1040 732 1092 bis
753 1040 945 1110 pronuntiavit
964 1048 1047 1109 atque
1067 1041 1094 1092 in
1118 1041 1284 1093 narrationis
1316 1065 1319 1072 ·

151 1127 207 1178 fine
224 1125 325 1192 1v‚3u
341 1126 413 1178 hunc
430 1126 457 1177 in
473 1125 580 1177 modum
597 1125 723 1193 scripsit:
745 1121 773 1178 εἰ
785 1120 816 1178 di
829 1120 882 1178 sict
894 1118 1158 1197 rtosc‘ihrepdo'peos
1171 1119 1284 1195 ἄνθρω-

150 1228 214 1279 ποι,
235 1205 288 1264 εἰσὶ
308 1208 358 1263 καὶ
378 1196 538 1278 ὑπερνότιοι
553 1202 641 1263 ἄλλοι.
671 1209 751 1271 Quae
769 1225 828 1261 cum
842 1207 880 1261 ita
901 1209 973 1277 sint,
993 1209 1111 1262 tabulam
1125 1210 1159 1262 de
1174 1210 1283 1280 Hyper—

151 1295 245 1347 boreis
265 1311 324 1348 cum
339 1294 474 1364 Apollinis
490 1293 564 1345 cultu
585 1311 600 1345 e
619 1293 781 1361 regionibus
803 1293 960 1346 borealibus
980 1293 1007 1345 in
1029 1294 1173 1347 Graeciam
1196 1295 1283 1347 intro·

152 1379 236 1430 ducto
253 1378 424 1431 coniunctam
444 1377 549 1443 luisse,
572 1377 619 1429 vix
632 1374 791 1449 dubium.*)
823 1377 904 1439 Quae
919 1395 988 1445 gens
1003 1377 1026 1429 si
1043 1396 1073 1431 re
1090 1395 1156 1430 vera
1171 1379 1282 1431 eastite

41 1494 44 1499 ·
152 1463 205 1529 rit,
227 1479 283 1515 eam
303 1463 329 1514 in
345 1461 428 1515 Asiae
450 1461 675 1531 septentrionalis
696 1462 859 1529 regionibus
877 1461 1038 1514 consedisse
1054 1463 1195 1531 probabile
1206 1464 1239 1516 lit
1253 1480 1285 1515 ac

152 1547 217 1599 dein
237 1547 323 1614 magis
345 1547 487 1616 magisque
509 1545 675 1598 occidentem
697 1563 797 1598 versus
819 1553 971 1616 porrectam
993 1546 1029 1598 ad
1042 1546 1181 1618 Europam
1196 1564 1284 1617 usqne

153 1630 395 1701 septentrionalem
411 1637 440 1682 ct
454 1628 647 1683 occidentalem
663 1630 780 1683 Graecis
795 1638 851 1682 tum
866 1630 997 1700 temporis
1014 1630 1093 1682 valde
1109 1633 1226 1684 rudibus
1241 1632 1283 1684 in·

153 1714 291 1785 cultisque
307 1715 378 1768 haud
395 1714 550 1768 accuratius
567 1714 703 1781 cognitam
720 1714 891 1780 accessisse3
909 1714 982 1767 unde
996 1714 1023 1765 in
1040 1714 1126 1784 ipsam
1141 1716 1283 1769 Graeciam

154 1799 289 1868 Apollinis
310 1816 388 1852 sacra
409 1799 501 1869 prisco
521 1797 662 1850 admodum
684 1814 751 1850 aevo
771 1797 845 1850 illata
866 1816 929 1851 esse
955 1798 1018 1867 quis
1039 1805 1153 1851 statuat.
1185 1801 1284 1869 Neque

154 1900 235 1949 vero,
252 1891 283 1935 ut
296 1882 450 1936 Schnbarto
465 1884 482 1935 l.
497 1883 515 1935 l.
532 1901 559 1951 p.
574 1885 608 1935 32
624 1881 741 1950 placuit,
756 1881 954 1951 Hyperboreos
969 1881 1083 1934 dixerim
1099 1882 1221 1950 colonos,
1237 1884 1284 1954 qui

154 1985 188 2019 ex
208 1968 315 2020 oriente
334 1969 465 2037 proiecti,
488 1967 605 2020 ducibus
623 1966 829 2031 sacerdotibus,
852 1966 1018 2019 coloniarum
1042 1967 1140 2019 seriem
1155 1968 1284 2021 condide-

155 2052 210 2103 rint
225 2051 260 2103 iis
274 2051 419 2119 interris,
441 2068 510 2121 quas
529 2050 614 2104 alluat
627 2050 734 2102 Pontus
746 2050 874 2102 Euxinus
896 2067 1022 2122 quaeque
1037 2051 1102 2103 inde
1116 2053 1283 2122 septentriou

155 2153 214 2188 nem
235 2142 262 2187 et
283 2135 412 2188 orientem
434 2152 533 2188 uersus
555 2141 691 2205 spectent.
725 2134 800 2202 „Ubi
821 2138 902 2205 (sunt
919 2136 1002 2187 verba
1017 2135 1178 2203 Schubarti)
1202 2153 1285 2205 quum

154 2237 170 2271 a
185 2220 342 2273 commercio
358 2237 450 2274 earum
465 2218 603 2287 gentium,
620 2236 679 2271 cnm
695 2220 797 2289 quibus
813 2220 947 2287 agebant,
963 2237 1017 2271 non
1033 2221 1138 2272 inerint
1153 2222 1284 2290 separati,

154 2321 215 2357 mox
230 2321 290 2357 cum
309 2304 379 2374 ipsis
399 2304 582 2356 miscebantur
602 2311 631 2355 et
645 2320 741 2356 nomen
758 2320 851 2356 eorum
868 2303 895 2355 in
918 2304 1078 2373 populorum
1093 2305 1161 2357 abiit
1177 2322 1284 2371 unomen,

155 2389 363 2457 quibuscomes
381 2388 559 2441 iunxerant.“
580 2388 694 2456 Exque
711 2388 805 2441 eodem
818 2387 864 2439 ille
880 2387 1010 2457 explicari
1024 2407 1107 2458 posse
1123 2396 1216 2460 putat,
1236 2407 1286 2442 cnr

155 2491 172 2525 a
186 2473 297 2541 Scythis
312 2473 417 2525 Noster
433 2471 498 2524 nihil
513 2471 662 2541 comperire
678 2472 800 2541 potnerit
814 2472 848 2525 de
859 2472 1060 2542 Hyperboreis,
1075 2492 1222 2544 eorumque
1237 2492 1284 2526 no-

155 2576 215 2610 men
239 2576 289 2611 cur
309 2557 430 2627 posteris
454 2557 621 2626 temporibus
642 2573 759 2624 prorsus
778 2557 938 2626 evanuerit,
962 2574 1011 2610 cur
1033 2559 1151 2629 denique
1175 2558 1285 2612 insede

155 2642 344 2712 Hyperboreis
364 2642 534 2711 assignanda
545 2645 698 2710 ‘tantopere
719 2641 827 2693 varient
849 2648 987 2695 auctores.
1020 2643 1100 2705 Quae
1122 2660 1184 2696 num
1206 2645 1285 2696 suifi-

156 2726 231 2779 ciant
245 2727 279 2779 ad
293 2727 403 2780 fabulae
418 2726 551 2779 rationem
566 2724 739 2796 indolemque
756 2725 990 2794 perspiciendam,
1006 2726 1066 2779 aliis
1083 2726 1285 2781 diiudicandum

157 2809 293 2882 relinquo.
322 2812 382 2864 Nec
403 2811 489 2879 magis
508 2811 571 2863 mihi
591 2809 725 2879 probatur
745 2809 846 2862 Ritteri
867 2811 960 2880 opinio
982 2810 1123 2880 (Vorlrslle
1144 2829 1206 2882 pag.
1223 2813 1285 2865 286.

155 2895 234 2962 317),
250 2895 298 2965 qui
311 2895 509 2965 Hyperboreos
524 2912 611 2965 aeque
626 2899 709 2962 atque
725 2893 897 2963 Argippaeos
917 2895 1122 2966 Issedonesque
1141 2914 1190 2965 pro
1213 2895 1285 2948 colo-

158 2980 202 3032 nis
224 2978 441 3033 sacerdotalibus
463 2980 543 3032 habet
564 2978 693 3047 antiquae
714 2977 778 3030 fidei
794 2977 969 3031 Buddbaicae
990 2979 1183 3049 propagandae
1203 2997 1286 3033 causa

157 3063 290 3133 proiectis
306 3081 339 3116 ex
354 3063 450 3130 India,
467 3063 491 3116 si
511 3064 565 3116 diis
581 3062 685 3131 placet,
703 3061 838 3115 interiori.
872 3063 933 3116 Hoc
947 3064 1054 3134 quidem
1075 3064 1153 3117 velim
1170 3064 1285 3132 attendi,

158 3149 356 3218 Hyperboreos
376 3147 536 3218 plerumque
551 3147 752 3199 commemorari
774 3163 829 3199 una
844 3165 903 3200 cum
921 3146 1087 3219 Arimaspis,
1111 3148 1285 3220 Argippaeis,

159 3233 283 3302 Grypbis
299 3232 475 3298 coniunctos3
492 3239 523 3284 ut
538 3230 617 3283 valde
631 3231 695 3283 inde
709 3230 847 3284 laudanda
859 3232 896 3284 sit
905 3231 1050 3286 Scbubarti
1066 3253 1149 3304 opera
1161 3235 1179 3286 l.
1191 3234 1209 3286 l.
1222 3251 1285 3304 pag.

157 3319 192 3371 33
207 3334 286 3387 seqq.
301 3316 328 3369 in
345 3315 463 3384 singulis
477 3315 513 3368 iis
529 3314 690 3383 colligendis
706 3316 959 3386 comparandisque,
974 3335 1045 3387 quae
1060 3318 1134 3371 bisce
1145 3319 1286 3386 gentibus,

159 3416 229 3470 quas
244 3399 321 3453 modo
337 3399 409 3466 dixi,
431 3400 536 3453 luerint
550 3400 714 3467 communis,
736 3416 839 3452 morum
858 3401 918 3453 dico
934 3401 1178 3471 institutorumque
1193 3402 1286 3455 simili—

159 3483 295 3549 tudinem,
317 3493 581 3556 praeceptorumque
604 3485 825 3551 congruentiam,
853 3484 983 3537 iustitiam
1009 3486 1132 3555 adeoque
1155 3487 1285 3539 sanctita-

158 3579 226 3634 tem,
243 3585 314 3639 quae
330 3568 366 3620 iis
381 3585 435 3620 nna
450 3569 596 3635 tribuitur,
613 3568 724 3635 linguae
737 3567 874 3637 propriam
890 3568 1022 3635 indolem,
1038 3571 1129 3622 carnis
1144 3570 1287 3622 abstinen-

158 3653 238 3720 tiam,
260 3654 425 3722 frugumque
441 3652 582 3720 alimenta,
602 3651 701 3721 capitis
716 3650 864 3719 calvitiem,
886 3651 951 3721 quin
971 3652 1047 3722 ipsas
1062 3653 1144 3706 sedes
1165 3654 1193 3705 in
1211 3670 1287 3706 unon-

159 3737 225 3788 tinm
245 3737 446 3803 cacuminibus,
470 3754 539 3806 quae
561 3736 603 3788 his
621 3735 818 3803 assignantur,
841 3735 903 3788 alia.
932 3736 974 3813 ,Et
990 3738 1086 3790 conier
1101 3754 1212 3809 quoqne
1227 3738 1287 3789 Rit-

160 3831 219 3873 ter:
235 3821 388 3873 Erdlrnode
403 3821 440 3875 ll.
457 3838 521 3890 pag.
536 3823 587 3873 893
602 3819 662 3871 coll.
674 3823 735 3873 907.
767 3819 831 3882 Quo
852 3821 928 3889 prior
951 3820 1002 3872 iam
1014 3821 1104 3874 Wnbl.
1120 3821 1287 3875 Erdbeschr.

159 3951 367 3962 -——-——

230 4032 258 4099 *)
275 4034 399 4085 Pertinet
408 4033 460 4084 hnc
472 4034 678 4099 qnoqueKrusii
686 4033 1039 4100 sententialUrgeschiobte
1051 4035 1076 4087 d.
1086 4036 1182 4089 Esthn.
1192 4037 1288 4090 Volks·

161 4107 269 4153 summ.
282 4119 346 4169 pag.
357 4105 400 4154 75.
413 4103 472 4168 76),
483 4104 531 4168 qni
543 4120 577 4155 ex
590 4104 639 4167 iis,
657 4119 727 4168 quoe
740 4102 773 4153 de
783 4103 968 4169 Hyperboreis
981 4106 1142 4170 traduntur,
1162 4110 1230 4159 satis
1241 4124 1288 4174 ps-

161 4176 219 4222 tere
229 4177 308 4236 putat
324 4171 513 4223 commercium
526 4171 661 4237 quoddam
675 4172 839 4223 Graecorum
850 4179 957 4224 maturo
971 4176 1026 4225 iarn
1040 4180 1160 4241 ternpore
1177 4178 1287 4229 institu-

161 4246 219 4290 turn
230 4257 290 4291 cum
308 4240 434 4306 gentibus
451 4241 726 4305 septentrionalibus,
743 4241 823 4306 idque
837 4242 917 4292 simnl
931 4243 1014 4293 etiam
1023 4245 1143 4298 valuisse
1155 4248 1191 4298 ad
1206 4247 1286 4306 Solia,

160 4310 255 4360 Lunae
267 4326 301 4360 ac
312 4311 432 4360 siderum
451 4308 569 4371 cultum,
585 4311 631 4374 qui
644 4309 715 4374 apdd
728 4309 790 4360 illas
802 4317 897 4376 gentes
909 4313 1139 4377 septentrionales
1153 4315 1215 4365 olim
1231 4316 1287 4364 iue-

160 4381 197 4428 rit
209 4379 324 4445 indeque
338 4379 373 4428 ud
387 4379 506 4430 Graecos
524 4380 686 4442 pervenerit.
713 4378 755 4428 De
774 4381 933 4430 commercio
946 4382 1111 4433 Graecorum
1128 4385 1188 4434 enin
1202 4385 1288 4450 genti-

160 4448 211 4498 bus
237 4448 496 4513 septentrionalibus
514 4448 640 4497 instituto
660 4450 689 4498 in
705 4446 758 4496 hac
779 4448 873 4499 tabula
893 4451 938 4515 agi
959 4452 1111 4502 arbitratur
1129 4468 1236 4520 quoque
1257 4452 1287 4503 C.

160 4516 282 4568 Schnller
292 4516 406 4583 (Archiv
419 4516 438 4567 i.
452 4514 550 4568 Knade
558 4516 686 4569 iistrsich.
697 4515 941 4585 Geschicbtsquell.
954 4520 1028 4572 XIV.
1042 4536 1068 4585 p.
1078 4519 1133 4586 98).
