3042 5125
470 373 796 439 MELPOMENE.
820 378 875 438 IV.
898 392 957 443 101.
1221 383 1283 445 497

142 587 197 629 τιν
217 563 341 648 ἑτέρων
357 564 452 632 δέκα·
485 565 542 632 καὶ
561 563 599 632 τό
619 561 685 634 άπδ
704 567 877 656 θαλάσσης
896 573 929 649 ἐς
947 569 1131 658 μεσόγαιαν
1152 576 1186 652 ἐς
1206 570 1284 654 τοὺς

142 672 423 751 Μελαγχλαίνους
443 664 521 746 τούς
543 667 735 758 κατύπερθε
755 676 925 741 Σκυθέων
953 677 1149 762 οἰκημένους
1178 686 1283 745 εἴκοσι

142 763 294 854 ἡμερέων
308 763 393 866 ὁδός.
423 765 444 856 ἡ
461 768 496 836 δὲ
515 765 626 859 δδδςὴ
644 767 807 862 ἡμερησίη
821 771 886 842 άνά
900 776 1053 863 διηκόσια
1066 777 1184 847 στάδια
1198 800 1281 868 συμ-

142 872 307 958 βέβληταί
321 899 386 959 μοι.
420 867 508 939 οὕτω
523 868 636 961 ἂνεῖη
650 879 707 962 τῆς
720 881 897 965 Σκυθικῆς
916 876 956 946 τά
976 879 1151 968 ἐπικάρσια
1165 907 1280 968 τειρα-

142 981 316 1059 κισχιλίων
330 979 493 1061 σταδίων,
514 977 570 1044 καὶ
584 975 624 1045 τὰ
645 974 747 1065 όμθια
759 978 800 1048 τά
814 984 847 1060 ἐς
860 978 921 1069 τὴν
935 980 1117 1070 μεσόγαιαν
1135 989 1281 1075 φέροντα

140 1171 177 1222 ad
192 1172 268 1238 ipsas
281 1189 424 1227 mensuras
438 1177 540 1228 attinet
558 1177 610 1228 hoc
625 1178 686 1229 loco
737 1179 772 1229 ad
781 1181 921 1237 Moscnam
933 1197 1019 1247 usque
1029 1184 1181 1236 collocandi
1191 1191 1280 1248 erunt,

139 1242 175 1291 ab
208 1242 349 1295 Herodoto
383 1247 525 1311 proditas,
564 1247 685 1298 Dauvill.
736 1251 1289 1321 nequeadquinquagesimum,adqu‚enf

140 1308 235 1375 (Mem.
252 1312 286 1363 de
302 1312 406 1365 i'Acad.
426 1316 452 1365 d.
470 1317 557 1368 Inscr.
574 1318 685 1368 XXXV.
735 1321 873 1383 pertinent
882 1320 1022 1383 Pultaws‚
1040 1322 1190 1387 Chariton,
1208 1324 1281 1374 stiae

138 1396 167 1445 p.
186 1380 250 1444 573)
270 1396 318 1433 eas
335 1386 438 1449 optime
457 1400 606 1451 congruere
624 1401 688 1437 cen·
736 1389 826 1440 urbes.
838 1416 869 1425 —
890 1390 966 1452 Quae
984 1396 1134 1456 sequuntur
1147 1393 1243 1444 verba:
1261 1411 1279 1459 η

140 1455 198 1512 set,
219 1452 244 1500 si
257 1452 363 1516 quidem
379 1460 521 1506 sumantur
534 1456 686 1506 aDanubii
737 1451 767 1504 δὲ
786 1450 854 1515 ὁδὸς
877 1449 894 1522 ἡ
912 1451 1051 1525 ἡμερησίη
1071 1454 1128 1510 άνά
1149 1456 1280 1527 διηκόσια

140 1521 221 1571 ostiis
238 1535 323 1586 prope
341 1523 458 1574 insulam
472 1526 580 1575 Peucen
601 1540 686 1589 usque
727 1520 837 1575 στάδια
854 1525 1041 1594 συμβέβληταί
1056 1545 1119 1594 μοι,
1141 1532 1222 1582 Velle
1239 1533 1280 1582 sic

141 1605 203 1639 eum
215 1590 251 1639 ad
266 1589 363 1654 locum,
376 1593 423 1643 nbi
434 1594 632 1658 Borysthenem
645 1611 687 1645 re·
736 1595 870 1646 reddidit:
887 1607 1056 1662 supputantur
1076 1604 1183 1651 sanein
1194 1605 1267 1666 ιίκμιι

139 1660 227 1724 cipiet
238 1660 352 1711 Pontus.
365 1661 503 1714 Addamus
513 1663 603 1726 hisce,
615 1679 686 1728 quae
736 1670 775 1718 lor
793 1666 849 1716 dier
869 1668 967 1717 itineris
981 1669 1078 1719 ducena
1095 1671 1197 1728 stadia:
1220 1685 1280 1721 ver-

139 1728 238 1780 scribit
249 1729 375 1782 Koehler.
395 1731 487 1795 (Mdm.
500 1749 547 1784 sur
561 1733 579 1783 l.
592 1731 644 1783 iles
658 1743 686 1782 et
736 1733 847 1785 nucule:
873 1735 1087 1802 „die'l'sgreise
1103 1739 1141 1787 ist
1158 1754 1213 1788 von
1227 1742 1279 1789 mir

138 1798 158 1848 1.
168 1813 259 1849 eonrs
271 1825 304 1835 -
315 1799 412 1850 richilt.
423 1818 485 1868 pag.
497 1804 557 1866 ‘22ss
572 1802 622 1864 „Si
630 1801 687 1853 He·
734 1802 880 1869 gerochnet
894 1803 944 1854 auf
956 1803 1013 1869 (zu)
1023 1806 1207 1857 nweihundert
1217 1808 1280 1859 Stu-

140 1867 238 1920 rodote
255 1873 379 1934 compte,
402 1886 455 1935 que
476 1875 501 1921 ie
523 1871 629 1921 chemin
652 1872 685 1923 de
736 1873 828 1923 dien“.
858 1873 950 1923 Medio
968 1876 1051 1925 verbo
1070 1871 1279 1941 συμβάλλεσθαι

142 1944 215 1989 terre
227 1942 305 1989 entre
322 1939 414 1990 l'lster
432 1947 460 1992 et
476 1942 500 1991 te
514 1940 686 2003 Borysthene
734 1943 888 2005 supputandi
897 1943 1280 2007 significatioueNosterusus

141 2012 186 2058 est
199 2007 234 2058 de
250 2006 319 2059 2000
332 2009 440 2072 stades,
452 2008 635 2085 400yerstes‚
649 2026 685 2060 on
735 2016 778 2061 est
789 2011 832 2073 11,
846 2009 955 2089 31.y1,
969 2012 1012 2063 03.
1031 2012 1073 2063 05.
1105 2015 1147 2064 De
1159 2016 1187 2064 vi
1202 2032 1280 2082 prse-

141 2078 201 2127 doit
217 2077 363 2142 peut-etre
379 2094 526 2144 supposer‚
549 2094 600 2145 que
618 2094 686 2142 pour
736 2080 881 2144 positionis
896 2075 952 2128 ανά
965 2082 1070 2133 consul.
1082 2083 1219 2135 Kuehuer.
1231 2085 1278 2137 Gr.

142 2147 211 2196 taire
228 2146 253 2196 le
270 2146 355 2210 trajet
371 2147 417 2198 des
432 2151 534 2200 flenves
551 2156 578 2200 et
598 2146 685 2198 dsiter
736 2150 783 2200 Gr.
798 2152 823 2212 ἕ.
836 2149 888 2201 002
901 2147 947 2200 hu.
1047 2170 1051 2175 ·

141 2216 182 2267 les
195 2216 296 2265 marsis
309 2218 432 2281 produits
444 2233 495 2283 par
505 2218 578 2270 leurs
591 2216 687 2268 debor-
770 2210 842 2267 οὗτοι
854 2207 891 2267 civ
901 2216 944 2283 εἰη
955 2216 1005 2283 τῆς
1015 2217 1164 2284 Σκυθικῆς
1176 2211 1209 2269 τά
1220 2215 1279 2271 ἑπι-

141 2286 269 2345 demens,
297 2284 323 2335 le
347 2302 485 2353 voyegsnr
509 2303 539 2338 se
564 2289 686 2338 trourait
735 2277 877 2353 κάρσιακ.
891 2286 963 2353 τ.λ.]
977 2289 1279 2356 Quaerituriuhispo·

143 2353 258 2420 quelque
289 2354 343 2405 fois
371 2355 461 2422 obligo
486 2358 520 2407 de
550 2364 686 2408 remonter
734 2358 884 2419 tissimum,
907 2358 973 2422 quid
990 2358 1043 2435 sipi
1060 2358 1146 2409 veiint
1166 2353 1200 2408 τά
1219 2353 1279 2410 ἐπι-

142 2425 210 2473 dsus
222 2424 374 2474 t’interieur
389 2425 436 2477 des
447 2433 546 2487 terres3
568 2427 686 2476 hmoins
734 2418 852 2491 κάρσια,
873 2427 938 2491 quid
954 2419 989 2476 τά
1007 2427 1111 2491 ορθια,
1134 2444 1204 2494 quae
1221 2434 1281 2487 rosc

143 2508 196 2558 qne
219 2492 276 2542 l’on
296 2509 329 2543 ne
348 2495 447 2547 veuilte
468 2511 613 2561 supposer,
640 2496 685 2560 qu'
737 2487 913 2561 ἐπικαρσίοις
925 2496 1125 2560 quodammodo
1139 2513 1280 2564 opponun-

142 2561 282 2614 Hdrodote
299 2562 376 2628 parle
399 2565 489 2631 piutot
508 2567 542 2617 de
561 2566 688 2617 l’endroit
737 2570 792 2617 tur.
823 2568 863 2616 Ac
883 2568 983 2617 statuit
994 2566 1098 2616 Bobrik
1112 2568 1280 2634 (Geograph.

143 2631 177 2684 od
196 2633 222 2683 le
234 2633 404 2697 Borysthene
421 2651 451 2687 se
465 2637 538 2699 jetts
553 2636 622 2685 daus
636 2651 686 2686 son
736 2636 761 2685 δ.
775 2635 908 2686 Herodot.
928 2651 954 2700 p.
967 2635 1010 2687 80.
1027 2634 1074 2699 87)
1089 2641 1149 2694 τοίς
1165 2631 1279 2703 ἐπικαρ-

142 2702 242 2765 limon,
260 2704 360 2768 que—de
374 2703 444 2754 celui
456 2705 491 2755 oh
508 2705 567 2755 tinit
580 2721 612 2756 ce
625 2706 686 2756 der·
738 2703 810 2762 σίοις
820 2703 967 2770 significari
974 2704 1058 2755 Ponti
1067 2720 1142 2755 oram
1155 2708 1281 2758 meridio-

144 2774 234 2824 nier.“
737 2773 826 2824 nalem
846 2789 869 2825 s.
888 2774 951 2836 „die
967 2772 1097 2838 sehritgs,
1122 2773 1201 2840 litugs
1219 2777 1279 2828 dem

176 2838 226 2890 καὶ
246 2831 277 2890 ιδ
303 2831 361 2890 άπὸ
384 2834 532 2907 θαλάσσης
554 2833 582 2899 ἐς
606 2837 685 2906 μεσό-
735 2843 839 2894 Pontus
852 2842 978 2893 laufende
991 2841 1158 2905 Siidkiiste“,
1172 2859 1233 2895 cum
1245 2837 1280 2894 τά

143 2926 227 2973 γαιαν
241 2936 275 2947 -·
286 2906 375 2959 εἴκοσι
391 2902 517 2975 ἡμερέων
537 2901 616 2976 ὁδός]
643 2913 686 2961 Ex
736 2900 825 2978 ὄρθια
837 2913 873 2962 ad
883 2912 1013 2976 Scythiae
1032 2912 1206 2965 latitudinem
1221 2931 1281 2981 per·

142 2980 279 3031 Herodoti
294 2982 496 3045 computatione
513 2982 614 3046 viginti
632 2980 687 3031 die·
736 2983 888 3044 timente,
901 2986 933 3032 ut
943 2982 1030 3047 ipsius
1043 2982 1096 3032 viri
1108 2982 1185 3034 docti
1197 2985 1281 3035 verba

141 3066 200 3101 rum
219 3050 321 3100 itinera
335 3049 458 3100 efficiunt
471 3055 601 3116 quattuor
613 3050 687 3101 mille
736 3054 835 3103 iterum
846 3051 996 3116 proteram:
1012 3052 1076 3112 „ein
1083 3051 1282 3103 Durchsohuitt

143 3120 250 3170 stadia:
275 3135 344 3184 quae
361 3120 423 3183 ipsa
436 3135 497 3170 cum
511 3121 688 3185 septuaginta
738 3120 1037 3185 derBrsiteSkythiens
1046 3121 1146 3186 genade
1155 3122 1281 3172 iusLsnd

143 3195 275 3255 quattuor
293 3189 350 3240 tere
362 3188 484 3239 milliarn.
497 3188 688 3255 geographicis
736 3190 858 3243 hiueiu.“
875 3190 1244 3254 Brendstaeterofflcythice.
1254 3210 1280 3257 p.

143 3261 325 3321 conveniunt,
339 3258 436 3323 quibus
448 3264 534 3310 totum
546 3260 615 3310 ittud
628 3274 688 3323 spa·
738 3261 773 3312 34
783 3259 851 3326 seq.)
863 3253 899 3309 τά
911 3251 1061 3322 ἐπικάρσια
1070 3260 1198 3311 videntur
1210 3278 1279 3324 esse,

143 3331 212 3380 tium
239 3329 302 3378 inde
327 3343 344 3378 a
367 3330 553 3393 promontorio
573 3328 626 3378 Aia
646 3329 689 3392 (ut
739 3345 811 3395 quae
833 3330 943 3395 oblique
965 3331 993 3379 iu
1011 3330 1128 3379 Pontum
1146 3346 1176 3380 se
1194 3331 1281 3394 porri-

144 3414 216 3449 nnnc
233 3397 345 3462 vocent)
362 3412 448 3462 usque
466 3398 501 3449 ad
521 3400 614 3450 urbem
626 3397 689 3448 Pul·
739 3404 822 3464 gunt,
837 3400 912 3451 latus
923 3400 1008 3466 igitur
1020 3398 1150 3463 Scythiae
1163 3400 1198 3449 ad
1208 3401 1281 3450 Pon·

145 3475 219 3519 tswa
246 3469 459 3533 septentrionem
481 3483 576 3518 versus
600 3466 689 3532 exple·
739 3474 798 3519 tum
817 3470 852 3519 ab
867 3472 940 3521 Istro
956 3483 1041 3534 usque
1064 3467 1100 3518 ad
1115 3469 1281 3520 Maeotidem

145 3543 203 3588 tur:
238 3535 308 3588 adso
332 3541 364 3587 nt
388 3535 590 3589 Melanchlaeni
615 3538 689 3587 circa
739 3537 870 3602 (Taurica
887 3538 945 3589 scii.
964 3537 1082 3601 resecta)
1099 3539 1280 3600 constituunt,

146 3608 217 3658 hanc
239 3606 331 3657 urbem
354 3605 433 3658 sedes
450 3622 514 3657 suas
533 3605 688 3656 habuerint.
739 3608 780 3657 ita
792 3612 892 3671 tamen,
904 3614 936 3658 ut
948 3608 1035 3670 magis
1049 3607 1189 3671 magisque
1200 3611 1281 3673 quasi

146 3677 190 3727 Ita
199 3682 275 3728 certe
284 3675 394 3727 Koister
403 3675 422 3724 l.
433 3675 449 3725 1.
460 3691 522 3741 pag.
531 3676 592 3726 007.
621 3674 690 3724 Mihi
739 3676 863 3727 meridiei
890 3677 1107 3740 appropinquare
1136 3680 1280 3739 putentur3

145 3747 233 3813 mngis
257 3746 470 3811 septentrionem
490 3760 583 3795 versus
603 3760 689 3809 usque
741 3739 774 3795 τά
792 3733 880 3806 ὄρθια
894 3746 963 3795 idem
977 3759 1037 3794 esse
1054 3743 1115 3793 vult
1130 3744 1203 3796 latus
1217 3745 1281 3810 Scy·

145 3816 179 3867 sd
198 3818 355 3876 hicaunam,
378 3813 482 3878 Rjiisan
500 3820 533 3865 et
547 3814 689 3864 Wladimir
740 3815 830 3877 thiae,
849 3815 921 3878 quod
939 3813 1015 3865 recti
1032 3813 1059 3862 in
1074 3813 1192 3863 Pontum
1209 3812 1282 3867 linet

145 3884 343 3936 Melanchlaeni
353 3884 493 3936 habitasse
506 3886 691 3948 videntur,ut
739 3885 824 3935 iacetr
853 3883 901 3934 sed
922 3883 1046 3933 nimirum
1064 3897 1119 3932 non
1138 3899 1154 3932 a
1174 3889 1281 3948 septen·

147 3956 180 4006 ad
189 3957 238 4018 tv,
251 3955 284 4006 20
294 3956 403 4005 notavi:
417 3955 586 4020 nequeenim
601 3968 618 4003 s
628 3969 689 4018 pro·
739 3957 830 4005 trione
843 3954 871 4002 iu
880 3952 1026 4013 meridiem,
1042 3952 1182 4002 sedetiam
1194 3955 1282 4020 magis

147 4024 282 4075 montorio
294 4023 347 4074 Aia
359 4022 535 4088 paeninsulae
547 4024 689 4073 Crimseae
741 4041 774 4076 ex
789 4023 894 4074 oriente
906 4022 935 4070 in
951 4021 1128 4072 occidentem.
1148 4022 1282 4087 Equidem

146 4093 371 4160 progrediendum
384 4093 450 4143 mihi
461 4092 583 4154 videtur,
595 4092 642 4141 sed
656 4091 690 4140 ab
740 4109 800 4144 cnm
809 4093 930 4142 Hansen.
940 4088 1103 4169 (Osteuropp
1113 4091 1176 4151 po)
1184 4094 1283 4145 etKol·

149 4180 196 4216 ora
210 4164 292 4215 Ponti
303 4164 417 4213 Euxini:
442 4178 459 4212 a
476 4177 529 4228 qua
545 4164 690 4211 introrsum
741 4167 815 4214 atero
829 4160 858 4225 (1.
875 4161 892 4214 l.
906 4176 968 4226 pag.
984 4159 1046 4224 titii)
1061 4174 1096 4208 τα
1110 4154 1198 4225 ὄρθια
1213 4165 1282 4214 rete-

149 4249 197 4299 per
214 4233 317 4297 viginti
339 4232 442 4282 dierum
463 4234 514 4281 iter
533 4231 569 4281 ad
589 4230 690 4281 Melen-
741 4249 799 4282 ram
812 4231 888 4281 adid
906 4230 979 4280 latus
993 4228 1122 4295 Scythiae
1138 4247 1160 4281 s.
1174 4230 1209 4281 ad
1222 4249 1283 4284 eam

45 4350 46 4357 ,
148 4303 277 4354 chlaenos
297 4305 439 4367 pervenis,
462 4301 508 4367 qui
526 4305 600 4352 certe
616 4301 691 4353 circa
741 4303 852 4363 lineam,
867 4315 936 4365 qnae
950 4299 1089 4350 ameridie
1099 4299 1175 4366 (iude
1187 4302 1222 4351 ab
1234 4317 1284 4351 ora

45 4408 47 4433 ,
150 4372 404 4437 quinquagesimum
428 4372 551 4437 quintum
577 4369 691 4437 gradum
742 4368 837 4435 maris)
855 4371 1068 4434 septentrionem
1090 4383 1186 4421 versus
1207 4377 1285 4421 recte

152 4449 178 4491 et
188 4442 232 4492 rel
243 4441 356 4493 ulterius
371 4440 584 4507 septentrionem
596 4454 692 4492 versus
742 4440 850 4492 ducitur
866 4443 948 4505 atque
968 4439 1141 4504 longitudine
1160 4453 1211 4489 sua
1233 4455 1283 4505 par

182 4547 348 4589 unaonon.
370 4546 405 4589 ιι.
1039 4521 1079 4582 32
