3042 5125
274 368 337 433 242
604 377 618 425 .’
707 368 975 434 ΗΕΒΟΒΟΤΙ

274 558 395 631 idtio
413 560 517 652 ταύτῇ
537 565 578 651 τῇ
597 566 725 651 ταραχῇ
744 561 827 631 κατὰ
840 557 903 652 μὲν
924 569 1048 632 ἔκτεινε
1063 562 1277 654 Μιτροβάτεα
1291 561 1345 633 τὸν
1361 566 1392 633 ἐν

276 673 488 736 Δασκυλείου
501 663 671 754 ὕπαρχον,
685 662 722 746 ὅς
735 671 771 735 οί
783 663 936 736 ὠνείδισε
949 665 989 735 τὰ
1003 671 1037 748 ἐς
1050 667 1268 757 Πολυκράτεα
1279 675 1392 755 ἔχοντα,

275 767 359 840 κατὰ
383 769 420 839 db
438 772 499 838 τοῦ
518 768 740 858 Μιτροβάτεω
760 769 820 840 τὸν
840 776 944 840 παῖδα
964 769 1191 860 Κρανάσπην,
1219 769 1338 858 ἄνδρας
1362 775 1393 840 ἐν

276 877 426 963 Πέρσῃσι
440 878 615 963 δοκίμους,
635 871 769 944 ἄλλοτε
791 874 943 963 ἐξύβρισε
962 891 1122 963 παντοῖα,
1142 884 1203 947 καί
1218 903 1291 944 τινα
1304 871 1391 964 ἀγγα-

276 976 372 1067 ρήιον
386 985 534 1068 Δαρείου
553 975 697 1048 ἐλθόντα
717 975 801 1069 παρ’
816 975 934 1064 αὐτὸν,
957 974 1001 1059 ὡς
1021 975 1062 1049 οὐ
1080 977 1163 1069 πρὸς
1183 976 1307 1068 ἡδονήν
1319 969 1394 1067 ολῆν

257 1186 261 1193 ’
276 1180 343 1231 bont
352 1178 417 1230 libri
429 1180 533 1245 scripti,
546 1179 652 1245 reliqui,
666 1195 683 1230 a
693 1180 819 1231 Belslsero
903 1178 955 1228 καί
961 1194 1024 1229 τινα
1035 1169 1205 1248 ἀγγαρήιον]
1226 1180 1394 1232 Tabellarium

277 1256 305 1301 et
317 1248 460 1300 Diudorfio
477 1254 610 1300 mutatum
623 1250 650 1298 in
663 1240 765 1313 ὠφέλεε
777 1249 820 1314 (ut
868 1248 1000 1316 intelligit
1020 1266 1042 1301 s.
1059 1265 1198 1301 cursorem
1216 1254 1316 1318 regium
1333 1251 1395 1316 eqni·

278 1309 514 1384 inexistentiam),
533 1319 668 1385 probante
681 1319 818 1372 Bredovio
868 1325 935 1379 tem;
952 1320 985 1370 de
999 1335 1051 1385 quo
1065 1319 1269 1372 tabellariorum
1283 1321 1394 1371 instituto

276 1405 340 1455 pag.
352 1389 412 1440 372.
435 1389 550 1440 Cautius
563 1390 629 1438 mihi
641 1389 732 1455 egisse
743 1388 819 1441 vide-
868 1390 942 1454 apud
959 1390 1059 1440 Persae
1079 1390 1230 1453 primarius
1251 1395 1337 1441 exstat
1350 1391 1396 1440 lt'o

277 1468 322 1509 tur
332 1458 470 1521 Dietscb.‚
486 1457 628 1524 vulgatam
642 1464 670 1509 et
682 1459 741 1524 ipse
753 1461 819 1511 reti·
869 1459 919 1509 stri
938 1459 1014 1509 locus
1029 1458 1110 1521 VIII,
1128 1459 1164 1510 ue
1184 1460 1243 1524 (ubi
1261 1462 1296 1513 cl.
1315 1460 1394 1524 nott),

277 1543 358 1592 neus,
380 1543 441 1579 cum
458 1528 487 1577 in
504 1528 607 1579 talibus
625 1530 718 1595 utique
733 1530 818 1580 Hero·
870 1544 948 1594 quem
962 1543 1087 1579 unacum
1102 1528 1167 1581 aliie
1186 1530 1239 1580 bac
1256 1531 1287 1581 de
1298 1546 1325 1580 re
1337 1530 1396 1580 exci-

1475 1472 1477 1595 l

278 1600 371 1649 dotum
393 1613 448 1648 nun
465 1599 522 1647 und
544 1603 652 1649 tantum
671 1600 759 1649 forma
776 1615 819 1650 so·
870 1601 941 1649 tavit
953 1599 1075 1650 Briason.
1090 1598 1124 1649 de
1136 1615 1195 1665 reg.
1203 1601 1279 1652 Pers.
1288 1601 1366 1665 princ.
1376 1598 1394 1647 1.
1476 1636 1477 1665 τ

277 1668 336 1718 luti
347 1683 425 1718 ueum
440 1682 500 1719 esse
513 1668 643 1719 credibile
658 1669 703 1719 eit.
725 1696 758 1706 —
777 1668 819 1719 Ad
870 1668 963 1731 §.tua
979 1667 1082 1730 Quibus
1092 1666 1163 1720 locis
1177 1669 1278 1721 addere
1288 1670 1396 1720 licetbn·
1476 1714 1477 1729 ,

277 1737 378 1789 tmeein
387 1737 528 1789 Herodoto
538 1737 611 1788 baud
621 1738 820 1804 infrequentem
834 1755 836 1758 ’
871 1737 972 1800 cilium,
985 1739 1031 1803 qui
1042 1737 1195 1789 Satirarum
1209 1745 1285 1791 sexto
1295 1739 1357 1789 libro
1365 1738 1396 1786 di·
1476 1742 1477 1765 ³

278 1809 307 1858 in
319 1806 412 1859 verbis
421 1798 492 1857 κατὰ
503 1798 555 1872 μὲν
563 1801 664 1857 ἔκτεινε
675 1809 711 1858 ci.
723 1810 745 1872 1,
761 1808 819 1859 194.
871 1812 964 1858 xerat:
982 1822 1170 1871 „concursaue
1189 1808 1274 1860 veluti
1291 1810 1396 1875 αιρτήοτ

263 1878 315 1940 11,
328 1877 370 1929 39.
386 1876 421 1928 40
433 1876 526 1942 ibique
540 1881 611 1928 nott.
869 1877 998 1943 clareque
1015 1877 1172 1943 quiritans“
1192 1884 1264 1930 teate
1279 1880 1360 1930 Nonio
1376 1893 1394 1927 a

313 1937 344 1995 lv
363 1938 448 2012 ταύτῃ
466 1944 500 2013 τῇ
516 1943 634 2013 ταραχῇ]
664 1945 743 1998 Conl.
766 1947 819 2011 111,
870 1963 898 1998 v.
908 1947 1042 2013 quiritare
1059 1962 1122 2014 pag.
1134 1950 1179 2000 ⁶21.
1206 1949 1245 2001 Ut
1259 1949 1325 2000 enim
1337 1947 1396 2011 regis

279 2016 338 2069 150.
356 2017 399 2066 Ex
409 2016 460 2069 boc
470 2015 655 2068 locoHeeren.
666 2016 749 2066 ldeen
760 2018 784 2080 l,
795 2018 818 2069 l.
870 2016 1000 2067 mandata
1015 2031 1095 2082 quarn
1108 2018 1246 2071 citissime
1258 2017 1396 2084 adproriu·

278 2101 341 2152 pag.
366 2086 418 2136 412
443 2085 569 2137 concludi
597 2086 670 2146 vult,
699 2094 818 2151 quantus
869 2088 974 2137 ciarum
988 2086 1143 2151 praefectos
1156 2090 1336 2153 pervenirent,
1347 2103 1396 2137 eur-

278 2156 388 2206 omniuo
407 2157 461 2206 iste
479 2155 563 2207 inerit
580 2160 669 2206 motus
685 2170 702 2205 a
714 2156 820 2207 Smerdi
870 2171 945 2207 sores
964 2162 1043 2207 erant
1059 2172 1107 2221 per
1126 2159 1263 2210 stationes
1276 2156 1396 2223 dispositi,

277 2226 420 2291 magisque
435 2227 585 2285 excitatum
601 2225 700 2290 qnippe
711 2226 747 2274 ad
763 2240 819 2275 om·
870 2227 917 2292 qui
930 2226 978 2276 illa
989 2224 1025 2275 ad
1038 2232 1183 2292 satrapae,
1208 2243 1346 2294 eorumque
1364 2240 1396 2275 re·

263 2311 339 2347 nem
351 2294 445 2345 Asiam
458 2294 515 2345 late
529 2299 668 2361 patentem
687 2296 820 2360 regnique
868 2311 971 2362 sponsa
986 2296 1021 2345 ad
1038 2311 1128 2363 regem
1146 2298 1307 2363 perferrent.
1330 2295 1397 2359 Quod

277 2368 369 2430 partes
387 2363 549 2428 amplissimi
565 2364 681 2414 maxime
698 2371 819 2416 remotas
870 2367 1042 2428 institutum,
1054 2370 1131 2418 cuius
1144 2369 1236 2420 aimile
1249 2368 1311 2435 quid
1321 2365 1396 2417 adbuc

276 2434 324 2484 ille
334 2431 455 2484 valuisse
464 2433 582 2484 videtur.
598 2434 658 2496 Quo
668 2435 740 2484 enim
752 2439 820 2485 tem·
869 2442 979 2486 exstare
990 2436 1086 2485 scribit
1095 2437 1244 2503 Morierus,
1260 2434 1397 2504 quominus

277 2518 344 2570 porc
378 2502 497 2555 Smerdis
527 2518 639 2570 regnum
670 2509 820 2570 occuparat
870 2521 931 2555 cum
946 2506 1048 2555 nostris
1065 2507 1192 2560 cursibus
1211 2508 1325 2575 publicis
1343 2505 1396 2571 (Po

277 2571 436 2640 septemque
461 2572 502 2625 illi
528 2573 665 2639 principes
693 2576 819 2625 coniura-
868 2585 923 2626 sien
941 2575 1024 2642 vulgo
1041 2580 1154 2642 vocant)
1175 2583 1352 2645 comparetur,
1373 2573 1395 2624 id

277 2644 359 2708 bant,
374 2643 492 2694 omnium
510 2644 665 2695 ierererum
679 2645 834 2711 perturba·
870 2646 979 2704 obstat,
997 2646 1069 2712 quod
1083 2653 1193 2699 tantum
1208 2651 1244 2701 ad
1263 2664 1305 2700 res
1318 2645 1396 2711 regias

278 2715 317 2764 tio
332 2729 380 2779 per
392 2728 503 2779 regnum
516 2713 584 2766 illud
600 2719 696 2765 exorta
709 2730 770 2766 esse
779 2715 820 2763 vi·
870 2715 1028 2782 publicasse
1043 2716 1118 2767 ietud
1139 2720 1273 2783 pertinuit
1290 2733 1336 2768 nec
1350 2713 1396 2764 ullo

277 2784 371 2849 detur,
384 2786 413 2834 in
424 2799 494 2849 qua,
509 2789 540 2834 ut
550 2784 608 2836 fieri
618 2783 705 2848 solet,
719 2784 820 2850 singuli
871 2786 950 2836 modo
973 2786 1140 2851 priuatorum
1163 2787 1300 2839 bominum
1328 2785 1396 2836 rebus

277 2854 481 2920 provinciarum
493 2856 627 2920 preelecti
640 2870 670 2906 se
684 2856 817 2906 constitu·
869 2855 1357 2924 usulqueiuserriit.1uMongolorum
1363 2868 1397 2902 rt·

279 2926 350 2975 erint
368 2940 447 2990 reges
460 2929 488 2974 et
507 2939 556 2988 pro
574 2941 624 2977 sno
641 2927 741 2998 quiqpe
757 2940 820 2990 ege-
869 2926 930 2990 gnis
941 2924 1197 2991 aDscbingiscbani
1208 2924 1397 2979 successoribus

277 2995 334 3044 rint
352 2993 477 3044 arbitrio.
505 2995 602 3060 ltaque
614 2998 698 3045 etiam
712 2994 750 3045 nil
771 2994 819 3045 mi·
858 2994 971 3046 cimilia
988 2995 1122 3061 quaedam
1143 3013 1206 3049 esse
1224 2999 1357 3057 instituta,
1369 3006 1396 3043 ex

278 3079 353 3126 rum,
373 3064 401 3113 in
418 3063 533 3128 singulis
548 3065 626 3130 regni
643 3065 723 3115 torris
733 3065 819 3115 Dario
870 3064 919 3127 iis,
936 3079 1007 3130 quae
1022 3064 1056 3115 de
1068 3064 1110 3117 his
1123 3067 1220 3119 retulit
1233 3062 1394 3123 MarcoPolo,

278 3131 313 3182 ad
323 3132 464 3197 imperinm
473 3137 568 3184 evecto
581 3135 720 3185 exstitisse
733 3135 821 3185 rebel·
869 3135 937 3185 satis
954 3133 985 3183 lit
1005 3135 1192 3190 manifestum.
1220 3136 1324 3189 Monuit
1336 3133 1395 3183 Hae

277 3200 318 3252 les
339 3201 492 3284 principes,
513 3218 584 3285 'quos
604 3203 726 3269 singulos
744 3202 819 3254 dein·
867 3219 916 3254 ren
932 3203 1014 3287 ldeen
1028 3211 1081 3257 etc.
1096 3207 1124 3266 Ι,
1142 3207 1167 3259 l.
1183 3224 1209 3273 p.
1223 3210 1273 3261 497
1285 3221 1340 3270 seq.
1350 3203 1395 3284 lta·

276 3285 345 3390 itt:
360 3272 580 3406 tribuitis
595 3275 818 3407 {subidit
868 3273 1395 3406 libildtitutlubtttd‘tzf

277 3410 336 3472 111,
353 3408 396 3461 30.
409 3410 440 3461 ul
455 3411 537 3476 nott.)
557 3411 672 3477 ipseque
684 3419 819 3463 monstrat
867 3415 953 3474 beria,
963 3415 1123 3480 angleriam,
1133 3422 1280 3482 ongmu'mu,
1290 3415 1394 3480 angme-

277 3479 368 3545 imago
382 3479 442 3544 rupi
454 3480 600 3546 insculpta,
614 3497 710 3533 novem
722 3482 817 3534 huius·
866 3492 931 3536 tore.
948 3484 1048 3535 Parum
1061 3491 1150 3544 recte;
1168 3486 1255 3537 multo
1266 3485 1332 3536 enim
1344 3494 1394 3547 pre»

277 3550 351 3600 modi
374 3549 509 3615 principes
538 3550 667 3602 exhibens
690 3552 817 3605 manibus
867 3555 946 3619 picra
964 3558 1028 3604 sunt
1045 3556 1158 3606 Latina:
1185 3573 1281 3622 angor,
1304 3565 1395 3618 angm-

276 3618 400 3684 colloque
416 3621 524 3671 vinctos
539 3621 574 3671 ad
592 3621 706 3676 Darium
724 3639 815 3689 regem
867 3624 908 3674 De
927 3624 988 3689 ipsa
1004 3640 1072 3676 voce
1089 3626 1197 3677 Graeca
1220 3626 1297 3692 plura
1315 3625 1394 3689 postt-

276 3689 448 3741 accedentes.
865 3709 913 3745 rae
923 3694 1027 3746 aetatis
1039 3696 1212 3760 grammatici
1228 3693 1392 3762 protulerunli

288 3787 293 3794 ·
309 3750 359 3808 cdv
368 3750 398 3808 ἐν
406 3758 579 3809 Δασκυλείου
588 3750 815 3829 ὕπαρχονμλοοί.
865 3778 978 3830 quorum
991 3764 1045 3814 loci
1059 3764 1223 3817 exhibentur
1236 3767 1265 3816 in
1274 3764 1394 3815 Thesaur.

276 3828 333 3890 111,
348 3829 479 3906 ΙλΟΙὶοίο.
495 3835 565 3882 nott.
587 3832 630 3884 Ad
642 3833 725 3883 verba
739 3824 773 3880 col
786 3823 814 3890 ἐς
866 3834 897 3882 L.
909 3834 956 3885 (ir.
969 3832 992 3885 1.
1005 3849 1069 3899 pag.
1083 3835 1213 3887 ttuedit.
1227 3836 1313 3886 Paris.
1322 3830 1394 3882 Badi-

276 3896 458 3962 Πολυτρατεα
481 3892 580 3964 ἔχοντα
601 3903 674 3953 conl.
693 3904 749 3963 111,
773 3903 814 3954 lu.
866 3919 923 3953 cern
936 3904 1013 3954 vocis
1026 3905 1206 3971 investigavit
1220 3906 1251 3958 P.
1267 3899 1394 3955 Biitticber

275 3968 308 4017 ln
327 3968 418 4019 verbis
443 3968 569 4037 subseqq.
593 3985 654 4022 cum
671 3972 758 4024 Gaias.
788 3979 816 4024 et
867 3973 1083 4038 inAricc.(Hal.
1097 3974 1176 4038 1851)
1190 3991 1253 4042 pag.
1267 3974 1305 4025 10.

275 4051 346 4089 recu.
367 4038 428 4089 edd.
451 4037 604 4091 Florentiui
625 4041 684 4091 libri
704 4042 815 4107 potissi·

275 4121 346 4156 mum
364 4109 533 4161 anctoritate
550 4111 721 4176 scripsimus:
742 4103 814 4161 κατὰ
901 4102 938 4169 ὡς
954 4102 988 4162 οὗ
1006 4104 1077 4177 πρὸς
1090 4101 1199 4177 ἡδονήν
1211 4104 1242 4162 σί
1252 4095 1297 4176 ἦν]
1313 4123 1361 4158 eruo
1375 4105 1395 4152 τί

276 4167 367 4251 (11,τοῦ
378 4170 561 4261 Μιτροβάτεω
573 4173 623 4230 τὸν
635 4178 813 4260 ρταίδαιΚρα-
864 4191 940 4246 pratu
950 4201 998 4234 nou
1016 4193 1112 4240 essent.
1128 4200 1182 4233 orm
1192 4183 1347 4264 duplicarent
1357 4191 1392 4290 'll-

273 4243 816 4383 ulteuututizuiiub
863 4255 1067 4386 uultu
1090 4251 1390 4372 ’ἑλοίατο

259 4385 385 4462 retinuit
404 4384 552 4450 Matthiae,
572 4388 627 4439 nisi
647 4387 719 4456 quod
740 4390 814 4455 Κρα-
865 4390 1006 4442 Chariton.
1017 4407 1044 4457 p.
1057 4390 1118 4453 538,
1129 4393 1172 4442 cui
1182 4390 1244 4441 add.
1252 4386 1390 4440 Stellbaum

273 4466 380 4522 ναπην
393 4454 489 4508 edidit.
866 4459 902 4511 od
914 4460 1023 4514 Platon.
1035 4460 1162 4529 Synpoa.
1174 4476 1237 4529 pag.
1250 4459 1283 4512 28
1291 4456 1330 4510 ed.
1337 4455 1390 4505 tert·
