3042 5125
238 376 280 441 90
676 377 947 440 HERODOTI

239 567 446 660 πρήγματος,
461 566 580 640 ealdre
594 566 657 639 ode
671 559 710 640 εὖ
725 565 936 658 τελευτήσειν
948 571 1062 658 μέλλει
1070 569 1306 659 Πολυκράτης,
1322 567 1377 640 εύ-

239 676 369 762 τυχίων
380 671 420 742 τά
435 674 560 758 πάντα,
580 671 687 755 ὅςκαὶ
706 671 747 741 τά
758 669 942 762 άποβάλλει
956 667 1111 761 εὑρίσκει.
1147 677 1279 764 πέμψας
1294 678 1335 745 δέ
1346 681 1384 744 ot

239 777 543 868 κήρυκα-ἐςΣάμσν
555 777 753 848 διαλύεσθαι
767 785 831 867 ἔφη
845 773 906 865 τήν
920 779 1055 865 ξεινίην.
1079 783 1179 847 τοῦδε
1194 778 1232 848 δέ
1248 784 1380 849 εἵνεκεν

239 887 345 953 ταῦτα
358 884 483 968 ἐποίεε,
507 889 565 953 ἵνα
579 880 638 972 μὴ,
662 890 842 971 συντυχίης
862 884 974 969 δεινῆς
988 883 1094 951 τεκαὶ
1107 879 1251 971 μεγάλης
1264 885 1377 952 Πολυ-

239 985 362 1075 κράτεα
380 984 647 1076 καταλαβούσης,
670 982 771 1066 αὐτὸς
784 982 938 1075 άλγήσειε
959 980 1021 1074 τήν
1033 982 1145 1075 ψυχήν
1159 981 1203 1067 ὡς
1220 989 1297 1074 περὶ
1311 990 1378 1071 ξεί-

239 1118 303 1160 νου
316 1088 447 1177 άνδρύς.

194 1198 234 1258 44
341 1190 413 1263 Ἐπὶ
426 1198 546 1263 τοῦτον
559 1191 601 1282 δὴ
612 1183 661 1263 ὦν
673 1189 732 1262 τὸν
741 1191 978 1281 Πολυκράτεα,
995 1188 1194 1278 εὐτυχέοντα
1206 1190 1247 1262 τά
1256 1192 1380 1274 πάντα,

241 1296 477 1385 ἐστρατεύοντο
492 1294 769 1387 Λακεδαιμόνιοι,
792 1298 1085 1384 ἐπικαλεσάμενον
1098 1301 1166 1365 τοῖν
1178 1295 1260 1385 μετὰ
1273 1302 1381 1367 ταῦτα

239 1408 423 1489 Κυδωνίην
442 1400 503 1490 τήν
521 1404 559 1471 ἐν
574 1400 690 1492 Κρήτη
704 1398 892 1470 κτισάντων
907 1407 1058 1489 Σαμίων.
1099 1399 1319 1491 Πολυκράτης
1341 1401 1380 1470 δέ

239 1509 370 1595 πέμψας
390 1503 481 1594 παρὰ
501 1503 687 1595 Καμβύσεα
704 1501 764 1573 τὸν
777 1503 911 1593 Κύρου,
933 1507 1137 1592 συλλέγοντα
1157 1504 1301 1592 στρατὸν
1322 1502 1380 1574 ἐπ’

240 1618 431 1698 Αίγυπτον,
447 1608 587 1698 ἐδεήθη,
602 1607 688 1690 ὅκως
700 1602 743 1676 άν
755 1609 813 1678 καὶ
826 1605 908 1696 παρ’
924 1605 1050 1678 ἑωυτὸν
1063 1610 1194 1697 rippas
1213 1612 1246 1690 ἐς
1260 1608 1382 1699 Σάμον

241 1717 348 1784 δέοιτο
376 1718 528 1799 στρατοῦ.
578 1712 763 1803 Καμβύσης
798 1712 834 1781 dl
861 1709 1008 1792 άκούσας
1038 1709 1167 1782 τούτων
1193 1712 1380 1803 προθύμως

239 1882 272 1932 δε
287 1880 347 1932 fato
360 1883 540 1945 sententiam,
554 1881 626 1947 quod
637 1898 731 1944 nemo,
749 1896 784 1931 ne
833 1878 889 1931 lum
905 1879 1049 1946 Polycrati
1070 1879 1241 1932 inserendum
1259 1897 1381 1932 eommo-

240 1953 307 2003 δεδι
320 1952 443 2018 quidem,
463 1952 595 2017 effugere,
618 1953 690 2019 quod
704 1966 783 2003 nemo
835 1954 878 2001 tor
891 1964 950 2000 erae
963 1965 980 2000 a
993 1950 1110 2013 Samiis,
1132 1950 1177 2016 qui
1195 1967 1287 2001 eorum
1300 1952 1381 2002 anxi·

239 2027 363 2074 avertere
372 2022 463 2073 aliove
472 2023 582 2073 flectere
593 2023 689 2087 poerit.
702 2021 784 2073 cont.
833 2020 900 2070 lium
912 2020 1134 2085 imploraverant.
1162 2022 1228 2087 Ipaa
1238 2022 1382 2073 Laeedae·

238 2092 288 2155 IX,
304 2093 341 2144 18
354 2091 399 2142 tin.
416 2094 438 2154 Ι,
452 2093 483 2142 lli
494 2131 501 2155 ‚
513 2091 578 2155 alia,
592 2109 662 2157 quae
675 2093 710 2142 ad
721 2091 784 2143 Plu·
834 2090 985 2140 modiorum
998 2089 1135 2154 expeditio
1153 2091 1285 2142 adversus
1297 2092 1381 2158 Poly-

238 2161 326 2212 tarclr.
339 2161 434 2227 Pyrrh.
449 2159 492 2212 30.
505 2177 567 2227 pag.
577 2162 629 2213 236
642 2178 699 2229 aeq.
712 2163 784 2213 exei·
834 2166 945 2222 etatem,
955 2159 1119 2211 observante
1125 2161 1252 2211 Panot'lra
1260 2160 1378 2227 llpag.

238 2231 367 2281 terimur.
378 2256 413 2266 -
432 2231 465 2281 ln
482 2246 559 2297 aeqq.
572 2224 675 2295 μύλλοι
690 2247 705 2281 e
719 2232 785 2282 duo·

238 2301 289 2351 bur
307 2300 385 2349 libris
403 2305 570 2351 revocarunt
588 2301 649 2351 edd.
667 2306 783 2352 reeentt.

238 2370 371 2436 probante
384 2368 487 2420 Cobato
499 2370 671 2436 provulgata
682 2365 781 2434 μέλλει,

238 2440 316 2490 cuiue
340 2439 488 2490 mutandae
516 2453 627 2489 cautam
654 2440 782 2492 idoneam

238 2524 293 2560 non
308 2509 454 2574 perspicio.
486 2509 529 2559 Ad
547 2523 630 2561 voees
645 2500 782 2576 εύτνχέων

239 2571 273 2628 τά
284 2569 379 2628 πάντα
390 2578 463 2630 conf.
477 2579 530 2639 111,
542 2579 585 2631 40.

263 2641 432 2699 διαλύεσθαι
441 2642 497 2714 ἔφη
507 2641 560 2714 τήν
571 2645 692 2715 ξεινίην]
703 2651 781 2703 Hm

238 2719 353 2785 respicit
363 2719 496 2785 Syneeius
508 2720 597 2785 Epiat.
610 2721 707 2772 XLVI.
730 2721 781 2772 So·

239 2789 349 2840 eietetia
362 2796 458 2854 ruptae
471 2805 582 2841 eausam
596 2789 678 2841 aliam
690 2793 782 2857 prodit

237 2860 351 2911 Diodor.
366 2859 389 2923 Ι,
401 2861 444 2921 115,
461 2861 604 2923 veriorem,
621 2863 713 2926 prouti
725 2867 781 2912 ata-

239 2930 293 2980 tuit
303 2930 444 2981 Panoilra:
459 2931 588 2981 Samiorr.
609 2947 652 2982 rea
671 2947 733 2997 pag.
748 2933 782 2985 34

238 2999 367 3051 etPlaaaz
380 3000 433 3050 Die
444 3000 584 3064 Tyrannio
594 3000 616 3051 I.
627 3017 654 3063 p.
665 3002 725 3052 240.
740 3000 783 3051 Ad

239 3068 353 3119 formem
375 3065 483 3133 ξεινίην
499 3069 574 3119 conf.
587 3073 657 3120 nott.
678 3071 715 3121 ad
728 3071 782 3129 ΙΙΙ,

238 3136 281 3188 39.
293 3164 326 3174 -
338 3138 403 3187 Mox
413 3153 473 3188 oum
484 3142 599 3190 reeeatt.
609 3139 671 3189 εδδ.
684 3140 784 3204 εοτίρεὶ

238 3203 320 3256 τοῦδε
335 3199 379 3271 δέ,
394 3212 425 3256 ut
435 3208 514 3269 v111,
526 3209 569 3269 85,
585 3207 692 3273 pretori
702 3202 741 3271 δέ,
754 3215 783 3260 et

239 3272 360 3335 εἵνεκεν,
382 3276 454 3341 ηυοδ
469 3276 645 3329 Florentiam
667 3284 695 3330 et
713 3280 783 3329 San-

238 3344 322 3395 crosti
341 3345 411 3396 liber
435 3346 579 3407 afferebat,
603 3364 653 3413 pro
677 3347 780 3398 εἵνεκα.

238 3414 280 3465 Ad
297 3406 508 3481 καταλαβούσης
526 3419 598 3468 oeni.
614 3418 670 3479 ΙΙΙ,
685 3421 719 3469 42
732 3419 783 3468 ibi·

238 3500 290 3549 que
305 3484 398 3535 laudd.
428 3485 468 3537 ad
483 3486 567 3537 rerba
582 3477 711 3555 άλγήσειε
729 3480 782 3554 τὴν

238 3544 334 3620 ψυχήν
346 3554 383 3607 ei.
395 3555 449 3618 111,
462 3554 505 3606 40.

421 3727 487 3778 Cir.
499 3727 597 3779 XLIV.

263 3817 327 3880 Ἐπὶ
337 3827 438 3880 τοῦτον
447 3825 483 3896 δή
494 3815 536 3880 ὦν
543 3822 592 3879 τὸν
598 3821 781 3893 Πολυκράτεα

235 3916 261 3949 κ.
279 3917 302 3950 τ,
319 3900 353 3964 λ]
378 3902 430 3954 llis
444 3901 535 3952 verbio
546 3903 645 3953 Notior
658 3902 731 3953 redit
746 3901 782 3952 ad

236 3986 282 4034 ea,
302 3986 372 4035 quae
387 3988 446 4037 ουρ.
460 3970 494 4021 39
507 3986 635 4023 enarrare
655 3973 782 4024 institae·

235 4044 295 4102 rat,
314 4041 469 4106 interrupta
483 4042 641 4092 narratione
659 4042 693 4091 de
709 4058 780 4093 eom·

236 4109 337 4160 mereio
350 4110 423 4160 inter
435 4110 590 4162 Amasidem
611 4116 638 4163 et
649 4111 780 4177 Polyara-

235 4183 290 4229 tem
306 4183 390 4245 atque
407 4180 440 4230 de
457 4179 559 4231 annulo
580 4182 607 4230 iu
626 4195 699 4230 mere
717 4197 773 4244 pro

235 4248 320 4298 ieoto:
339 4263 453 4314 eamque
464 4249 497 4299 ob
508 4265 563 4299 ram
577 4252 659 4301 etiam
673 4251 780 4302 addidit

234 4316 386 4382 particular
399 4311 435 4383 δὴ
445 4304 492 4368 ὦν,
524 4319 615 4370 Verba
629 4336 704 4386 seqq.
720 4311 779 4370 ἐτι-

234 4380 430 4451 καλεσαμένων
452 4385 509 4437 τῶν
523 4415 558 4425 -
570 4387 687 4453 Σαμίων
710 4390 781 4441 indi-

234 4462 300 4509 cant
324 4458 557 4511 Lacedaemonios
584 4460 619 4511 εδ
649 4459 700 4512 hoe
725 4461 781 4512 bel·

832 2229 877 2292 36,
886 2235 1015 2295 suscepta
1025 2230 1193 2296 fuitOlymp.
1200 2232 1286 2293 LXII,
1293 2232 1310 2283 3
1317 2233 1381 2283 rive

834 2315 906 2351 anno
919 2299 971 2351 530
980 2304 1044 2350 ante
1055 2299 1118 2351 Chr.
1130 2316 1157 2350 a.
1177 2301 1381 2366 Equidemma·

832 2369 880 2419 lim
897 2369 976 2435 aequi
988 2369 1154 2420 Lareherura
1171 2369 1239 2433 (rid.
1253 2376 1323 2423 nott.
1340 2373 1381 2423 ad

832 2440 886 2499 ΙΙΙ,
900 2439 946 2500 48)
959 2445 987 2489 et
1001 2439 1188 2491 Waohrmuth.
1201 2440 1321 2505 (Hellen.
1332 2442 1382 2492 Al-

832 2508 993 2561 terthumalr.
1007 2511 1029 2560 1.
1044 2525 1108 2575 pap.
1121 2510 1199 2575 858),
1212 2513 1260 2578 qui
1273 2513 1380 2565 eonsti-

832 2585 944 2630 tuerunt
957 2578 1064 2645 Olymp.
1084 2582 1221 2639 LX111.4
1238 2583 1296 2634 aire
1310 2600 1380 2634 ann.

831 2650 883 2700 525
896 2654 960 2700 ante
970 2649 1033 2700 Chr.
1045 2668 1071 2701 n.
1081 2674 1116 2688 -··
1128 2653 1170 2703 De
1179 2654 1293 2718 Ομδοκιιτ
1301 2655 1380 2706 eoas.

831 2724 901 2770 nott.
913 2719 947 2769 ad
958 2719 1010 2781 ΙΙΙ,
1022 2720 1065 2772 59.

867 2779 991 2854 ἐδεήθη,
1008 2779 1081 2848 ὅκως
1093 2777 1130 2839 (ἐν
1141 2816 1176 2827 -
1187 2788 1279 2841 δέοιτο
1294 2803 1380 2857 στρα-

832 2857 895 2924 τοῦ]
919 2860 937 2910 i.
955 2873 979 2913 ο.
996 2864 1097 2925 reperit
1115 2879 1182 2922 erm,
1200 2872 1226 2913 ul
1245 2865 1280 2914 ad
1294 2867 1381 2929 ε’μτιοτι

832 2933 928 2995 Ιεμαίνο
946 2931 1045 2980 Stemma
1061 2933 1168 2983 noluerat
1189 2936 1325 2999 copiaeque
1343 2937 1380 2985 ab

832 3002 889 3064 ipro
903 3008 1011 3064 peteret.
1040 3000 1086 3050 Sie
1102 3000 1186 3066 vulgo
1196 3002 1328 3054 reddunt:
1346 3007 1379 3055 in

833 3083 887 3129 qao
901 3068 948 3117 vix
959 3070 1030 3119 ratio
1040 3069 1157 3121 habetur
1168 3072 1282 3123 vooalae
1297 3066 1379 3133 ὅπως

832 3133 869 3186 δν
879 3142 1008 3202 aequente
1018 3141 1156 3204 optativo.
1166 3144 1244 3193 cuiue
1255 3148 1379 3197 struatu-

832 3223 880 3259 rae
893 3208 948 3258 vim
963 3207 1003 3258 ita
1015 3211 1091 3260 reddi
1105 3211 1165 3263 ruit
1176 3212 1311 3267 Kaehner.
1326 3216 1377 3267 Gr.

832 3278 980 3340 (11.8.Πό
999 3279 1061 3331 coll.
1078 3284 1102 3344 §-
1114 3282 1175 3333 837.
1193 3288 1251 3334 not.
1262 3286 1293 3336 4:
1319 3296 1376 3347 „aa

831 3350 856 3397 ei
864 3362 928 3410 opur
939 3359 1012 3405 erret,
1025 3352 1173 3403 exereitum
1183 3370 1200 3404 a
1209 3370 1239 3404 ae
1246 3358 1380 3420 peterer.“

832 3415 925 3467 Malim
942 3419 1067 3482 equidem
1084 3421 1125 3472 aie
1142 3424 1307 3488 exprimere:
1331 3444 1378 3477 ro-

829 3488 900 3551 μααίλ
916 3504 984 3547 τινα,
1003 3500 1029 3541 ut
1042 3495 1123 3543 animo
1139 3510 1222 3545 aecum
1234 3506 1376 3561 reputarer,

832 3572 888 3606 παπ
899 3558 960 3619 fieri
975 3570 1076 3622 parrer,
1097 3572 1123 3613 αι
1134 3566 1223 3629 ίεηιιλίε
1235 3570 1317 3618 malr
1332 3584 1377 3618 εο-

830 3628 889 3689 piae
901 3626 933 3675 ad
946 3629 1003 3691 ipro
1016 3640 1123 3695 peteret.
1152 3634 1253 3699 arrigit
1267 3650 1376 3703 quoque

831 3694 967 3747 Matthiae
986 3698 1032 3749 Gr.
1045 3701 1093 3752 Gr.
1111 3704 1136 3763 β.
1153 3703 1214 3755 531.
1236 3704 1295 3756 υοΙζ
1311 3709 1328 3756 2
1347 3712 1375 3758 et

831 3763 956 3828 pluribus
973 3766 1043 3819 haue
1060 3775 1224 3824 structuram
1242 3776 1376 3841 explicuit

832 3833 1006 3887 Baeumleinr
1037 3840 1283 3911 Unterraohungen
1307 3847 1375 3898 iiber

833 3902 877 3955 die
890 3905 998 3956 erioch.
1008 3908 1084 3960 Modi
1093 3927 1121 3973 p.
1129 3912 1180 3964 316
1191 3929 1249 3980 aeq.
1268 3917 1309 3966 Ex
1318 3917 1374 3969 He-

831 3973 928 4025 rodoto
945 3975 981 4030 ef.
995 3993 1078 4043 aupra
1089 3980 1128 4043 ΙΙ,
1144 3983 1201 4035 126.
1216 4012 1248 4021 -
1263 3987 1295 4036 In
1312 4002 1375 4053 pro·

831 4043 902 4094 xime
914 4060 989 4111 seqq.
1001 4048 1127 4101 Dindori.
1139 4056 1281 4107 revocavit
1290 4049 1373 4122 ἔνεμ-

831 4126 880 4175 πε,
894 4116 966 4179 ηυοδ
979 4131 1049 4169 unua
1060 4119 1202 4172 Saaerofti
1214 4124 1284 4178 liber
1296 4140 1375 4192 prae·

830 4183 891 4234 bete
911 4185 1010 4251 reliqui
1022 4187 1085 4240 libri
1103 4183 1227 4257 ἐπεμιυε,
1246 4198 1318 4261 quod
1333 4212 1374 4248 re·

831 4253 919 4332 tinere
941 4256 1026 4308 malui
1041 4274 1127 4325 aeque
1144 4267 1226 4328 atque
1249 4267 1277 4315 in
1295 4282 1371 4332 seqq.

830 4315 987 4389 απέπεμπε,
1005 4328 1024 4379 i.
1036 4344 1061 4408 e.
1070 4334 1168 4383 mittere
1182 4337 1294 4387 inrtltrrr't.
1309 4338 1373 4388 Mox

831 4404 925 4444 omnen
942 4394 1008 4446 libri
1029 4391 1177 4451 υττιύκτευε
1203 4420 1217 4453 ε
1242 4406 1374 4458 Bredorii

830 4466 969 4515 sententia
987 4482 1052 4534 pag.
1064 4469 1116 4521 317
1129 4474 1232 4523 matari
1249 4475 1279 4526 ia
1293 4465 1372 4528 ύττύ-
