3042 5125
439 408 763 471 MELPOMENE.
786 409 840 470 IV.
866 418 924 472 169.
1184 399 1255 470 v603

120 600 219 689 μέχρι
239 604 300 668 τοῦ
318 597 478 688 στόματος
497 605 554 688 τῆς
567 599 714 688 Σύρτιος
734 597 772 669 τὸ
795 606 940 686 σίλφιον.
974 598 1105 688 νόμοισι
1125 599 1162 668 dl
1182 599 1255 688 χρέ·

121 814 216 849 rarum
228 798 319 863 spatio
330 814 347 849 a
362 803 455 850 vetere
465 799 570 865 Cyrene
581 815 666 850 remo·
716 799 842 866 Beecbey
862 801 1034 853 monentibus
1048 800 1116 851 haec
1132 799 1227 864 planta
1241 814 1259 848 a

122 875 180 918 tum
194 868 300 918 invenit
310 867 412 918 herbae
423 869 562 919 cuiusdam
574 884 666 920 semen
716 871 877 922 centurione
905 871 1021 936 quodam
1049 868 1137 935 Anglo
1162 868 1258 933 Smytb

122 938 199 1002 (narn
216 937 309 987 florem
329 953 382 988 non
397 938 481 999 vidit,
504 940 568 1004 quia
584 939 667 989 deflo·
717 956 789 991 nunc
807 940 837 989 in
849 939 975 1004 hugliam
995 939 1131 989 translata
1147 940 1258 1003 optime·

121 1011 248 1069 ruerat),
269 1022 349 1071 quam
368 1022 416 1071 pro
429 1014 549 1058 veterum
567 1007 666 1072 silphio
717 1025 770 1074 que
788 1014 898 1060 servata
913 1010 943 1060 in
960 1011 1070 1075 regione
1086 1008 1260 1060 Devoushire

122 1076 225 1137 habet,
247 1077 292 1126 dui
305 1092 403 1126 nornen
420 1078 528 1139 Thapsus
543 1079 665 1142 silphium,
717 1079 812 1138 floret;
831 1083 861 1129 ut
871 1094 937 1129 sane
952 1094 1014 1143 spes
1025 1077 1175 1142 affulgeat,
1190 1078 1258 1139 fore,

121 1161 203 1211 quae·
217 1149 260 1194 est
277 1146 397 1196 varietas
413 1147 537 1211 lhupsine
547 1149 667 1211 gargani·
716 1153 748 1198 ut
760 1147 870 1198 tandem
881 1149 1038 1198 accuratius
1050 1147 1084 1197 de
1094 1147 1147 1197 hac
1164 1147 1260 1211 planta

122 1233 170 1265 cae
184 1215 265 1264 Linn.
292 1216 349 1265 Nos
362 1230 535 1266 vocaremus:
554 1219 593 1266 ein
606 1218 667 1267 Dol—
717 1218 829 1282 eiusque
841 1223 939 1267 natura
949 1218 1118 1268 edoceamur.
1139 1215 1259 1266 Inhorto

121 1284 297 1349 denpemrichs.
322 1283 514 1349 restipulatur
528 1284 558 1336 C.
571 1285 668 1349 Spren·
717 1287 847 1337 botanicc
865 1286 940 1336 urbis
961 1284 1164 1350 Gratianopolis
1184 1284 1260 1349 (Gre-

123 1354 177 1418 gel.
202 1353 232 1401 in
252 1353 414 1403 Commeutt.
435 1353 471 1404 ad
489 1353 667 1417 Theophrast.
717 1357 791 1408 noble
808 1370 879 1405 rinno
896 1353 1023 1419 vocatur)
1049 1356 1182 1417 Thapsimrr
1197 1371 1260 1420 par-

122 1423 246 1474 version.
268 1423 305 1472 II.
324 1438 351 1486 p.
367 1425 417 1473 ‘227
437 1423 533 1472 merito
554 1437 668 1487 conque·
717 1428 846 1490 punicam,
867 1440 948 1490 quam
962 1441 979 1474 a
993 1423 1177 1488 compluribus
1192 1423 1259 1472 viris

123 1490 671 1555 rens,quoddehuinsplantaetamce·
719 1494 809 1545 doctis
834 1509 882 1560 pro
898 1493 998 1559 silphio
1023 1497 1144 1545 veterum
1167 1492 1260 1542 baberi

124 1560 251 1612 lebratae
265 1566 365 1610 natura
379 1560 496 1611 nondum
512 1563 669 1612 accuratius
720 1578 803 1627 supra
815 1561 946 1624 diximus,
962 1563 1083 1627 conspici
1099 1564 1200 1627 optime
1212 1563 1259 1611 flo-

124 1630 282 1697 quaesitum
306 1631 352 1681 sit.
396 1632 448 1694 Qui
471 1635 568 1695 postea
590 1629 671 1696 Cyre·
720 1637 839 1693 rentem,
858 1632 1006 1682 seminibus
1024 1648 1039 1682 e
1058 1632 1162 1682 ditione
1181 1631 1259 1695 Alge-

124 1699 238 1750 nbicanr
259 1701 396 1764 regionem
420 1699 597 1764 perlustravit
618 1701 671 1749 Pa·
720 1703 779 1752 rica
789 1700 842 1752 hnc
855 1701 1024 1752 transmissis
1036 1701 1174 1765 praelecto
1188 1699 1260 1750 illius

125 1769 195 1832 cho,
210 1770 308 1833 etipse
321 1767 447 1833 silphium
462 1785 479 1818 a
492 1785 521 1819 se
533 1773 670 1833 repertum
720 1770 793 1821 horti
800 1807 812 1836 ,Ι
826 1770 933 1834 Verlct,
953 1773 1001 1835 qui
1016 1769 1057 1819 bis
1071 1769 1192 1820 colendis
1205 1769 1260 1819 exi-

125 1854 190 1890 esse
201 1838 244 1886 ait
256 1838 290 1887 iis
304 1838 372 1902 ipsis
385 1838 414 1887 in
427 1838 508 1900 locis,
524 1853 594 1903 qnae
608 1838 671 1888 huic
697 1839 802 1889 ’miam
828 1854 937 1904 operam
966 1839 1146 1904 impenderit,
1176 1853 1261 1902 nuper

126 1906 242 1973 plautae
254 1908 429 1971 assignantur
441 1908 476 1957 ab
487 1906 625 1958 Herodoto
637 1923 671 1958 ac
721 1908 833 1974 scripsit
841 1913 941 1959 Anton.
951 1907 1032 1959 Macd
1043 1907 1061 1958 l.
1072 1923 1156 1973 supra
1167 1906 1185 1956 l.
1196 1922 1259 1970 pag.

126 1976 253 2041 Scylace.
283 1976 407 2026 Plantam
424 1977 673 2027 umbellatamesse
721 1979 772 2029 235
783 1977 931 2043 seqq.;sed
941 1977 1011 2027 idem
1021 1974 1261 2042 (mpsim-237)

128 2046 264 2114 aip'rmat,
285 2044 320 2094 ab
335 2045 471 2097 Arabihus
484 2053 609 2096 vocatam
627 2047 673 2095 de·
721 2047 793 2097 banc
811 2047 932 2111 plantam
950 2062 1000 2111 pro
1021 2045 1121 2110 silphio
1139 2051 1260 2096 veterum

127 2120 199 2175 rius,
212 2115 284 2164 unde
298 2117 355 2179 ipse
369 2131 464 2165 nomen
477 2115 581 2164 invenit
592 2119 673 2165 larer-
721 2116 816 2167 haberi
839 2130 919 2181 posse
946 2115 1071 2180 negavit:
1103 2115 1174 2180 quod
1197 2129 1261 2164 num

125 2188 217 2250 pisiam
230 2186 328 2235 demas.
360 2185 421 2234 Vid.
437 2187 548 2250 voyage
563 2182 672 2233 dansla
720 2184 1261 2248 rectefecerit,rerumbotanicarumpe·

128 2254 313 2318 Marmarique
327 2261 354 2303 et
367 2254 463 2317 Cyrea.
478 2253 557 2318 chap.
569 2253 671 2303 XVIII.
721 2255 768 2304 riti
780 2255 832 2305 viri
848 2254 1008 2306 diiudicent.
1036 2254 1098 2319 Ipse
1111 2252 1203 2316 Macd,
1222 2267 1262 2301 re-

129 2339 194 2388 pag.
210 2325 261 2373 247
279 2338 352 2387 seqq.
372 2327 400 2373 et
421 2324 587 2388 potissimum
609 2336 671 2386 pag.
722 2324 802 2374 iectis
813 2325 898 2374 variis
911 2324 1030 2374 virorum
1047 2322 1187 2374 doctorum
1202 2337 1262 2373 sen·

130 2392 198 2454 ²50,
212 2392 258 2441 ubi
271 2391 422 2456 plantama
438 2407 468 2442 se
479 2397 614 2457 repertam
626 2406 673 2441 ac·
723 2393 818 2444 tentiis
841 2393 875 2444 de
900 2399 1021 2445 veterum
1044 2391 1157 2457 silphio,
1188 2394 1263 2457 post·

130 2461 304 2513 curatissime
322 2461 462 2512 describit.
506 2462 673 2524 Quibuscum
724 2462 804 2513 modo
818 2463 846 2512 in
863 2478 922 2513 eam
933 2463 1088 2528 opinionem
1100 2461 1210 2522 incidit,
1232 2464 1263 2510 ut

130 2531 313 2594 conveniunt,
341 2546 411 2597 quae
427 2530 521 2582 Barth.
547 2528 676 2593 (Wande
725 2547 785 2583 earn
799 2530 935 2596 plantam,
954 2523 1192 2584 cuinuucbomen
1211 2531 1262 2581 La·

130 2616 237 2665 rungen
250 2605 301 2650 etc.
314 2601 337 2651 I.
350 2618 376 2666 ρ.
389 2601 448 2653 410.
462 2601 522 2652 468.
538 2602 598 2653 ibt).
610 2598 674 2662 snt)
723 2605 851 2666 serpillum
867 2605 943 2663 siler,
967 2617 1037 2667 quae
1060 2599 1154 2666 planta
1174 2600 1263 2650 adbuc

131 2671 306 2733 observavit,
321 2668 675 2735 plantambancappellans
726 2687 774 2736 per
796 2671 925 2734 quosdam
948 2671 1053 2722 Galliae
1078 2669 1263 2720 meridionalis

131 2742 227 2798 ursas,
240 2739 316 2789 cuius
328 2739 416 2789 forma
429 2745 561 2804 congruat
569 2754 630 2789 cum
641 2753 675 2788 ea
725 2743 830 2790 tractus
854 2742 988 2805 reperitur
1009 2740 1043 2790 ad
1062 2739 1137 2804 ipsas
1155 2738 1262 2803 Alpium

131 2810 222 2859 forma
243 2808 346 2873 silphii,
371 2823 453 2873 quam
478 2814 582 2859 veteres
601 2808 676 2857 numi
725 2810 847 2871 radices,
865 2810 893 2858 in
910 2808 980 2860 locis
992 2807 1200 2874 praecipitibus,
1216 2806 1264 2857 ubi

131 2877 277 2936 exhibent,
297 2880 426 2943 cuiusque
440 2879 510 2929 vires
525 2884 552 2928 et
563 2877 676 2928 effectus
726 2876 803 2929 vele
829 2879 933 2942 rupium
953 2880 1060 2929 fissuris
1082 2877 1188 2943 prodit,
1216 2891 1263 2940 pro
1351 2893 1355 2901 ·

131 2963 188 2997 non
206 2946 334 2997 differant
356 2948 458 3008 abiis,
486 2962 556 3011 quae
576 2946 675 3010 silphio
724 2953 846 2999 veterum
869 2946 968 3013 silphio
987 2947 1083 2999 haberi
1105 2945 1184 3006 velit3
1208 2944 1262 2996 vid.

131 3015 246 3083 propria
271 3031 331 3066 esse
352 3017 448 3066 scribit
470 3016 676 3080 Theophrastus
726 3033 789 3081 pag.
814 3017 863 3067 341
883 3032 958 3082 seqq.
999 3020 1086 3080 Quam
1110 3017 1264 3080 opinionem

131 3087 150 3138 I.
169 3086 188 3135 l.
223 3085 297 3136 Idem
317 3090 436 3136 testatus
457 3092 499 3135 est
516 3087 606 3136 Iames
621 3087 677 3135 Ha·
726 3087 793 3137 licet
809 3086 933 3137 omnibus
947 3085 1115 3152 argumentis
1130 3083 1265 3149 conquisi-

132 3154 677 3220 milton:WunderingsinNortbAirica
726 3156 764 3206 tis
789 3156 955 3220 probabilem
982 3155 1094 3206 reddere
1118 3152 1266 3205 contendat

131 3241 199 3289 pag.
214 3224 249 3275 27
264 3239 319 3290 seq.
347 3226 386 3274 Ac
398 3224 529 3274 fratribus
543 3223 676 3289 Beecbey,
727 3226 769 3276 vir
788 3225 903 3289 doctus,
925 3225 992 3275 mihi
1008 3231 1100 3277 tamen
1118 3223 1190 3274 hand
1209 3237 1266 3288 per-

131 3297 161 3345 in
173 3294 245 3344 idern
254 3292 607 3359 inquirentibus(ci.ltiner.
616 3308 678 3357 cap.
727 3295 832 3356 suasit,
854 3296 900 3359 qni
918 3296 987 3346 hanc
1006 3295 1143 3361 plantam,
1163 3292 1218 3342 alia
1236 3296 1267 3342 ut

132 3367 177 3415 lo.
198 3378 215 3426 p
241 3362 390 3414 409-420
408 3367 436 3414 et
452 3363 554 3414 confer.
572 3378 678 3428 quoque
728 3365 869 3428 omittam,
886 3364 931 3415 vel
947 3369 1058 3430 propter
1075 3361 1143 3413 tolia
1160 3376 1266 3427 sparsa,

132 3433 218 3483 Mich.
230 3432 349 3483 Russell:
369 3434 483 3496 History
497 3432 551 3483 and
569 3436 678 3495 present
727 3449 799 3499 quae
817 3435 845 3483 in
857 3440 978 3485 veterum
991 3432 1106 3497 silphio,
1128 3431 1208 3497 quale
1220 3429 1266 3481 ad·

133 3502 278 3552 condition
300 3502 331 3551 of
355 3502 401 3551 the
426 3502 550 3565 Barbary
573 3502 676 3552 States.
726 3503 780 3553 huc
797 3503 875 3554 nobis
889 3504 963 3553 numi
976 3501 1118 3561 exhibent,
1141 3501 1267 3564 opposita

132 3570 303 3635 Edinhurgh.
325 3572 400 3622 1835.
427 3587 452 3636 p.
469 3570 522 3622 446
540 3569 610 3635 seq.)
633 3568 678 3621 sil·
727 3576 804 3636 sunt,
822 3571 867 3623 bic
883 3573 981 3637 respici
997 3586 1076 3637 posse
1091 3569 1199 3618 minime
1211 3583 1267 3618 cre·

133 3641 228 3706 phium
241 3656 301 3690 esse
318 3640 425 3690 videtur
437 3640 532 3706 planta
543 3640 631 3690 dauco
641 3639 678 3688 si·
728 3641 800 3693 dam.

133 3710 222 3771 milis,
241 3709 295 3762 illis
309 3711 337 3759 in
352 3710 508 3774 regionibus
525 3709 613 3760 adbuc
626 3707 679 3758 ire·
763 3695 842 3772 μέχρι
861 3705 911 3755 τοῦ
928 3696 1060 3770 στόματος
1071 3701 1121 3770 τῆς
1135 3696 1266 3769 Σύρτιος]

134 3794 223 3843 quens
244 3783 272 3829 et
290 3779 381 3843 specie
400 3795 451 3830 sua
468 3779 583 3829 maxime
601 3793 678 3827 acce·
730 3783 809 3832 [lnam
829 3776 908 3827 modo
925 3778 1018 3841 Syrtim
1035 3774 1175 3824 Herodoto
1193 3775 1269 3824 inno·

134 3850 204 3900 dens
223 3847 258 3897 ad
272 3864 331 3898 eam
344 3848 437 3912 silphii
454 3849 582 3909 sormam,
607 3862 677 3912 quae
728 3849 815 3899 tuisse
836 3860 948 3910 eamque
967 3848 1084 3896 minorem
1111 3840 1171 3908 (qui
1193 3843 1269 3894 sinus

135 3921 165 3967 in
182 3921 305 3968 veterum
320 3919 407 3967 numis
425 3922 594 3983 compareat,
621 3923 677 3967 tres
728 3933 800 3968 nnnc
811 3920 924 3965 vocatur
935 3913 1027 3971 Gales)
1039 3913 1197 3977 pronuntiat
1208 3913 1270 3965 Nie-

135 3987 221 4052 pedes
240 3986 299 4036 alta
317 3993 345 4037 et
364 3987 488 4048 camelis,
513 3988 610 4052 quiea
631 4001 677 4036 ve·
728 3986 809 4039 bobr:
836 3982 1006 4035 Vermischte
1023 3981 1135 4034 Schrilt.
1160 3983 1184 4033 Ι.
1205 3997 1269 4047 pag.

134 4061 261 4118 scantur,
276 4056 382 4108 nociva.
401 4057 479 4118 Quod
490 4057 562 4106 idem
574 4055 680 4105 invenit
733 4057 789 4106 147.
809 4055 865 4115 148,
879 4052 939 4103 οοΙΙ.
954 4053 986 4103 L.
999 4053 1096 4102 Marco
1104 4051 1140 4102 ad
1151 4051 1222 4102 Pliu.
1233 4053 1269 4103 H.

135 4125 280 4177 Hamilton
292 4124 309 4175 l.
322 4126 351 4189 l.,
364 4127 411 4191 qui
422 4125 472 4176 has
481 4126 605 4190 regiones
617 4140 677 4173 cnm
728 4127 763 4174 N.
779 4124 812 4187 V,
824 4128 850 4174 4.
863 4139 890 4188 p.
905 4122 963 4174 1133.
988 4122 1042 4172 Sed
1056 4120 1179 4172 hocloco
1193 4122 1217 4173 si
1228 4125 1271 4172 mi·

136 4200 303 4261 permearet,
328 4196 380 4245 bac
400 4194 495 4260 planta
512 4196 552 4245 sic
569 4194 678 4244 obtecta
730 4210 815 4245 norem
827 4192 978 4263 intelligere
992 4189 1060 4240 velis
1068 4191 1178 4255 Syrtim,
1191 4207 1271 4241 accu-

137 4266 209 4316 vidit
224 4266 331 4327 omnia,
349 4270 380 4314 ut
392 4264 435 4316 vel
449 4263 611 4314 camelorum
626 4278 680 4312 rna-
730 4264 792 4312 rati
807 4277 872 4313 crae
887 4263 948 4312 buis
965 4261 1064 4311 notitih
1081 4261 1211 4311 Nostrum
1225 4275 1271 4311 ca-

136 4334 217 4399 gistri
230 4349 336 4385 ornnem
347 4335 445 4385 darent
457 4349 575 4399 operam,
590 4348 624 4382 ne
636 4348 681 4382 ca·
730 4333 817 4382 ruisse
836 4336 942 4382 statuas
958 4344 1068 4381 necesse
1090 4331 1150 4379 erit.
1180 4330 1271 4391 Quare

136 4403 202 4454 meli
215 4403 267 4455 bac
285 4404 383 4469 planta
394 4404 463 4469 ipsis
479 4402 620 4453 mortifera
637 4416 681 4450 ve·
731 4401 874 4467 plerosque
888 4402 968 4450 video
982 4400 1077 4449 merito
1095 4399 1140 4448 hic
1154 4401 1272 4449 maiorem

137 4477 288 4528 scerentur.
326 4473 417 4541 Atque
434 4473 529 4529 iisdem
549 4470 679 4526 iratribus
729 4470 896 4527 intellexisse
904 4472 1013 4543 Sprtirn:
1024 4468 1105 4541 idque
1115 4467 1198 4517 etiam
1210 4480 1271 4523 cunt
