3042 5125
481 397 684 456 TlIALlA.
708 398 767 456 ΠΙ.
787 408 954 461 113-115.
1226 399 1284 460 221

149 582 211 655 liv
242 585 299 652 καὶ
324 587 507 671 ἐλέφαντας
532 583 763 676 ἀμφιλαφέας,
791 588 847 655 καὶ
874 589 1016 674 δένδρεα
1043 586 1151 656 πάντα
1177 585 1287 678 ἄγρια,

151 689 207 756 καὶ
226 694 363 774 ἔβενον,
386 691 442 758 καὶ
462 687 589 779 ἄνδρας
603 697 779 778 μεγίστους
798 691 853 758 καὶ
871 697 1068 770 καλλίστους
1089 693 1144 760 καὶ
1163 720 1285 781 μακρο-

149 789 343 878 βιωτάτους.

256 885 365 965 Adran
381 899 444 983 μέν
462 924 527 965 νυν
540 902 578 965 ἔν
592 923 627 964 τε
641 900 683 985 τῇ
702 891 792 985 Ἀσίμ
809 898 960 983 ἐσχατιαί
971 901 1034 964 εἰσι
1047 897 1104 964 καὶ
1118 899 1155 965 ἐν
1168 902 1211 986 τῇ
1224 906 1355 978 sit-115

150 994 228 1085 βύῃ.
271 1001 358 1089 Περὶ
373 999 409 1068 δὲ
424 1004 492 1068 τῶν
504 1003 543 1069 ἐν
556 1005 598 1089 τῇ
610 997 758 1091 Εὐρώπῃ
772 1003 840 1068 τῶν
854 995 936 1087 πρὸς
951 1000 1094 1088 ἕσπέρην
1109 1002 1288 1089 ἐσχατιέων

150 1107 217 1187 ἔχω
229 1101 293 1190 μὲν
305 1097 367 1171 οὐκ
381 1099 545 1191 ἀτρεκέως
564 1107 689 1192 λέγειν·
716 1099 793 1173 οὔτε
808 1099 871 1191 γὰρ
890 1109 994 1189 ἔγωγε
1010 1105 1185 1193 ἐνδέκομαι
1197 1100 1286 1196 Ἠρι-

152 1267 227 1318 urdre
246 1269 396 1334 deQuincy
414 1271 549 1336 inopere,
569 1272 642 1336 quod
658 1274 697 1321 in·
747 1276 842 1335 ponat.
860 1272 899 1318 Ac
913 1269 982 1319 bene
995 1274 1086 1321 monet
1099 1271 1212 1323 Rennel.
1225 1289 1287 1339 pag.

151 1339 298 1388 scribitur:
308 1339 348 1389 Le
357 1340 466 1404 Jupiter
482 1341 635 1407 Olympieu.
654 1342 697 1391 'l'u
747 1340 798 1392 397
814 1339 971 1390 Herodotea
986 1345 1117 1405 tangens,
1134 1340 1287 1394 Phoenices

152 1408 228 1458 coni.
261 1409 344 1458 etiam
371 1409 494 1461 Hoshins
519 1410 634 1462 Trevels
667 1412 697 1461 in
747 1408 870 1461 studiose
891 1409 995 1460 celasse
1019 1409 1124 1473 videri,
1149 1412 1195 1476 qni
1218 1413 1287 1477 ipsis

152 1477 265 1542 Ethiop.
285 1493 312 1542 p.
326 1477 377 1529 325
395 1495 470 1545 seqq.
495 1481 536 1530 De
551 1480 636 1532 ebeno
647 1480 697 1531 Aa·
747 1479 974 1529 sintdivitiarum
1000 1479 1104 1542 fontes,
1127 1496 1197 1546 quae
1216 1498 1287 1532 com-

153 1548 276 1613 thiopico
294 1546 498 1614 elephantisque
516 1551 588 1601 conl.
612 1565 696 1616 snpra
748 1548 844 1598 mercii
854 1549 919 1598 viae
932 1553 1015 1612 atque
1028 1550 1135 1615 copiae.

152 1617 207 1675 111,
220 1617 264 1669 97.
279 1617 321 1666 Ad
333 1611 502 1681 οἰνωμένον
516 1620 552 1670 cf.
567 1621 619 1683 111,
638 1622 695 1672 106.
774 1607 845 1693 ὀὔτε
859 1613 912 1682 γὰρ
922 1610 1006 1681 ἔγωγε
1018 1609 1165 1683 ἐνδέκομαι
1174 1609 1287 1685 Ἠριδα-

188 1681 382 1750 spontaniae]
412 1687 519 1738 Dicitur
542 1689 610 1740 haec
633 1704 696 1751 vox,
747 1702 799 1736 νον
816 1685 890 1753 τινα]
908 1687 968 1749 Quo
986 1687 1031 1739 vel
1047 1688 1175 1739 disertius
1188 1690 1287 1739 Strabo

154 1772 226 1821 quae
246 1756 341 1808 eadem
355 1758 491 1821 reperitur
505 1760 557 1822 lv,
575 1758 618 1811 28.
638 1761 695 1822 172,
747 1759 780 1808 V.
798 1771 824 1820 p.
847 1757 899 1807 215
915 1750 1072 1820 Ἠριδανὸν
1094 1757 1217 1822 appellat
1238 1752 1288 1808 τὸν

154 1827 189 1877 de
202 1826 301 1892 quavis
316 1841 345 1876 re
366 1831 450 1891 ornpln
468 1833 496 1877 et
514 1844 613 1893 mnpno.
640 1829 697 1878 Mo·
746 1823 879 1891 μηδαμοῦ
902 1822 954 1889 γῆς
979 1814 1055 1874 ὄντα.
1087 1827 1128 1875 Ad
1149 1828 1288 1879 Eridanum

152 1898 216 1947 nuit
228 1895 372 1947 Ruhnken.
384 1896 535 1947 adTimsei
546 1900 611 1948 Lex.
622 1897 695 1947 Plat.
747 1896 859 1947 fluvium
890 1894 1019 1945 electrum
1054 1895 1113 1944 sive
1147 1898 1288 1948 succinum

152 1982 181 2031 p.
208 1967 251 2016 27.
283 1965 362 2016 Cous.
392 1965 482 2017 Schol.
509 1967 545 2017 ad
567 1966 695 2033 Apollon.
744 1963 1147 2029 eruimdeqneaPhoenicibus
1159 1965 1193 2015 ad
1206 1967 1290 2017 Grae·

153 2034 244 2086 Rbod.
261 2037 314 2096 IV,
334 2033 401 2085 1366
416 2042 443 2085 et
460 2051 530 2101 quae
548 2036 627 2102 plura
641 2037 696 2087 alia
746 2035 816 2083 eiam
828 2035 974 2098 Asiamque
990 2032 1083 2083 afferri
1099 2034 1184 2085 fando
1195 2035 1289 2085 andic-

154 2104 259 2156 dabunt
273 2104 413 2155 Blomtield
432 2106 467 2155 ad
481 2106 609 2171 Aeschyli
622 2107 696 2171 Aga·
745 2108 791 2153 rat
809 2103 916 2155 Noster.
942 2103 1046 2165 Quibus
1059 2107 1152 2153 tamon
1168 2104 1247 2154 fidam
1260 2120 1289 2154 se

153 2190 255 2228 memn.
270 2174 322 2225 985
335 2179 363 2224 et
376 2174 464 2226 Tafel.
477 2174 618 2227 Dilucidd.
632 2177 696 2226 Pin·
746 2173 848 2222 habere
861 2189 941 2238 posse
954 2178 1052 2238 negat,
1068 2188 1128 2223 eum
1146 2173 1188 2223 vel
1202 2174 1289 2224 amuis

153 2244 228 2294 darn.
246 2244 282 2294 ad
294 2244 400 2309 Olymp.
413 2245 467 2307 111,
482 2246 540 2295 122.
558 2261 620 2310 pag.
634 2244 696 2297 302.
747 2242 827 2292 huius
854 2258 952 2293 nornen
976 2243 1075 2294 Graeci
1104 2244 1169 2308 quid
1200 2248 1290 2306 sonet,

190 2308 310 2376 δένδρεα
319 2305 413 2362 πάντα
425 2306 519 2381 ἄγρια]
534 2317 588 2365 Pro
603 2305 697 2364 πάντα
749 2312 847 2363 Gracci
862 2318 953 2364 autem
969 2313 1077 2362 minime
1090 2314 1125 2362 ad
1138 2327 1186 2363 eas
1204 2328 1290 2378 usque

152 2384 298 2435 Ssncrofti
314 2383 383 2433 liber
402 2375 531 2448 ἅπαντα,
551 2384 623 2449 quod
639 2385 698 2450 pls·
749 2387 837 2432 terras
849 2383 1032 2448 pervenerint.
1053 2382 1106 2445 Qui
1117 2388 1215 2447 postea
1228 2384 1290 2433 Eri-

153 2460 199 2504 cet
212 2452 361 2504 Schaeiero
376 2452 410 2502 ad
424 2454 538 2518 Dionys.
558 2454 698 2505 Halicarn.
749 2452 813 2501 dani
831 2455 938 2502 nomine
963 2453 1110 2517 insignitus
1131 2456 1174 2501 est
1190 2453 1291 2503 Italiae

153 2522 596 2590 decompositverbbpag.124.
616 2524 699 2576 Haud
750 2521 865 2585 fluvius,
888 2523 980 2573 Padus
1001 2521 1085 2586 (conf.
1110 2523 1181 2573 Plin.
1201 2524 1237 2574 H.
1254 2523 1288 2574 N.

154 2593 226 2645 mele
242 2593 345 2645 Mehler
361 2594 542 2658 (Mnemosyn.
559 2596 591 2645 V.
610 2610 637 2659 p.
651 2595 699 2658 64)
750 2591 808 2654 111,
827 2592 868 2643 16.
881 2590 1027 2653 XXXVll,
1043 2595 1068 2642 2.
1082 2592 1181 2657 Virgil.
1192 2594 1290 2656 Georg.

154 2666 279 2714 παντοῖα
294 2664 408 2714 coniicit
420 2679 468 2729 pro
479 2655 581 2713 πάντα.
749 2660 839 2723 1,482
852 2662 917 2726 ibiq.
932 2661 952 2710 Ι.
969 2662 1005 2714 Η.
1015 2662 1122 2724 Voss),
1142 2661 1175 2711 de
1188 2677 1221 2712 eo
1236 2664 1291 2712 He·

748 2730 890 2793 rodotum,
912 2733 960 2795 qui
972 2728 1099 2792 Thuriis,
1119 2731 1137 2779 i.
1151 2747 1175 2781 e.
1186 2732 1214 2779 in
1229 2732 1290 2796 ipsa

345 2836 410 2887 cm
426 2835 506 2887 cxv·
750 2799 849 2862 Italia,
864 2814 933 2881 opus
944 2814 1022 2850 snum
1037 2798 1172 2880 absolvit,
1191 2815 1291 2881 neque-

191 2929 319 3002 ἒσχατιαί
340 2932 406 3003 εἰσι]
432 2940 500 2990 Tres
527 2938 603 2998 libri,
627 2938 699 2988 iuter
748 2874 1292 3004 guldhlllfecsttjglm?utiquzassngigumifamldss

156 3024 225 3075 quos
236 3008 412 3059 Florentinus
422 3013 450 3058 et
460 3008 608 3070 Mediceus,
618 2999 698 3071 ἐσχα·
749 3007 867 3058 Plinium
879 3007 913 3059 de
928 3007 1079 3070 Herodoto,
1094 3008 1141 3073 qni
1153 3008 1291 3058 1111111110-

154 3077 501 3142 tni‚sedvid.lH,105.
522 3079 570 3130 116
586 3083 614 3128 et
627 3093 699 3143 quae
749 3092 811 3128 mae
832 3093 906 3128 anno
933 3075 1025 3127 CCCX
1049 3076 1078 3141 (i.
1099 3094 1124 3128 e.
1149 3079 1200 3127 414
1225 3082 1291 3127 ante

154 3148 237 3213 plura
249 3147 329 3198 affert
347 3147 461 3198 Nitzsch
481 3147 516 3198 ad
532 3148 632 3212 Odyss.
648 3148 697 3209 lx,
748 3146 812 3198 Chr.
825 3151 865 3213 n.)
882 3146 1025 3197 historiam
1041 3162 1120 3198 suam
1133 3146 1244 3197 Thuriis
1261 3147 1291 3196 in

159 3219 208 3269 182
232 3232 326 3268 vocem
351 3209 486 3280 ἐσχατιών
511 3216 544 3268 de
571 3217 700 3268 extremis
749 3217 833 3267 Italia
851 3216 1019 3279 condiderit,
1042 3217 1205 3267 scribentem
1223 3216 1290 3267 haec

156 3289 329 3353 maximeque
348 3286 460 3338 remotis
485 3291 575 3338 terrae
599 3286 697 3337 finibus
748 3287 849 3338 addere
861 3287 996 3350 potuisse:
1011 3301 1083 3351 „quo
1096 3287 1184 3352 magia
1195 3287 1292 3336 mirum

155 3373 264 3423 semper
277 3356 399 3407 adbiberi
412 3356 543 3439 seribenp.
556 3355 697 3422 Libymnh.
750 3361 807 3419 est,
822 3356 894 3422 quod
907 3356 995 3407 eidem
1006 3357 1159 3418 credimus,
1178 3356 1224 3421 qni
1239 3357 1290 3407 Pa·

154 3428 173 3478 l.
187 3427 282 3478 latiori
300 3442 382 3479 sensu
401 3426 434 3476 da
451 3441 540 3489 omni,
560 3441 641 3492 quam
653 3441 700 3476 no·
750 3426 814 3475 dum
831 3441 937 3477 amnem
954 3425 1083 3488 vidisset,
1105 3427 1238 3476 neminem
1255 3425 1290 3475 ad

155 3499 214 3559 vit,
230 3497 324 3548 Africa
337 3496 407 3546 dixit
418 3496 584 3547 Herodotus.
620 3496 699 3546 Coni.
749 3495 778 3546 id
801 3501 908 3560 tempus
929 3495 1012 3545 Asiae
1033 3495 1220 3562 Graeciaeque
1241 3501 1291 3545 ant

155 3573 228 3618 nott,
241 3566 277 3617 ad
291 3566 399 3629 111,96.
750 3565 804 3616 sibi
815 3565 986 3631 cognitum.“
1006 3565 1091 3629 (Hist.
1107 3566 1170 3616 Nat.
1189 3565 1290 3627 11114,

190 3631 243 3701 ἔχω
253 3628 305 3701 μὲν
317 3628 369 3685 οὐκ
378 3626 515 3700 ἀτρεκέως
527 3628 626 3699 λέγειν]
636 3633 700 3685 Cer·
749 3635 776 3686 8.
791 3638 816 3698 ἓ.
830 3634 883 3700 18).
902 3634 991 3685 Plinio
1003 3633 1127 3685 addimus
1140 3651 1200 3698 eos,
1211 3635 1292 3700 siqui

155 3709 233 3757 nitur
246 3708 276 3756 in
289 3706 332 3757 his
348 3705 491 3770 scriptoris
504 3709 532 3755 at
542 3719 647 3754 summa
660 3703 700 3753 di·
748 3709 845 3759 nostra
864 3708 957 3754 aetate
973 3703 1188 3767 contenderunt,
1207 3705 1293 3754 Hero-

154 3777 272 3843 ligentia
285 3781 312 3827 et
326 3776 472 3826 maximum
492 3774 549 3824 veri
565 3773 698 3834 studium,
749 3772 853 3837 dotum,
866 3774 914 3839 qui
928 3774 997 3825 bene
1007 3779 1082 3824 certe
1095 3774 1234 3838 cognitum
1245 3771 1293 3822 ba·
1403 3815 1413 3840 x

156 3854 187 3898 ut
206 3847 254 3912 qui
271 3847 304 3897 de
325 3845 368 3895 bis
384 3844 557 3910 regionibns,
575 3843 610 3893 ad
629 3856 699 3908 quas
748 3843 841 3894 buerit
854 3844 1017 3903 Eridanum,
1031 3843 1059 3893 id
1070 3848 1160 3893 tamen
1173 3841 1293 3908 profiteri

156 3933 208 3968 nco
227 3918 286 3981 ipse
307 3931 357 3967 nec
386 3913 457 3965 nllus
484 3912 554 3963 alius
580 3913 700 3964 Graecus
750 3913 871 3965 noluisse
900 3919 1070 3965 mercaturae
1092 3913 1185 3963 cauma
1209 3911 1292 3963 addu-

154 3987 238 4038 homo
248 3990 314 4036 tunc
325 3985 454 4049 temporis
466 3986 645 4049 penetrasset,
659 3997 701 4044 ea,
751 3990 825 4033 ctum
853 3983 950 4034 iisdem
981 3983 1053 4043 lere,
1082 3983 1181 4048 quibus
1208 3983 1292 4033 ctiam

157 4072 229 4122 quse
242 4055 395 4106 Phoenices
412 4053 529 4105 navibus
541 4068 573 4103 eo
585 4051 702 4119 proiecti
750 4052 902 4104 Phoenices
917 4055 1046 4103 commoti
1063 4053 1097 4102 de
1115 4052 1194 4102 terris
1207 4066 1293 4102 remo·

158 4126 299 4177 narrarint
326 4125 386 4176 aiva
407 4137 518 4188 prorsus
537 4122 617 4186 ficta,
642 4122 702 4173 sive
753 4122 885 4183 tioribns,
900 4122 1293 4187 quae‘commodaipsisprac·

158 4212 225 4247 uera
239 4193 320 4245 falsis
332 4193 457 4244 admixtu
471 4191 582 4257 (quibus
595 4191 702 4243 scilicet
752 4193 848 4243 berent
862 4192 1038 4254 commercia,
1054 4196 1103 4240 sut
1113 4191 1238 4242 consulto
1253 4200 1294 4240 ta·

157 4265 278 4330 reliquos
293 4263 416 4313 homines
428 4261 556 4313 fallerent
575 4266 603 4311 et
621 4261 657 4311 ab
670 4260 702 4310 il·
753 4263 861 4312 cnerint
877 4265 927 4311 ant
945 4261 1024 4311 varia
1042 4260 1216 4311 confabulati
1228 4262 1293 4322 siut,

157 4335 193 4386 lis
206 4338 333 4385 arcerent
348 4331 531 4397 regionibus),
544 4332 572 4380 in
584 4331 701 4381 medium
751 4336 783 4381 ut
795 4346 882 4395 nuper
898 4331 998 4381 statuit
1010 4330 1124 4395 Halliug
1142 4331 1170 4380 in
1184 4331 1295 4380 Wiener

157 4404 281 4470 prolerre
300 4401 520 4467 nolueritiiaque
534 4401 615 4465 ipsis,
631 4414 702 4465 quae
751 4400 865 4451 Jahrbb.
886 4400 988 4450 LXIII.
1011 4415 1038 4465 p.
1065 4399 1128 4462 123,
1153 4401 1198 4449 cni
1219 4404 1294 4448 rocta

157 4474 295 4542 proferat,
312 4471 512 4523 dubitationem
527 4485 604 4522 suam
618 4471 702 4520 inter-
751 4469 892 4521 adversati
913 4473 978 4520 snut
994 4468 1108 4519 Wuttke
1124 4467 1159 4517 ad
1173 4467 1295 4518 Sohaffa·
