3042 5125
248 375 311 437 672
668 374 931 436 EXOURSUS
953 373 970 432 1

247 563 367 621 συνιέντι
393 563 472 635 μέρος
493 558 559 620 cillo
579 585 605 621 ιι.
623 586 647 619 τ.
668 570 691 619 ί.
714 598 748 606 -
771 564 908 617 Revertor
934 563 969 615 ad
983 561 1165 615 Herodotum.
1197 561 1293 624 Quum
1312 562 1338 613 is
1358 560 1385 612 in

249 653 340 704 fronte
355 651 453 720 Apidis
469 652 541 704 locet
554 646 655 704 λευκὸν
677 644 868 718 τετράγωνον,
890 665 981 717 neque
998 665 1066 700 vero
1081 654 1205 700 veterum
1221 646 1387 715 scriptoram

249 736 393 805 quisquam
412 753 469 787 eam
485 745 574 788 notam
586 743 731 803 agnoscat:
748 734 862 804 amplexi
879 740 945 786 sunt
956 750 1050 785 omnes
1064 733 1123 784 fere
1139 732 1308 799 interpretes
1323 748 1386 782 σσιι-

249 822 379 873 lecturam
396 821 475 887 Cayli
487 821 602 872 Comitis
616 820 644 871 in
657 818 770 872 Recueil
785 819 811 871 d'
825 818 937 887 Antiqq.
950 818 1030 869 Tom.
1047 817 1069 868 Ι.
1086 835 1114 886 p.
1127 820 1160 870 43
1176 810 1277 869 iocaris
1290 835 1316 868 τι
1333 818 1387 879 τρί-

250 924 350 974 γωνον.
386 907 455 957 Nam
471 905 639 973 triangulum
654 905 801 972 assignant
816 902 897 972 Apidi
913 908 942 953 et
956 903 1107 971 scriptores
1123 906 1152 952 et
1166 896 1385 967 monumenta*),

250 998 278 1042 et
293 990 417 1058 vulgaris
434 997 477 1042 est
491 988 618 1042 confusio
636 989 773 1042 utriusvis
793 986 921 1040 vocabuli
933 982 989 1054 *¹').
1021 985 1211 1038 Verumtamen
1235 984 1317 1037 lando
1341 1001 1388 1035 ve-

251 1077 390 1128 hementer
412 1075 607 1127 continentiam
622 1073 891 1141 Schweighaeuseri,
913 1071 961 1141 qui
984 1071 1012 1122 in
1031 1070 1187 1122 huiusmodi
1203 1069 1263 1121 loco
1286 1068 1388 1121 consti-

251 1160 354 1212 tuendo
380 1158 447 1211 nihil
472 1159 624 1211 novaverit.
657 1162 827 1226 Quadratum
846 1157 917 1209 enim
939 1156 1000 1207 sive
1018 1149 1191 1222 τετράγωνον
1212 1154 1335 1223 pertinet
1357 1153 1388 1203 ad

252 1245 425 1298 Mercurium.
454 1243 546 1296 Huius
570 1252 659 1295 autem
680 1242 723 1295 dei
745 1259 817 1311 qnae
832 1248 926 1311 partes
942 1240 1042 1292 sintin
1059 1239 1193 1291 universa
1207 1240 1322 1291 fortuna
1338 1237 1388 1288 lsi·

251 1329 294 1380 dis
311 1336 339 1381 et
350 1328 486 1395 Osiridis,
503 1328 547 1379 vel
564 1345 636 1380 nnius
647 1327 812 1379 Plutarchus
826 1326 926 1395 dooere
942 1325 1067 1395 quemvis
1081 1330 1184 1393 potest.
1216 1315 1315 1386 Quid?
1331 1322 1389 1391 ipsa

252 1413 424 1465 consecratio
440 1412 536 1480 Apidis
553 1414 584 1464 fit
601 1407 672 1466 nurci
686 1408 739 1480 triv
751 1405 895 1479 ὑφήγησιν
909 1410 973 1463 τοῦ
984 1403 1107 1477 Ἑρμοῦ
1121 1402 1173 1477 τὴν
1190 1402 1390 1478 πρεσβυτάτην,

254 1504 285 1549 ut
299 1504 343 1549 est
357 1497 431 1566 apud
447 1495 587 1549 Aelianum
604 1496 621 1548 Ι.
637 1496 671 1563 1.,
693 1497 740 1566 qui
757 1496 827 1548 idem
842 1495 963 1565 scriptor
977 1493 1104 1562 singulas
1118 1493 1146 1544 in
1160 1510 1278 1562 corpore
1295 1491 1390 1560 Apidis

254 1588 334 1634 notas
351 1583 385 1633 ad
405 1598 505 1634 arcana
520 1582 718 1650 Aegyptiorum
736 1580 860 1649 symbola
874 1579 1045 1649 pertinuisse
1067 1584 1172 1629 monet:
1193 1570 1262 1631 ὅτου
1285 1571 1316 1629 δέ
1337 1577 1390 1627 τῶν

253 1660 373 1734 ἆστέρσιν
387 1664 503 1719 ἕκαστον
517 1671 630 1734 σημεῖον
645 1659 693 1718 dcci
712 1659 900 1737 ρυμβόίων
916 1661 1114 1717 αἰνίττεται
1128 1656 1191 1731 τὴν
1206 1656 1331 1731 φύσιν,
1348 1658 1392 1713 Δί-

252 1746 364 1821 ydriam
378 1752 562 1820 τεκμηριῶσαι
575 1746 676 1815 laurei,
708 1752 799 1819 Atque
817 1750 851 1801 de
867 1751 1054 1817 quaternione,
1071 1753 1102 1800 ut
1114 1747 1253 1799 Hermetis
1269 1763 1390 1807 numero,

255 1836 327 1889 haud
343 1853 430 1905 pauca
443 1835 617 1905 praecipiunt
632 1836 783 1905 scriptores
793 1842 902 1887 veteres
915 1829 991 1900 Ψ).
1024 1834 1048 1885 Ε
1063 1833 1165 1902 quibus
1177 1832 1217 1883 Io.
1231 1830 1330 1898 Lydus
1345 1831 1390 1901 (de

254 1938 356 1974 menss.
374 1939 402 1991 p.
418 1922 466 1987 21)
481 1921 534 1972 ita:
555 1914 607 1989 τὴν
623 1916 653 1973 δὲ
666 1913 800 1988 τετάρτην
820 1912 924 1988 ἡμέραν
939 1918 1084 1990 Στίίβοντι
1103 1912 1158 1986 (lul
1173 1917 1230 1970 τῶν
1245 1917 1392 1983 πλανητῶν

255 2000 317 2060 κατ’
333 2003 499 2075 Αἰγυπτίους
513 1997 586 2059 οὕτω
599 2002 771 2076 καλουμένῳ)
786 1997 931 2072 ἀνέθεντο,
946 1996 977 2064 ὃς
992 1997 1019 2068 ἐξ
1036 2003 1099 2055 locu
1114 1997 1179 2054 ποτέ
1193 1998 1244 2069 μὲν
1258 1993 1392 2069 ὑγραίνει,

255 2087 322 2145 nori
336 2087 366 2144 31
382 2092 519 2160 ξηραίνει,
539 2086 798 2193 πνευματούμενος
804 2081 859 2142 bnt
881 2090 930 2158 τῆς
952 2086 1016 2184 περὶ
1037 2080 1087 2140 τὸν
1101 2078 1182 2156 ἥλιον
1200 2080 1392 2154 ὀξυκινησίας·

250 2172 376 2244 Ἑρμοῦ
392 2172 535 2229 diruitur
540 2168 572 2228 F
573 2180 668 2244 ίληνις
689 2194 761 2229 ειναι
777 2169 940 2246 βούλονται·
964 2164 1040 2244 αυτῷ
1055 2174 1151 2225 τοίνυν
1166 2166 1219 2239 τὴν
1243 2165 1393 2239 τετράδα

257 2258 604 2329 οίφιίοσοφοῦντες
627 2253 816 2329 ἀνέθεντο,
847 2251 1020 2330 ὦςέφόρρι
1048 2257 1116 2310 τῶν
1145 2250 1306 2353 μιμάὸιον
1327 2266 1393 2325 rpu-

256 2347 335 2416 χοῐν.
363 2345 482 2397 Subucrt
493 2345 706 2413 Pythagoricum
726 2302 869 2415 placitirm=
888 2345 1004 2397 unimam
1019 2361 1074 2396 ease
1092 2336 1317 2410 τετράγωνον
1338 2332 1393 2393 εὖ·

257 2435 325 2499 θυι
325 2424 458 2483 ω’νιον.
494 2429 546 2481 His
567 2430 708 2497 iungenda
723 2447 770 2495 ea
797 2445 868 2499 quae
883 2430 997 2498 rdemp
1015 2431 1048 2481 uo
1063 2426 1096 2478 de
1112 2425 1253 2494 pyramide
1268 2431 1394 2478 memorat

259 2510 288 2586 (ἡ
304 2534 357 2584 γαρ
376 2507 524 2584 πυραμὶς
511 2509 567 2569 υπὸ
581 2508 720 2584 τεσσάρων
735 2508 844 2586 βάσεων
859 2512 908 2568 uui
925 2507 1064 2581 τεσσάρων
1084 2513 1194 2580 γωνιῶν
1213 2506 1287 2580 μόνη
1307 2528 1394 2580 περιε-

257 2599 358 2671 χομένη
373 2620 399 2653 ιι.
418 2620 442 2654 τ.
458 2602 512 2668 t),
528 2601 675 2671 praecipue
687 2618 757 2671 quae
773 2600 807 2652 de
825 2600 961 2654 Mercurio
976 2599 1111 2668 quodrntd
1122 2600 1221 2670 figurd
1232 2599 1311 2669 fingi
1321 2599 1393 2650 solito

259 2687 287 2738 in
303 2686 418 2738 medinm
434 2686 542 2756 profert
553 2705 579 2756 p.
600 2689 662 2738 102:
684 2682 744 2740 altu
759 2681 789 2738 di
802 2679 975 2754 τετράγωνον
990 2678 1104 2753 σχήματι
1112 2673 1241 2750 Ἕλληνες
1256 2676 1393 2736 ἀναπλάτ-

259 2789 337 2825 τουσι
361 2772 462 2824 τοῦτον
485 2764 546 2839 (τὸν
564 2766 678 2839 Ἑρμῆν)
702 2765 850 2839 τεκμήριον
871 2768 997 2838 μέγιστον
1015 2761 1198 2836 παρεχόμενοι
1219 2764 1305 2836 λόγον
1324 2765 1393 2821 εἶναι

259 2859 359 2910 τοῦτον
387 2855 435 2909 καὶ
462 2850 545 2925 λόγον
564 2849 679 2925 ἀληθῆ
705 2872 776 2925 quae
796 2873 829 2907 en
852 2854 1034 2925 quadranguli
1048 2856 1148 2925 figura
1169 2852 1343 2923 explicantur
1353 2851 1392 2916 †)

260 2941 356 2994 lam
333 2961 357 2993 ει
373 2958 405 2992 ea
420 2947 548 3010 reputes,
570 2958 641 3035 quae
665 2940 737 3010 apud
760 2940 867 2992 eosdem
886 2929 1036 3038 scriptores
1052 2938 1085 2990 de
1104 2945 1224 3007 quatuor
1238 2939 1354 2990 basibus
1369 2944 1394 2986 et

261 3032 381 3094 quotuor
396 3023 505 3091 angulis
521 3009 671 3093 pyrariridis
691 3025 855 3090 traduntur,
879 3025 971 3093 possis
995 3023 1074 3076 etiam
1097 3024 1262 3091 τρίγωνον
1254 3042 1282 3075 ιιι
1300 3022 1393 3092 Αρ1ι11ι

260 3205 357 3272 gyptia
372 3204 495 3255 doctrina
507 3206 600 3272 prodit
610 3208 693 3256 etiam
704 3208 744 3259 10.
757 3207 851 3272 Lydus
863 3207 897 3258 dc
908 3222 1005 3259 monas.
1016 3204 1077 3257 loco
1091 3204 1231 3258 luculento
1244 3221 1270 3272 p.
1284 3206 1324 3258 13
1346 3204 1394 3255 Ad·

261 3276 303 3324 dit
314 3274 378 3325 hinc
390 3290 407 3324 a
419 3289 534 3340 vespera
545 3277 705 3327 numerandi
717 3276 771 3326 diei
781 3279 889 3328 initium
903 3277 993 3328 lacera
1008 3276 1167 3341 Aegyptios
1171 3277 1189 3303 “

330 3360 382 3427 ¹l),
387 3361 468 3422 ,Vid¹
484 3360 673 3423 cathenatur,
698 3361 847 3427 anlnml.
864 3366 882 3414 1.
900 3364 964 3429 ibiq.
977 3363 1035 3414 tab.
1051 3362 1092 3424 12,
1106 3360 1394 3429 quactriangulnmia

261 3431 352 3482 fronte
366 3430 462 3495 Apidis
479 3430 630 3483 luculenter
648 3399 768 3485 e'xhibet.
792 3433 1001 3500 AddaZo'e’gam
1015 3434 1056 3483 De
1072 3432 1143 3483 obal.
1159 3448 1224 3499 pag.
1238 3431 1301 3483 448.
1323 3431 1394 3482 Alias

260 3500 357 3566 Apidis
374 3502 584 3553 notasannmis
597 3506 729 3553 memorat
740 3504 890 3555 Bacchae
882 3520 911 3554 m
924 3504 1026 3555 benuo
1042 3501 1166 3556 tainum.
1183 3501 1244 3553 Vol.
1259 3502 1283 3550 1.
1298 3518 1325 3567 p.
1338 3499 1393 3553 9311.

261 3573 353 3622 Etiam
373 3586 496 3636 gemmae
514 3570 700 3634 adhibendae,
722 3573 752 3622 in
772 3573 870 3639 quibus
891 3574 1015 3639 egregias
1032 3572 1117 3622 habet
1131 3587 1253 3623 mascam
1270 3570 1395 3630 Stoechii,

262 3642 496 3693 nuncBorussraa
512 3642 604 3707 Regis.
629 3642 915 3707 vincebantur
935 3642 1038 3694 selecta
1059 3657 1148 3704 cxcc,
1165 3640 1395 3707 quaeSchlichte·

262 3710 339 3775 groll
351 3711 471 3762 ediditI.
484 3727 525 3763 nr.
540 3714 566 3762 t.
581 3711 610 3761 11
622 3710 679 3763 tab
697 3680 737 3763 i3'.
752 3728 794 3762 nr.
809 3712 859 3775 71,
871 3712 920 3763 nbr
930 3712 1024 3764 lunula
1038 3727 1120 3778 super
1133 3712 1214 3762 dorso
1227 3709 1355 3775 Aprdrs

334 3796 412 3862 **)„
415 3797 474 3876 Sic,
489 3802 521 3849 ut
535 3796 586 3847 hoc
601 3802 674 3860 utar,
691 3814 719 3847 m
731 3798 892 3849 Nicomachi
906 3799 1041 3850 instituti.
1055 3796 1136 3847 arith
1148 3797 1185 3847 II
1200 3812 1264 3862 cap.
1274 3795 1395 3862 Ωτρίμω-

263 3879 313 3923 νος
323 3881 372 3932 pro
383 3858 554 3931 τετράγωνος
567 3866 650 3918 habet
663 3866 729 3918 Cod.
743 3867 853 3918 Paris.“

225 4005 229 4013 ,
332 3951 422 4017 ***),,
425 3950 564 4003 Plutarch.
573 3955 685 4015 Quaest.
694 3952 820 4018 Sympos.
829 3953 909 4018 IX.p.
919 3953 1008 4005 738E.
1018 3970 1046 4019 p.
1054 3952 1121 4005 1050
1129 3951 1324 4018 Wyttenbach.
1336 3953 1395 4003 Pro·

263 4021 359 4074 clusin
369 4022 484 4072 Hesiodi
491 4011 566 4085 Ἐργ.
578 4021 613 4071 ad
624 4037 664 4071 vs.
676 4022 799 4088 ttopsg.
810 4023 859 4075 169
870 4024 912 4074 od.
922 4024 1004 4073 hntv.
1013 4022 1242 4088 (exPhilochor03
1254 4022 1311 4072 vid.
1321 4021 1397 4072 huius

262 4092 386 4155 fragium.
398 4106 462 4155 pag.
476 4091 580 4142 92-94
596 4091 638 4141 cd
653 4091 780 4155 Siebalis)
792 4097 820 4143 at
835 4107 905 4158 quae
918 4092 974 4142 alia
984 4094 1119 4144 Manrsina
1132 4091 1243 4157 collegit
1253 4093 1296 4142 Da
1306 4091 1394 4140 denar.

262 4159 382 4225 Python.
403 4160 555 4224 pag.1362
586 4160 692 4222 Quibus
711 4161 782 4213 adde
799 4163 840 4214 Ῑο
855 4163 986 4214 Laurent.
1001 4163 1108 4229 Lydum
1128 4162 1163 4212 da
1180 4162 1395 4213 mencaldorum.

262 4244 326 4294 pag.
340 4230 372 4279 21
386 4227 460 4292 (coll.
473 4243 537 4295 pag.
551 4227 595 4279 87.
609 4228 687 4293 99).“

332 4314 387 4377 †),
391 4312 514 4376 ,Gemino
526 4314 679 4378 leguntur·
671 4331 700 4365 m
713 4316 918 4382 Theologumm.
929 4318 1064 4369 arithmus.
1085 4320 1110 4382 3.
1124 4317 1166 4369 23.
1185 4319 1253 4383 ρ.24
1271 4315 1394 4372 ει1.Αι1,

263 4350 525 4505 {pupplrif‘icomech
540 4384 676 4435 Institutt.
688 4385 795 4437 arithm.
810 4388 849 4453 II,
866 4388 892 4440 9.
906 4403 969 4454 pag.
985 4388 1033 4440 1111
1044 4388 1132 4439 ciusd.
1146 4387 1189 4438 ed.
1205 4386 1300 4437 eadem
1317 4384 1395 4452 expli·
