3042 5125
495 352 702 416 THALIA.
726 355 785 417 ΙΙΙ.
806 364 852 419 88.
874 364 919 419 89.
1214 351 1274 414 169

134 542 242 636 ‘lugdu
269 542 490 634 κατεστήσατο
517 554 640 632 εἰκοσι,
672 541 731 626 τὰς
755 540 851 616 αὐτοὶ
878 546 1034 614 καλέουσι
1059 552 1273 635 surporqiue.

135 746 186 795 tim
196 747 264 810 post
276 759 385 811 magum
397 743 573 798 interiectum
587 750 615 797 et
627 746 682 797 Ds-
732 746 769 796 ad
781 744 934 812 posteriora
951 750 1043 798 tamen
1060 745 1139 812 regui
1152 750 1275 812 tempora

134 814 366 880 rinmudregiam
375 813 538 880 dignitatem
548 819 683 879 evectum,
733 830 793 866 eam
819 829 873 866 uon
897 826 1008 880 prorsus
1031 814 1179 867 convenire
1201 815 1275 868 hund

134 884 184 938 sed
205 883 316 950 aliquot
340 887 414 936 certe
437 886 517 936 anuis
534 884 683 951 praeteris·
733 887 840 937 mirum.
875 882 943 934 (lum
960 884 1031 935 enim
1047 884 1135 951 prims
1151 885 1216 937 talis
1233 885 1275 938 di·

133 955 208 1020 psis,
235 969 299 1004 cnm
323 954 461 1020 oppressis
485 956 520 1006 iis
542 954 683 1007 seditioni·
733 955 848 1006 visionis
876 953 1031 1005 rudimenta
1057 954 1164 1019 potius,
1192 971 1275 1021 qnam

134 1024 203 1088 bns,
232 1038 303 1088 quas
321 1023 351 1075 In
371 1024 459 1076 variis
476 1026 552 1091 regni
570 1025 682 1091 provin·
732 1025 822 1091 ipsam
833 1022 982 1089 perfectam
994 1025 1121 1089 omnique
1135 1030 1214 1090 parte
1228 1026 1274 1077 ab·

134 1093 186 1146 ciis
204 1097 334 1156 exortu,
349 1108 413 1144 mor
425 1108 491 1147 vero
505 1110 523 1145 a
536 1094 621 1146 Dario
637 1109 683 1146 ex·
732 1095 853 1146 solutam
864 1091 1076 1159 descriptionem
1088 1094 1189 1146 Darius
1201 1095 1275 1147 exbi-

134 1163 253 1215 stinctae
270 1178 331 1215 esse
347 1162 435 1216 trudit
447 1164 591 1229 inscriptio
603 1163 683 1216 Bisu·
732 1164 838 1228 buerit,
860 1162 1003 1228 postmodo
1021 1162 1151 1215 nonnulle
1170 1171 1276 1217 mnmta

134 1237 222 1296 tuns,
238 1233 331 1283 omnis
347 1237 440 1285 esseut
451 1239 551 1299 pecata
566 1238 595 1285 et
609 1234 682 1299 regis
731 1233 850 1286 aliterve
869 1233 1022 1284 constituta
1041 1248 1102 1285 esse
1118 1233 1179 1300 quis
1197 1236 1276 1288 mire-

133 1302 251 1369 imperio
261 1301 418 1365 obedireutq
437 1303 464 1353 id
476 1303 548 1370 quod
561 1303 607 1354 vix
617 1307 682 1354 ente
731 1305 796 1354 tur?
820 1302 914 1369 Neque
925 1301 1005 1353 unice
1019 1301 1170 1355 adtributa
1181 1320 1215 1356 sc
1228 1321 1275 1356 ve-

134 1387 237 1425 anunm
246 1372 299 1426 516
308 1376 372 1423 ante
381 1371 445 1428 Obr.
453 1389 478 1424 u
488 1371 548 1425 fieri
557 1373 682 1439 potuisse
732 1371 860 1440 ctigalia,
871 1376 902 1422 ιιι
915 1370 1078 1437 quibusdam
1090 1372 1158 1438 (vid
1170 1374 1273 1426 Ritter:

134 1442 283 1506 existimo,
300 1442 326 1493 si
338 1441 447 1507 quidem
460 1441 504 1495 vel
517 1448 581 1509 post
592 1442 681 1509 Baby·
731 1441 880 1494 Erdlrunde
891 1441 968 1493 VIII.
982 1456 1010 1506 p.
1022 1441 1065 1494 85.
1078 1441 1124 1494 lll
1137 1443 1205 1509 seq.)
1220 1444 1276 1510 pla·

133 1511 272 1563 loniorum
281 1510 459 1576 seditionem,
471 1527 542 1578 qnae
551 1511 618 1565 urbe
627 1512 682 1563 Bs-
731 1511 805 1575 cuit,
818 1511 888 1563 haec
901 1510 1050 1576 descriptio
1061 1519 1201 1578 spectasse
1212 1531 1274 1565 ceu-

133 1580 237 1648 bylone
257 1585 340 1646 eapte
361 1596 454 1633 mense
472 1583 597 1648 Augusto
616 1581 681 1633 anui
732 1581 817 1635 sende
829 1584 881 1645 est,
892 1581 934 1631 ita
944 1579 1040 1633 utalia
1053 1582 1188 1647 quosdam
1200 1600 1275 1650 prse-
1369 1618 1372 1621 -

132 1648 681 1719 518(viu.nottod111‚150)finiuest,
731 1656 807 1703 teres
822 1651 961 1703 exstiterit
971 1648 1059 1715 ipsius
1076 1655 1164 1704 terrae
1177 1668 1199 1703 s.
1213 1669 1275 1720 pro·

134 1720 207 1772 alins
225 1718 313 1772 denuo
332 1725 443 1772 exortus
457 1737 516 1774 esse
531 1721 681 1773 reditiones
730 1721 884 1773 vinclorum
893 1719 1056 1784 descriptio3
1072 1736 1135 1772 usur
1145 1721 1275 1790 taleqnid

134 1789 609 1857 eBisutuuaiuscriptioueaDsrio
619 1791 681 1856 ipso
731 1805 869 1856 nunqnam
888 1790 918 1840 iu
929 1791 1073 1841 Persarum
1090 1791 1171 1843 rebus
1187 1791 1275 1844 locum

133 1858 230 1926 posita
240 1857 434 1926 intelligimus:
453 1860 522 1913 adeo
532 1865 564 1912 ut
574 1861 680 1913 demum
730 1859 861 1911 habuisse
892 1859 1064 1923 invenimus,
1104 1860 1179 1926 apud
1207 1877 1276 1928 quos

133 1929 210 1980 circs
230 1944 332 1980 anuum
351 1931 404 1982 516
425 1931 527 1983 Durius
550 1930 586 1982 sd
610 1930 681 1982 hanc
730 1934 877 1995 utrumqne
904 1930 995 1994 potius
1024 1943 1131 1995 semper
1163 1932 1276 1982 coninu-

132 1998 212 2065 regui
237 1997 466 2065 descriptionem,
491 2015 563 2067 quse
587 2015 681 2052 omnes
730 2004 805 2052 ctum
820 1998 907 2050 inisse
921 2001 1196 2051 cousentsuenmest.
1223 2001 1275 2052 Ns·

133 2073 225 2121 terres
236 2067 475 2135 complecteretur,
493 2069 624 2123 accedere
635 2084 682 2135 po·
732 2084 785 2136 que
806 2072 935 2119 accurate
951 2067 1072 2120 locorum
1089 2082 1123 2120 ac
1144 2073 1276 2120 terrerum

133 2138 230 2191 tuerit.
731 2139 866 2190 rationem
887 2137 1006 2190 ritumve
1025 2141 1121 2191 secute
1146 2143 1189 2190 est
1208 2139 1277 2190 brec

169 2197 263 2272 ἀρχὰς
273 2197 463 2274 κατεστήσατο
475 2204 577 2272 εἴκοσι]
590 2206 682 2274 riguo·
732 2207 898 2273 descriptio,
918 2207 946 2258 iu
962 2223 1018 2273 qna
1035 2208 1122 2260 meior
1139 2211 1210 2261 rstio
1229 2208 1276 2260 hs·

133 2278 237 2329 seimus
255 2276 375 2329 inbisce
394 2278 551 2329 rudimenta
569 2277 681 2328 interio-
731 2278 791 2329 btts
814 2277 902 2328 fnisse
926 2277 1034 2331 videtur
1058 2283 1190 2330 terrarium
1216 2280 1276 2331 sive

133 2348 173 2399 ris
184 2362 267 2414 quem
277 2344 372 2398 dicunt
381 2345 630 2400 administrationis
640 2361 681 2397 rc-
730 2347 866 2414 gentium,
880 2353 963 2413 prout
974 2348 1039 2400 illae
1051 2347 1160 2415 quidem
1175 2348 1203 2399 in
1212 2349 1276 2401 Per·

133 2417 183 2485 gni
199 2417 346 2468 Persarum
366 2432 415 2484 per
430 2417 587 2484 provincias
609 2430 681 2467 nunc
731 2433 823 2470 sarum
839 2418 964 2468 venerint
980 2418 1120 2470 ditionem.
1154 2421 1275 2483 Quarum

31 2528 37 2537 .
133 2487 293 2539 accuratius
313 2485 447 2553 descripti
464 2485 508 2539 vel
526 2486 618 2553 potius
635 2485 681 2536 de·
730 2486 876 2539 nonnullae
893 2492 956 2554 post
973 2503 990 2538 a
1005 2488 1097 2541 Persis
1113 2504 1184 2555 quse
1202 2490 1276 2542 dele·

134 2556 220 2610 scribi
233 2556 337 2623 coepti:
353 2556 381 2610 id
390 2557 463 2624 quod
474 2560 578 2623 priores
585 2555 682 2608 Persu-
730 2556 947 2621 cerunt,nullum
957 2558 1075 2624 amplius
1084 2559 1214 2612 tributum
1222 2559 1276 2612 sol·

133 2644 195 2680 rum
211 2642 308 2694 reges,
329 2632 358 2679 et
375 2627 461 2693 Cyrus
479 2632 508 2680 et
522 2626 680 2691 Cambyses,
729 2629 804 2681 visse
813 2628 996 2680 inveniuntur.
1013 2628 1111 2694 Itaque
1120 2630 1158 2680 nil
1169 2630 1275 2692 mirum,

133 2699 197 2764 peri
207 2697 289 2748 modo
298 2696 452 2764 neglexisse
462 2697 598 2748 videntur.
611 2696 683 2747 Con·
731 2698 756 2749 ei
774 2695 846 2762 apud
863 2697 1023 2762 posterioris
1041 2699 1143 2750 aetatis
1160 2700 1276 2765 scripto·

134 2769 232 2819 iuncta
243 2766 317 2818 euim
336 2771 379 2819 est
395 2767 464 2819 haec
478 2765 681 2832 provinciarum
730 2782 775 2818 res
790 2766 923 2833 quaedam
938 2767 1127 2831 inveniuntur,
1145 2783 1207 2819 cum
1222 2768 1276 2819 Ilo·

134 2837 304 2902 descriptio,
318 2851 397 2902 qnam
412 2836 513 2888 Darius
526 2835 682 2888 instituisse
731 2835 853 2888 rodoteis
882 2850 952 2902 quae
981 2836 1091 2889 minime
1114 2840 1276 2903 congruant,

134 2923 158 2957 s.
168 2906 313 2959 ordinasse
325 2907 428 2971 fertur,
441 2922 501 2958 cum
515 2904 682 2959 accuratiori
732 2907 813 2957 Immo
842 2904 876 2956 ob
904 2910 1054 2970 temporum
1088 2905 1276 2957 diversitatem

135 2975 322 3039 tributorum,
341 2991 412 3042 quse
426 2976 541 3042 siugulis
554 2974 682 3041 gentibus
732 2976 850 3027 maxime
862 2974 996 3041 distingui
1008 2974 1135 3030 debeant.
1162 2975 1222 3038 Quo
1233 2974 1277 3026 vel

135 3044 343 3112 provinciisque
369 3045 488 3097 subditis
520 3047 576 3096 siut
604 3057 682 3111 prse-
732 3045 799 3097 illud
816 3043 905 3096 reisro
923 3045 990 3108 (alia
1005 3050 1036 3095 nt
1053 3048 1188 3108 uocem),
1204 3044 1276 3111 quod

135 3114 253 3179 stende,
277 3114 486 3178 distributione,
507 3117 575 3182 quin
594 3130 627 3166 ex
648 3130 682 3166 es
732 3116 768 3167 ad
786 3129 925 3166 numerum
943 3115 1127 3179 satrapiarum
1147 3116 1276 3180 pertinet,

135 3186 198 3252 ipsa
216 3183 414 3252 quodammodo
425 3190 492 3236 usta
509 3184 599 3236 videri
618 3199 683 3250 que·
731 3186 761 3236 iu
772 3199 825 3250 quo
834 3185 870 3236 ab
878 3184 1019 3236 Herodoto
1029 3185 1109 3236 valde
1119 3185 1277 3250 discrepant

136 3260 183 3318 at,
209 3270 341 3306 summam
363 3256 441 3322 regni
461 3253 618 3307 stsbiliendi
637 3268 683 3305 cn·
732 3254 848 3306 aliorum
857 3254 1021 3319 scriptorum
1032 3255 1198 3318 testimonia,
1206 3270 1277 3321 quse

136 3340 196 3377 ram
219 3325 330 3392 egregie
352 3323 401 3376 illa
423 3323 531 3391 quidem
554 3322 681 3390 prodens.
732 3325 834 3375 dudum
851 3323 947 3375 attulit
965 3325 1216 3376 Barn.BrIssonius
1234 3326 1277 3376 Dc

135 3397 233 3462 Neque
245 3395 317 3446 enim
331 3393 403 3460 fugit
418 3409 508 3460 regem
521 3397 682 3460 sapientem,
732 3409 790 3459 reg.
806 3394 897 3446 Perus.
917 3394 1063 3459 principat.
1082 3396 1104 3446 1.
1128 3398 1153 3456 g.
1173 3395 1222 3447 169
1243 3410 1276 3445 sc

135 3464 218 3532 regni
233 3464 475 3516 admisistratione
491 3478 546 3514 non
560 3463 628 3515 bene
641 3477 683 3514 or·
731 3478 818 3529 nuper
835 3462 993 3529 disquisivit
1008 3463 1104 3530 Hitzig
1119 3464 1189 3529 (Das
1202 3463 1276 3515 Bucb

135 3535 236 3586 dinsta
247 3535 412 3601 tributisque
422 3533 587 3600 singulorum
599 3547 683 3598 popu·
732 3533 833 3585 Daniel
849 3551 871 3584 s.
887 3533 1061 3599 Bregetisch.
1078 3533 1231 3585 Haudbuch
1253 3550 1277 3585 r.

135 3604 225 3656 lorum
236 3619 291 3655 non
304 3604 373 3656 satis
383 3606 514 3656 accurate
525 3602 684 3654 constitutis
732 3602 767 3654 A.
778 3603 810 3654 Τ.
824 3604 902 3655 Ριιιι.
914 3603 948 3653 Χ.
961 3618 986 3667 p.
1001 3602 1036 3654 90
1049 3601 1117 3668 seq.)
1131 3604 1165 3654 ιι6
1178 3603 1279 3654 Denic-

136 3673 221 3740 (qusc
239 3675 334 3740 prius,
353 3677 384 3724 ut
401 3673 474 3735 dona
490 3672 684 3736 offerebantur,
733 3671 769 3723 lis
787 3671 878 3724 locum
896 3672 948 3736 VI,
968 3673 998 3736 2,
1018 3672 1065 3723 ubi
1083 3682 1177 3724 centum
1193 3675 1279 3738 uiginti

136 3741 483 3806 nccmnecaduilum
494 3741 602 3793 modum
612 3757 684 3793 meu·
735 3743 874 3808 satrapias
891 3740 993 3793 Durius
1012 3742 1189 3793 constituisse
1210 3742 1278 3792 dici·
1332 3781 1335 3788 ,

136 3829 287 3880 snrsmque
309 3812 457 3875 adstricta3
481 3828 535 3878 qno
557 3812 618 3878 ipso
639 3810 684 3862 vel
735 3817 794 3872 tur3
816 3811 863 3877 qui
881 3826 1008 3862 numerus
1028 3809 1064 3861 ad
1082 3820 1178 3863 ceuton
1193 3813 1281 3876 uiginti

137 3884 225 3950 magis
233 3880 685 3949 premebautsudetospraefecto·
734 3890 828 3947 septem
844 3880 984 3945 satrapias
1002 3879 1145 3932 adscendit
1163 3880 1192 3929 iu
1208 3879 1278 3930 libro

137 3968 252 4019 rumque
264 3953 400 4019 regiorum
413 3951 528 4003 arbilrio
542 3949 623 4016 plane
638 3966 685 4003 er·
735 3949 843 4002 Esther.
855 3951 879 4012 1,
892 3950 913 4000 l.
923 3949 1040 4011 v111,9:
1058 3948 1172 4002 eundem
1186 3964 1278 4000 nume-

136 4021 269 4089 positos),
278 4024 367 4089 ipsum
376 4037 488 4089 regnum
498 4022 544 4073 vtx
554 4019 601 4071 din
610 4024 685 4073 stare
735 4035 794 4072 rum
813 4019 905 4086 prodit
923 4019 1057 4085 Iosephus
1071 4018 1183 4085 Autiqq.
1199 4017 1277 4070 Iudd.

138 4109 221 4159 posse
233 4094 372 4159 integrum
383 4091 595 4159 imperiumque,
606 4089 686 4143 brevi
735 4091 786 4153 XI,
800 4089 825 4142 3.
837 4094 862 4154 ξ.
874 4091 901 4141 2.
913 4089 962 4152 ΧΙ,
971 4090 997 4144 6.
1011 4093 1036 4154 5.
1052 4090 1077 4153 I,
1094 4089 1141 4154 qui
1152 4088 1206 4140 alio
1219 4090 1279 4141 loco

137 4162 320 4229 amuletum,
343 4177 406 4214 mox
422 4162 478 4212 ism
496 4176 618 4214 eversum
639 4160 683 4211 iri.
736 4159 816 4224 (ibid.
826 4160 860 4223 X,
873 4159 913 4210 ll.
924 4158 949 4221 ἃ.
962 4159 991 4221 4]
1003 4170 1130 4212 trecensus
1143 4164 1279 4226 sexaginta

138 4235 217 4297 Quae
229 4247 297 4284 vero
309 4232 411 4285 Noster
422 4230 457 4284 de
467 4230 520 4283 bac
531 4230 635 4283 Persici
645 4246 686 4281 re·
735 4228 963 4295 estrepiastquae
972 4228 1035 4283 inde
1044 4229 1210 4282 conveniunt
1219 4245 1280 4280 cum

138 4303 186 4370 gni
201 4301 387 4368 descriptione
400 4300 509 4365 retulit,
523 4316 557 4352 es
570 4316 602 4352 ex
614 4301 686 4366 opti·
735 4314 848 4351 numero
860 4299 964 4350 dierum
976 4299 1053 4364 anni)
1063 4315 1081 4351 a
1090 4300 1175 4350 Dario
1188 4299 1280 4361 iactae

137 4374 190 4424 mis
203 4371 330 4426 fontibus
340 4371 471 4438 pleraque
487 4375 563 4424 certe
576 4370 686 4422 fluxisse
736 4384 797 4422 esse
815 4369 926 4422 scribIt:
950 4383 1018 4434 quos
1039 4383 1164 4421 numeros
1187 4381 1280 4419 omnes

138 4457 303 4512 quemquam
312 4457 369 4495 non
377 4445 429 4508 est,
442 4441 514 4511 quod
522 4440 686 4507 dubitemus,
735 4438 819 4492 valde
831 4443 1014 4507 exaggeratos
1026 4439 1180 4505 nimiosque
1192 4436 1281 4489 videri
