3042 5125
251 371 313 432 710
635 370 903 432 EXOURSUS
925 371 1004 431 VIII

595 790 921 867 EXCURSUS
948 791 1044 866 VIII

543 976 619 1040 AD
649 975 939 1039 HERODOT.
970 974 1034 1047 lv,
1067 982 1094 1037 l.

424 1270 466 1325 lle
484 1269 575 1323 bellio
599 1268 686 1324 Dorio
709 1269 820 1343 Scythis
841 1270 909 1325 illoti
927 1271 1020 1325 causeo
1039 1284 1074 1322 oc
1093 1275 1226 1339 ternpore.

341 1401 501 1454 Herodotus
515 1403 606 1473 quarti
622 1401 684 1454 libri
699 1403 779 1455 initio
795 1402 837 1454 his
852 1404 946 1455 verbis
957 1420 1065 1456 causano
1084 1403 1202 1469 iudicat,
1218 1419 1277 1474 qua
1292 1401 1384 1455 Darius

258 1494 406 1538 commotus
423 1485 521 1540 bellurn
535 1487 692 1556 susceperit
707 1496 804 1538 contra
816 1487 949 1555 Scythas:

342 1565 424 1624 Μετὰ
440 1565 470 1624 dl
482 1566 534 1640 τὴν
549 1572 713 1643 Βαβυλῶνος
733 1571 841 1639 αἵρεσιν
856 1565 962 1640 ἐγένετο
977 1566 1023 1627 tat
1039 1566 1159 1634 Σκύθας
1172 1563 1263 1625 αὐτοῦ
1274 1572 1386 1639 Δαρείου

256 1650 361 1717 ἔλασις·
381 1647 524 1725 ἆνθεύσης
546 1650 598 1724 γὰρ
619 1657 668 1725 τῆς
681 1649 768 1717 Ἀοίας
782 1643 900 1725 ἀνδράσι
915 1655 963 1710 καί
977 1644 1124 1726 χρημάτων
1138 1644 1269 1725 μεγάλων
1284 1643 1386 1709 συνιόν-

257 1758 313 1793 των
328 1726 487 1809 ἐπεθύμησε
502 1733 517 1794 ὁ
532 1745 650 1808 Δαρεῖος
665 1741 796 1794 τίσασθαι
812 1729 946 1811 Σκύθας,
966 1735 1010 1795 ὅτι
1027 1736 1127 1796 ἐκεῖνον
1145 1729 1293 1811 πρότεροι,
1317 1735 1386 1811 ἔσβα-

257 1819 351 1887 ίόνσος
367 1817 397 1887 ἐς
409 1821 462 1896 σὴν
472 1820 609 1895 Μηδικὴν
625 1824 672 1879 καί
687 1815 851 1895 νικήσαντες
865 1814 939 1899 μάχῃ
955 1821 1020 1887 τοὺς
1037 1819 1251 1897 ἀντιουμένους,
1268 1820 1385 1896 ὑπῆρξαν

255 1904 375 1979 ἀδικίης.

343 1995 407 2058 Quo
423 1994 515 2047 eodem
531 2000 666 2065 spectant,
682 2012 753 2065 quae
769 1994 830 2048 libri
847 1995 921 2048 tertii
937 1996 1026 2066 eapite
1036 1995 1048 2045 l
1053 1995 1088 2064 ll,
1108 1998 1155 2050 134
1167 2014 1249 2067 seqq.
1264 1995 1386 2064 leguntur

259 2082 294 2134 de
309 2083 426 2148 Atossa,
444 2079 520 2132 Darii
543 2097 643 2145 uxore,
665 2096 736 2149 quae
758 2080 854 2132 marito
882 2081 1051 2150 persuadere
1073 2080 1196 2146 studuit,
1227 2087 1262 2132 ut
1281 2080 1386 2151 primun

259 2164 391 2230 Graccis,
413 2163 511 2217 deinde
528 2164 639 2232 Scythis
660 2163 759 2218 bellum
778 2164 909 2230 inferret3
931 2165 975 2217 cni
999 2183 1045 2217 rex
1067 2164 1106 2216 ita
1121 2182 1219 2217 rnorem
1236 2165 1339 2232 gessit,
1360 2172 1387 2216 ut

258 2249 376 2318 Scythas
386 2250 489 2318 primos
504 2248 680 2303 debellandos
696 2266 758 2303 esse
773 2250 970 2315 constitueret,
983 2248 1092 2301 ulturus
1109 2249 1186 2302 simul
1202 2267 1253 2302 eas
1269 2249 1386 2313 iniurias,

259 2351 331 2405 quae
346 2332 407 2385 olim
422 2333 559 2401 eScytbis
575 2334 666 2387 illatae
681 2341 761 2386 erant
776 2333 875 2386 Medis.
899 2334 942 2385 Ex
959 2334 1001 2386 his
1015 2332 1086 2386 enim
1098 2333 1209 2386 iniuriis
1224 2333 1312 2385 Dario
1326 2332 1385 2385 ulci-

259 2417 370 2471 scendis
386 2417 490 2470 Noster
511 2418 662 2488 primariam
679 2418 744 2469 belli
764 2436 874 2470 caueam
898 2419 1000 2487 repetit
1021 2417 1174 2487 respiciens
1196 2417 1279 2470 simul
1293 2417 1326 2469 ad
1341 2417 1384 2469 fio

260 2510 364 2557 rentem
384 2501 470 2554 totius
490 2504 569 2573 regni
591 2510 707 2570 statum
728 2502 776 2573 qui
797 2520 865 2555 sane
885 2502 948 2555 belli
972 2501 1087 2572 gerendi
1111 2519 1165 2554 non
1182 2501 1272 2554 soluta
1291 2501 1385 2572 copiam

260 2591 350 2642 lacere
365 2587 416 2642 sed
431 2588 510 2641 etiam
525 2589 714 2643 necessitatem
728 2589 863 2657 quendem
879 2590 980 2642 efferre
996 2588 1158 2655 videbator,
1180 2588 1205 2639 si
1221 2586 1385 2640 orientalium

260 2690 407 2742 regnorum
422 2673 604 2727 conditionem
623 2674 732 2727 omnino
746 2673 935 2742 respiciamus.
966 2674 1056 2744 Atque
1071 2672 1137 2724 baec
1156 2672 1247 2724 animo
1264 2679 1373 2741 repntao

260 2766 313 2811 tem
334 2757 433 2811 bellum
454 2759 612 2828 suscepisse
634 2759 744 2812 Darium
766 2758 903 2811 existimat
924 2754 1072 2824 llolster*)
1093 2763 1250 2826 opportune
1271 2754 1385 2826 quanvis

260 2849 380 2896 utentem
396 2849 555 2913 praetextu,
574 2842 686 2896 ultiouis
702 2843 736 2895 de
749 2841 861 2909 Scythis
876 2841 1024 2896 sumendae
1038 2847 1092 2893 taur
1107 2841 1141 2893 ad
1161 2859 1193 2893 se
1206 2840 1297 2910 ipsum
1311 2857 1385 2892 exeu-

260 2927 374 2979 eandum
393 2945 472 2997 quarn
488 2928 522 2980 sd
537 2927 638 2980 Persas
653 2926 845 2995 instigandos:
867 2926 987 2990 accedit,
1009 2925 1083 2996 quod
1099 2926 1162 2978 illae
1179 2925 1308 2990 iniuriae,
1323 2940 1385 2994 ques

261 3028 309 3064 rex
325 3010 435 3065 ulturus
451 3019 524 3079 erat,
544 3012 650 3078 llledis,
674 3028 727 3064 non
744 3010 814 3080 ipsis
828 3010 923 3064 Persis
937 3008 1028 3063 illatae
1043 3018 1151 3062 ereata
1166 3009 1279 3077 Scythis
1293 3016 1321 3062 et
1331 3007 1384 3078 qui·

261 3096 319 3147 deor
333 3103 442 3147 centurn
453 3096 512 3147 fere
524 3095 605 3148 annis
617 3095 829 3165 praeterlapsis:
847 3102 878 3148 ut
892 3094 960 3148 adeo
976 3093 1052 3146 nulla
1066 3112 1164 3147 recens
1181 3094 1308 3147 memoria
1321 3092 1384 3145 iniu-

261 3178 361 3231 riarum
375 3178 481 3231 illarum
502 3179 606 3231 animos
622 3180 742 3232 excitare
755 3185 862 3249 posset.
891 3180 970 3242 Quae
985 3195 1045 3231 cum
1060 3177 1099 3231 ita
1117 3178 1191 3247 sint,
1206 3179 1304 3231 merito
1314 3176 1384 3229 dubi·

261 3261 387 3327 tandum,
405 3279 467 3315 nuru
482 3280 529 3328 ea,
545 3281 626 3333 quarn
642 3263 747 3316 Noster
761 3263 869 3333 prodit,
890 3262 952 3316 belli
968 3280 1065 3329 causa,
1090 3262 1158 3315 ultio
1174 3262 1208 3316 de
1223 3262 1333 3330 Scythis
1347 3277 1384 3311 re-

259 3346 379 3417 petenda
394 3347 428 3398 ob
443 3346 559 3399 iniurias
575 3349 609 3401 ab
625 3347 667 3400 his
679 3355 788 3401 centum
803 3349 861 3401 iere
875 3356 939 3400 ante
949 3346 1031 3400 aunis
1046 3346 1136 3399 illatas
1147 3347 1239 3399 Medis
1251 3364 1283 3398 ac
1294 3344 1384 3399 duduu

261 3431 359 3502 opinor
374 3431 550 3498 obliteratus,
573 3432 683 3502 probari
699 3450 810 3486 sanese
826 3450 875 3502 pro
892 3449 958 3484 vera
975 3448 1062 3502 eaque
1080 3432 1161 3484 unica
1171 3431 1235 3484 belli
1249 3447 1331 3484 eausa
1343 3429 1383 3480 lra-

259 3515 319 3570 beri
334 3518 434 3587 possit,
449 3523 578 3588 recteque
593 3517 655 3571 mihi
667 3518 778 3570 videtur
788 3511 957 3583 Hansen**)
972 3516 1025 3569 lanc
1039 3516 1170 3569 retulisse
1184 3515 1318 3569 Herodoti
1332 3519 1383 3566 stu·

260 3601 348 3668 dium,
373 3619 428 3672 quo
450 3601 579 3655 malorum
601 3611 629 3656 et
649 3602 829 3655 calamitatum
850 3601 982 3667 omnium,
1004 3601 1128 3670 inpriuais
1149 3599 1282 3654 bellorum
1294 3613 1384 3651 causas

188 3689 194 3699 “
260 3693 388 3755 repetere
404 3686 475 3740 solet
489 3705 504 3739 e
520 3687 694 3756 praegressis
709 3685 834 3752 iniuriis,
851 3703 922 3755 quae
941 3702 1080 3756 nunquam
1095 3684 1245 3753 impunitae
1260 3690 1308 3738 ant
1320 3679 1383 3735 inul-

260 3775 305 3822 tae
324 3789 340 3823 e
361 3771 459 3824 Nostri
482 3773 620 3825 sententia
640 3778 764 3836 manent,
786 3770 975 3824 intercedente
995 3770 1090 3823 divina
1111 3769 1234 3822 vindicta
1256 3789 1280 3822 s.
1302 3764 1383 3837 prori-

261 3853 370 3922 dentia,
391 3872 471 3908 suurn
493 3855 593 3926 cuique
608 3856 763 3921 tribuente,
786 3871 835 3925 par
849 3856 908 3925 pari
928 3856 1068 3908 referente
1082 3872 1171 3925 eoque
1186 3855 1274 3907 urania
1289 3855 1383 3905 tuente.

261 3937 314 3990 Alii
330 3945 426 3992 c'bnlra
441 3939 608 3993 exstiterunt
628 3940 682 3993 viri
695 3939 784 4006 docti,
808 3939 856 4009 qui
876 3956 968 3992 reram
983 3939 1046 3992 belli
1065 3956 1174 3992 causam
1190 3938 1300 3992 aliunde
1315 3951 1382 4004 repe·

260 4027 352 4074 tentes
376 4022 487 4075 Darium
512 4023 637 4077 dicerent
662 4023 804 4077 immodica
824 4023 939 4094 quadem
961 4024 1124 4088 ambitione,
1148 4040 1203 4095 qua
1225 4023 1325 4091 Cyrum
1343 4036 1382 4069 ae

261 4104 357 4156 molari
374 4106 513 4173 studeret,
535 4109 669 4178 regnique
690 4109 810 4177 augendi
830 4108 990 4178 gloriaeque
1012 4109 1197 4179 acquirendae
1215 4107 1339 4177 cupidine
1352 4101 1381 4154 ad

262 4187 312 4240 boc
326 4186 425 4240 bellun
441 4191 647 4261 suscipiendum
658 4199 817 4246 commotum
837 4193 940 4246 luisse:
964 4192 1021 4246 rid.
1038 4193 1199 4250 Dahlraann.
1213 4190 1343 4244 Herodot.
1357 4204 1380 4256 p.

260 4316 469 4331 -ξ

329 4384 359 4442 ⁴¹)
373 4382 487 4437 Jahrbb.
499 4386 518 4437 i.
532 4386 665 4455 Philolog.
678 4404 706 4441 u.
720 4391 841 4459 Paedsg.
855 4390 992 4458 Supplem.
1008 4389 1069 4443 Vol.
1083 4390 1162 4442 XIII.
1176 4405 1204 4456 p.
1217 4389 1259 4442 63.

330 4452 374 4520 **)
394 4453 549 4524 Oetearopa
561 4472 624 4525 pag.
640 4459 697 4511 125.
