3042 5125
495 401 819 463 MELPOMENH.
843 403 898 463 IV.
920 417 946 467 ὁ.
970 413 997 469 6.

1249 400 1310 466 297

173 596 242 660 ταῖν
257 590 373 662 ἰδόντα
388 595 522 682 πρῶτον
536 590 596 662 τὸν
613 591 844 683 πρεσβύτατον
863 585 967 665 ἆσσον
982 599 1085 683 ἰέναι,
1105 597 1312 688 βουλόμενον

174 693 260 765 αὐτὰ
279 704 415 784 λαβεῖν,
436 693 495 766 τὸν
515 695 553 766 ul
568 694 694 786 χρυσὸν
710 697 861 779 ἐπιόντος
878 708 1052 770 καίεσθαι·
1078 698 1309 791 ἀπαλλαχθέν-

174 827 230 881 τος
251 799 289 869 dt
309 799 430 869 τούτου
455 804 629 889 προσιέναι
648 800 707 871 τὸν
726 801 902 892 δεύτερον,
933 801 1068 875 καὶτὸν
1087 796 1181 885 αὖτις
1207 805 1311 878 ταύτὰ

173 907 312 973 ποιέειν.
344 902 423 985 τοὺς
436 905 498 993 μὲν
513 902 554 994 δὴ
567 904 746 996 καιόμενον
760 904 820 975 τὸν
833 906 958 997 χρυσὸν
971 905 1189 996 ἀπώσασθαι,
1210 921 1310 1005 τρίτῳ

174 1008 212 1076 δὲ
226 1012 275 1099 τῷ
288 1008 442 1101 νεωτάτῳ
453 1008 631 1080 ἐπελθόντι
645 1015 871 1099 κατασβῆναι,
891 1021 950 1081 καί
960 1042 1019 1101 μιν
1033 1016 1164 1082 ἐκεῖνον
1179 1024 1311 1103 κομίσαι

174 1113 259 1190 ἐς
241 1116 386 1181 εωυτοῦ·
421 1114 477 1181 καὶ
505 1112 583 1194 τούς
616 1118 863 1204 πρεσβυτέρους
887 1112 1073 1204 αδελφεούς
1098 1113 1180 1205 πρὸς
1208 1125 1312 1189 ταῦτα

172 1213 382 1303 συγγνόντας
409 1212 470 1303 τὴν
496 1223 675 1307 βασιληΐην
701 1223 813 1288 πᾶσαν
836 1224 1047 1307 παραδοῦναι
1072 1223 1120 1311 τῷ
1147 1248 1310 1315 νεωτατῳ.

170 1314 250 1387 Ἀπὸ
268 1319 331 1408 μὲν
354 1317 395 1408 δὴ
408 1320 603 1404 Αειττοξαϊος
622 1325 797 1448 γεγονέγαι
818 1319 955 1404 τούτους
977 1328 1044 1393 τῶν
1063 1327 1251 1414 Σκυθέων,
1278 1330 1335 1398 οἰ“6

174 1419 328 1511 Αὐχαται
364 1425 460 1511 γένος
489 1427 680 1494 καλέονται·
725 1422 791 1494 αττὸ
821 1425 857 1495 δὲ
889 1433 950 1496 τοῦ
975 1431 1079 1518 μέσου
1111 1422 1311 1519 Ἀρτιοξαιος,

172 1640 207 1676 ue
230 1624 363 1691 obtigisse
380 1631 499 1692 partem,
524 1628 552 1677 in
570 1643 624 1693 quc
645 1643 721 1693 repc-

171 1695 475 1774 riapturcurilodiuae

209 1753 345 1830 αροτρον]
375 1767 408 1817 In
436 1765 567 1833 symbolis
597 1773 719 1819 veterum

173 1835 370 1887 Germanorum
393 1841 514 1888 aratrum
541 1852 647 1904 quoque
666 1855 721 1889 me·

174 1909 313 1964 moratur,
334 1921 388 1970 quo
403 1911 502 1958 terram
518 1921 612 1958 recens
626 1909 720 1973 scqui-

174 1977 257 2025 sitam
275 1975 386 2026 adeam.
410 1976 489 2028 (loni.
504 1976 620 2026 Grimm.
635 1978 720 2029 Deut-

174 2043 240 2096 sche
256 2044 470 2098 Rechtsalterth.
485 2048 507 2097 l.
519 2061 581 2112 pag.
597 2047 661 2108 166,
671 2047 720 2098 ubi

173 2130 289 2165 aureum
300 2115 413 2167 Heurici
424 2117 501 2168 ducis
515 2113 635 2167 aratru'm
646 2131 718 2168 oom-

172 2185 253 2249 pouit
277 2200 338 2234 oum
363 2185 414 2236 hoc
437 2185 601 2251 Scytharum
624 2192 718 2238 aratro

171 2269 258 2305 aureo
269 2255 384 2305 coelitus
391 2256 511 2322 delapso.
524 2257 720 2309 Brundetaeter

770 1631 803 1681 de
814 1646 865 1681 usu
880 1629 990 1680 articuli
1002 1624 1073 1693 (τὸν)
1094 1644 1143 1694 pro
1156 1633 1313 1695 pronomine

770 1700 985 1752 demonstrativo
998 1701 1067 1750 citat
1081 1699 1158 1751 Reiz.
1180 1702 1221 1752 De
1238 1718 1311 1767 pros-

771 1770 814 1821 od.
830 1786 893 1836 pag.
908 1770 934 1821 8
959 1769 1004 1820 Sic
1023 1770 1198 1846 ruiraIVQ.
1215 1773 1245 1822 15
1262 1767 1310 1820 καλ

770 1832 834 1904 τὸν,
863 1856 896 1890 ue
915 1839 1002 1903 pluro·
1028 1839 1070 1890 Ad
1088 1807 1257 1902 συγγνόντας
1275 1842 1311 1892 cl.

769 1911 818 1973 IV,
832 1910 848 1961 3
861 1915 889 1960 et
900 1909 934 1960 43
944 1910 1033 1975 ibique
1047 1913 1116 1959 nott.

977 2080 1042 2132 Cur.
1062 2081 1111 2134 vl.

804 2180 832 2235 οἳ
850 2174 973 2249 Αὐχάται
991 2178 1071 2248 γένος
1088 2179 1245 2250 καλέονται]
1270 2178 1311 2248 γέ-

768 2270 818 2314 νος
831 2254 882 2306 hoo
896 2256 956 2307 loco
970 2257 1066 2318 opinor
1079 2255 1112 2306 de
1125 2256 1199 2306 trihu
1215 2255 1312 2306 iutelli-

172 2323 190 2375 Ι.
202 2324 222 2374 1.
239 2340 303 2390 pag.
319 2324 362 2379 66.
373 2323 408 2377 69
423 2332 518 2378 aratro
533 2327 680 2378 offenditur
691 2327 725 2379 iu
767 2325 883 2390 gendum
897 2342 957 2377 euru
973 2325 1002 2375 iu
1016 2325 1140 2387 modum,
1161 2341 1213 2391 quo
1230 2341 1313 2390 supra

172 2394 216 2444 his
224 2394 397 2459 Scytharum,
411 2397 457 2462 qui
468 2396 598 2447 nomades
612 2399 718 2461 vivant,

172 2463 345 2525 muneribus;
360 2466 452 2530 itaque
462 2471 585 2516 aratrum
598 2467 634 2516 ad
646 2468 719 2532 agri-

174 2532 268 2597 colus,
292 2535 339 2600 qui
351 2539 433 2586 unteu
446 2534 518 2586 hunc
528 2540 627 2587 terram
642 2536 719 2588 hahi-

172 2605 310 2667 taverint,
333 2606 351 2655 i.
372 2621 394 2656 e.
414 2607 449 2657 ad
461 2606 619 2657 Cimmerios
637 2607 720 2671 perti

172 2689 240 2725 uere
249 2679 339 2738 putat.
354 2674 407 2726 Sed
417 2692 478 2726 cum
488 2692 542 2727 nou
552 2692 645 2727 omnos
655 2677 721 2741 Scy-

171 2744 240 2793 thae
251 2744 307 2794 sint
318 2745 456 2807 nomades,
467 2746 514 2796 sed
524 2747 600 2811 agris
611 2762 719 2812 quoque

172 2812 299 2864 colendis
313 2830 422 2879 operam
436 2816 640 2878 deut‚aratrum
653 2832 719 2882 quo-

171 2898 229 2949 que
253 2882 299 2934 hic
323 2884 412 2936 locum
436 2885 535 2936 hebere
560 2902 642 2952 posse
666 2885 720 2936 exi-

170 2954 265 3005 stimo.

207 3012 402 3103 ἀπώσασθαι]
412 3023 443 3073 lu
454 3023 592 3074 Sancroiti
607 3023 676 3073 libro
686 3039 721 3076 ac

170 3092 237 3143 Vul.
265 3096 358 3144 exstat
382 3082 628 3155 ἄταλλάσσεσθαις
649 3094 721 3145 undo

170 3161 310 3213 Valckeu.
320 3163 383 3214 olim
395 3166 526 3227 scriptum
539 3163 625 3214 luisse
637 3164 721 3214 conii·

171 3233 226 3285 cit:
251 3228 405 3296 καιομένου
426 3230 478 3281 τοῦ
502 3229 607 3315 χρυσοῦ
631 3224 719 3283 ατταλ-

171 3293 340 3352 λα’σσεσθαι.
370 3301 438 3352 Mihi
454 3301 531 3353 hoc
524 3318 610 3367 ipsum
631 3293 720 3353 αιταλ-

171 3363 332 3422 λασσεσθαι
347 3389 362 3424 e
377 3371 480 3423 scholio
496 3378 584 3423 ortum
602 3373 719 3424 ridetur.

171 3442 284 3493 Etenim
304 3432 355 3490 τὸν
370 3434 474 3507 χρυσὸν
493 3459 541 3508 pro
560 3444 720 3495 accusativo

170 3513 293 3564 subiecti
316 3513 503 3577 accipiendum
525 3517 577 3575 est,
601 3512 669 3564 adeo
690 3516 721 3564 ut

171 3598 271 3633 curum
282 3582 372 3647 ipsum
383 3582 482 3632 ardeus
495 3599 541 3633 eos
551 3585 620 3648 ,qui
633 3583 721 3649 ipsum

171 3652 297 3703 oblaturi
315 3658 422 3713 essent,
444 3652 580 3734 repulisse
594 3653 719 3713 dicatum

172 3737 261 3787 neque
272 3720 374 3772 aliter'
366 3738 395 3772 rn
404 3722 526 3803 proxime
535 3723 721 3803 untechenti·

170 3792 225 3842 bus
235 3791 330 3843 verbis
341 3788 389 3840 καὶ
401 3785 450 3842 τὸν
459 3807 539 3849 αυτις
547 3807 634 3842 ταυτα
644 3785 720 3841 ποιέ-

172 3876 218 3911 ειν
236 3861 306 3911 illud
320 3852 369 3909 τὸν
385 3861 446 3912 scil.
460 3853 565 3925 χρυσὸν
575 3878 624 3927 pro
641 3878 721 3913 accu-

172 3931 266 3983 sativo
294 3931 412 3982 subiecti
438 3930 643 3997 acciepieudum
668 3936 719 3994 est,

173 4017 272 4069 aurum
282 4005 315 4050 ut
327 4000 436 4051 dicatur
444 4002 516 4052 idem
525 4001 634 4065 iecisse,
648 4002 720 4068 quod

172 4073 250 4134 prius
261 4070 370 4131 lecerit,
382 4087 442 4121 oum
456 4071 557 4135 primus
568 4070 719 4124 accederet.

173 4141 227 4190 Pro
237 4136 414 4205 κατασβῆναι
423 4140 571 4203 Modicum,
586 4141 720 4192 Florenti-

173 4226 239 4273 uus,
250 4209 299 4260 alii
310 4207 493 4275 καταστῆναι.
526 4211 605 4274 Quod
615 4227 665 4263 nos
676 4210 721 4262 de-

172 4279 282 4341 dimus,
305 4284 397 4330 tuetur
412 4280 541 4332 Eustcth.
559 4280 595 4332 ud
607 4281 719 4332 Homer.

172 4365 237 4416 prag.
259 4348 327 4410 513,
347 4350 376 4400 11
400 4364 423 4400 s.
443 4350 509 4411 388,
524 4351 567 4401 24.
595 4351 638 4400 De
658 4352 720 4416 ipsa

171 4419 263 4469 forma
276 4420 325 4469 Cr.
343 4419 463 4470 conferri
479 4419 539 4471 vult
547 4420 668 4471 Fischer.
686 4421 720 4471 ad

171 4487 286 4539 Weller.
299 4488 353 4551 Ill,
367 4504 392 4539 a.
403 4505 429 4554 p.
446 4489 495 4541 170
505 4505 576 4557 seq:
590 4491 635 4557 qui
650 4490 721 4541 idem

768 2398 792 2461 Ι,
809 2397 855 2448 191
875 2397 975 2447 Medici
994 2394 1230 2461 populiet1,125
1248 2397 1311 2446 Per·

769 2483 858 2517 sarum
874 2462 940 2532 γένη
965 2465 1093 2516 dicuutur
1114 2466 1161 2528 (ud
1177 2482 1255 2532 quem
1273 2465 1310 2514 lo·

770 2552 830 2587 oum
843 2537 915 2587 conf.
930 2541 998 2587 nott.
1002 2535 1049 2600 )et
1061 2534 1088 2585 II
1092 2535 1310 2602 ,llilhogyptio-

770 2623 828 2657 rum
846 2602 924 2672 γένη,
944 2607 1082 2672 ipsiusque
1103 2606 1201 2658 Graeci
1220 2606 1311 2672 popuii

769 2678 899 2727 Doricum
914 2676 1069 2726 otlonioum
1083 2669 1196 2737 γένοςΙ,
1204 2676 1246 2728 56
1257 2677 1309 2725 La-

770 2746 835 2796 tiori
847 2761 928 2797 sensu
942 2739 1022 2808 γένος
1037 2744 1070 2795 de
1084 2745 1183 2796 Croeso
1198 2746 1311 2809 Lydo,
1289 2744 1301 2793 I

770 2817 796 2865 6.
809 2845 843 2852 -
856 2814 946 2865 Plinio
967 2819 1077 2865 auctore
1090 2814 1126 2863 H.
1144 2816 1177 2866 N.
1194 2816 1233 2865 IV
1245 2813 1310 2877 (26),

774 2885 815 2935 12.
828 2889 851 2948 5.
869 2883 920 2934 88:
936 2899 972 2947 „a
982 2883 1101 2947 Taplrris
1115 2900 1162 2948 per
1171 2885 1310 2934 contineri·

769 2961 823 3005 tem
839 2955 973 3004 introrsus
984 2958 1078 3004 teuent
1089 2955 1225 3011 Auchetae,
1239 2953 1312 3018 apud

771 3041 838 3091 quos
851 3024 978 3089 Hypanis
1000 3023 1122 3084 oritrrr;“
1142 3024 1170 3073 id
1186 3023 1259 3088 quod
1276 3022 1311 3072 ad

770 3095 858 3145 locum
874 3097 1001 3160 Lipomct:
1013 3093 1096 3144 reiert
1109 3092 1254 3144 Reichurd.
1270 3092 1313 3141 1.1.

771 3181 833 3231 pag.
853 3164 894 3223 13.
915 3164 1050 3223 Auchetae,
1066 3163 1228 3228 Scytharum
1248 3178 1313 3229 gen-

772 3240 841 3295 tem,
855 3238 986 3284 memorat
1001 3249 1106 3299 quoque
1117 3233 1208 3285 Vuler
1218 3234 1311 3284 Flacc.

770 3304 894 3365 v1‚132
924 3305 1054 3354 Euchutue
1066 3305 1138 3354 iuter
1149 3303 1311 3369 Scytharum

769 3379 864 3440 gentes
875 3378 1051 3425 recensentur
1063 3374 1096 3423 ah
1114 3373 1208 3425 eodem
1222 3373 1313 3424 Plinio

772 3444 856 3509 (Hist.
867 3444 931 3493 Nat
945 3443 1068 3506 VI,lis
1084 3434 1123 3495 16.
1137 3447 1163 3506 ξ.
1178 3443 1223 3507 50)
1236 3445 1312 3494 item-

771 3529 824 3580 que
841 3515 948 3573 Colierr',
969 3528 1037 3577 quoe
1059 3528 1120 3563 cum
1139 3513 1189 3574 iis,
1215 3515 1261 3578 qui
1276 3513 1312 3562 ab

770 3582 912 3635 Herodoto
930 3588 1065 3632 vocantur
1081 3580 1235 3646 Κατίαροι,
1251 3598 1314 3633 con-

771 3653 1009 3704 tenditNeurnauu
1021 3651 1134 3718 l.l.pag.
1146 3652 1196 3704 183
1212 3668 1226 3702 e
1238 3653 1314 3702 hion-

769 3723 892 3789 golorum
909 3721 1002 3787 lingua
1020 3722 1138 3772 nominis
1153 3722 1240 3787 ipsius
1259 3722 1313 3772 vim

771 3797 799 3845 et
821 3790 1050 3858 significationem
1067 3806 1161 3842 eruere
1181 3795 1312 3841 conatus:

770 3862 841 3928 quod
867 3862 937 3911 idem
959 3861 1079 3911 tentavit
1106 3861 1135 3909 iu
1158 3860 1314 3910 nominibus

771 3933 942 3983 Arachotarum
955 3932 1144 3983 etScolotorum
1155 3930 1190 3981 ad
1201 3931 1315 3996 Μαυρο-

770 4002 852 4052 licam
865 4002 977 4065 stirpem
991 4000 1137 4051 revocatis.
1164 4002 1241 4062 Quae
1253 4016 1314 4050 cum

771 4072 852 4122 valde
873 4073 979 4121 incerta
1003 4086 1036 4121 ao
1058 4070 1143 4121 dubia
1163 4071 1219 4121 siut
1246 4070 1314 4134 (rid.

772 4143 850 4192 modo
870 4140 1013 4192 Schielner
1031 4141 1071 4190 in:
1100 4139 1220 4191 Bulletiu
1238 4141 1272 4191 de
1287 4140 1315 4191 la

771 4212 860 4262 classe
877 4211 925 4262 des
945 4212 1066 4262 sciences
1083 4209 1248 4276 historiques
1261 4215 1315 4263 eto.

772 4281 805 4331 dc
814 4281 981 4332 l’Academie
995 4280 1027 4331 de
1035 4281 1273 4347 St.Petersbourg.
1281 4283 1314 4330 T.

772 4349 850 4401 Xlll.
872 4367 913 4401 nr.
927 4351 958 4403 13
976 4351 1034 4401 sire
1054 4367 1094 4402 nr.
1109 4352 1169 4403 301.
1187 4367 1249 4416 pag.
1266 4349 1314 4400 197

772 4419 1314 4556 669613161361669669.
