3042 5125
296 385 359 448 334
735 381 1002 445 HERODOTI

246 580 471 653 22Bovdlvnv
493 573 530 642 ti
550 571 743 663 κατύπερθε
764 572 847 665 πρὸς
867 575 991 663 βορέην
1008 579 1077 643 ἔστι
1098 570 1289 664 πρώτημὲν
1311 575 1412 661 ἐρήμος

293 774 319 826 d.
333 776 413 825 Pont.
430 788 493 839 pag.
510 774 553 825 17.
568 771 617 837 68,
635 788 669 824 eu
681 773 736 826 iere
752 775 782 826 iu
799 791 843 826 re·
892 780 948 825 tow
965 788 1051 839 usque
1068 773 1103 823 ad
1123 772 1227 824 fertiles
1246 773 1362 838 regiones
1376 788 1414 836 gu·

293 846 374 912 gione
387 844 512 910 gubernii
522 842 694 908 Woronjesb,
708 845 757 895 ubi
769 860 840 896 nuno
892 844 981 895 bernii
997 841 1132 894 Simbirsk
1144 842 1255 894 extendi
1268 843 1332 905 vult,
1347 842 1414 892 Lind-

294 913 422 981 oppidum
437 913 547 965 Bobrom
561 913 620 965 sive
636 915 697 965 urdr
712 923 841 968 castorea.

293 988 351 1037 Nec
363 984 419 1034 etia
433 990 475 1033 eat
488 984 626 1033 sententie
637 984 762 1035 Rennelii
777 1000 842 1050 pag.

294 1056 346 1106 410
360 1062 388 1105 et
402 1055 500 1103 tiitteri
515 1051 676 1116 (Erdkunde
688 1056 726 1106 11.
740 1070 767 1120 p.
782 1055 843 1105 705.

295 1126 368 1188 700).
398 1124 431 1173 In
451 1123 576 1188 gubernii
589 1123 737 1174 Astrucani
754 1130 842 1190 purte,

296 1209 367 1260 quoe
381 1194 416 1243 ud
429 1194 540 1242 fluvium
553 1192 615 1242 leik
632 1195 737 1260 vergit,
758 1194 844 1244 Budi-

296 1280 346 1314 nos
365 1263 483 1313 collocet
501 1261 664 1312 Biiierbeck.
681 1263 775 1314 Diiiic.
793 1265 840 1313 As.

296 1349 359 1400 pag.
377 1333 423 1390 233
445 1333 559 1382 Heeren.
579 1331 674 1394 (ldeeu
687 1333 718 1396 I,
737 1336 763 1383 2.
777 1349 842 1398 pag.

298 1406 350 1454 nte
364 1399 647 1454 etuoettuetunzz.
666 1403 741 1453 1834.
754 1419 795 1453 ur.
807 1407 842 1454 00

297 1490 323 1538 p.
346 1472 410 1534 001)
436 1473 465 1521 in
487 1471 620 1536 gubernio
642 1471 783 1535 Sarutow,
807 1478 843 1535 et,

298 1546 406 1608 gentem
417 1555 541 1607 magnum
555 1546 582 1591 et
595 1540 763 1606 frequentem
776 1541 845 1592 ulte-

298 1614 355 1662 rius
376 1612 588 1677 septentrionem
604 1612 771 1663 orientemre
785 1627 845 1662 ver-

297 1698 344 1733 sus
355 1685 514 1747 productam
521 1679 678 1733 existimare
686 1681 810 1744 siliceat,
818 1683 846 1731 iu

299 1752 437 1816 guberniis
455 1753 559 1811 Pensu,
583 1750 730 1813 Simbirsk,
748 1753 845 1802 Kusen

301 1836 386 1886 usque
401 1822 436 1872 ad
451 1822 529 1872 Perm
551 1825 579 1869 et
596 1835 682 1886 usque
700 1821 736 1871 ad
748 1822 845 1871 vieini·

300 1899 385 1941 tutem
402 1891 516 1942 Norossi
535 1890 634 1941 montis
655 1890 689 1955 (s.
706 1890 775 1943 Urai
790 1906 845 1940 me·

300 1961 461 2024 ridionaiis).
486 1957 583 2010 Adhuc
597 1960 668 2010 euim
677 1960 712 2011 iis
724 1961 753 2011 in
766 1963 845 2011 terris

300 2032 385 2082 silens
398 2032 527 2097 plurimas
548 2044 608 2080 esee
624 2035 750 2095 narrent,
768 2031 845 2081 navi·

302 2103 352 2152 bris
373 2100 542 2151 fabricandis
559 2100 702 2150 materiem
720 2100 847 2166 suppedi-

301 2177 402 2223 tantes.
421 2173 482 2221 Non
493 2170 572 2220 nitier
579 2169 794 2236 Boiohard.pug.
802 2169 845 2222 33.

301 2244 336 2292 bit
353 2241 518 2290 itudinorum
538 2239 631 2302 sedes,
653 2255 705 2305 quo
725 2246 846 2305 tempore

302 2310 443 2375 Scythium
472 2309 604 2359 invaserit
628 2309 745 2372 Darius,
774 2312 847 2359 intra

302 2380 411 2429 'sunnin
435 2386 463 2427 et
488 2377 601 2443 Volgum
627 2377 712 2429 inisse
736 2381 847 2442 statuit,

893 930 942 965 ner
960 913 989 978 (Ι.
1006 912 1023 963 l.
1041 928 1105 978 pag.
1124 914 1169 974 71)
1189 912 1225 963 ad
1247 911 1414 963 meridiousiet

893 988 999 1034 tructus
1015 982 1283 1049 gnberuiiCherkorr
1297 981 1415 1032 munieris

892 1054 980 1103 Attuli
991 1051 1043 1102 hes
1053 1053 1171 1103 virorum
1182 1052 1320 1103 doctorum
1329 1057 1416 1102 senten·

894 1124 949 1174 tias
968 1121 1049 1173 valde
1066 1127 1274 1173 controversas:
1298 1124 1342 1171 vix
1360 1123 1416 1171 euin

893 1192 951 1244 ullu
964 1207 1031 1258 gens
1052 1196 1108 1254 est,
1127 1191 1161 1241 de
1179 1194 1234 1258 que
1252 1191 1416 1258 pluribusne

894 1268 952 1314 stra
973 1268 1066 1313 aetute
1086 1262 1122 1312 sit
1138 1261 1338 1329 disceptatum,
1359 1266 1417 1310 reete

895 1339 1020 1385 monente
1040 1331 1147 1383 Ukerto
1165 1331 1265 1398 Geogr.
1285 1333 1310 1382 d.
1328 1330 1416 1380 Griseb

894 1418 921 1454 u.
938 1403 1032 1453 Roem.
1050 1402 1110 1465 111,
1125 1406 1150 1451 2.
1165 1416 1193 1466 p.
1214 1401 1367 1460 537-541,
1382 1399 1417 1464 qni

894 1473 942 1523 nbi
951 1479 1075 1523 veterum
1089 1472 1256 1536 scriptorum
1274 1471 1342 1521 iocos
1356 1477 1378 1520 et
1386 1484 1418 1518 re·

894 1543 1045 1593 eentiorum
1057 1541 1262 1607 disputationes
1271 1540 1359 1590 ettulit
1373 1538 1416 1588 iere

895 1627 1002 1674 omues,
1018 1613 1076 1676 ipse
1087 1612 1197 1661 cautius
1211 1612 1240 1660 iu
1252 1612 1294 1661 bis
1305 1608 1418 1674 ageudnn

893 1682 1041 1744 existimet,
1054 1680 1123 1732 edeo
1137 1686 1169 1731 ut
1177 1686 1253 1732 certo
1265 1681 1338 1732 sedes
1347 1680 1418 1745 gentis
1468 1717 1469 1720 ,

894 1750 1073 1816 eiusdemque
1082 1752 1216 1816 originem
1225 1750 1418 1814 eonstituiposre
1468 1741 1469 1784 i

895 1826 986 1887 neget.
1012 1820 1160 1886 Equidem,
1176 1822 1203 1872 si
1221 1821 1377 1871 Herodotum
1389 1823 1418 1867 te·

895 1896 968 1942 stem
980 1890 1136 1955 primarium
1147 1906 1180 1941 ac
1195 1889 1351 1956 locupletem
1358 1886 1418 1953 sequi
1468 1923 1469 1954 3

895 1960 997 2027 placet,
1014 1975 1069 2010 nou
1080 1958 1170 2025 video,
1182 1976 1240 2026 quo
1253 1961 1309 2011 iure
1320 1960 1346 2009 in
1358 1957 1419 2007 Polo·

897 2031 944 2080 nia
956 2047 978 2081 s.
989 2030 1139 2081 Lithunnia
1150 2037 1201 2081 aut
1211 2029 1342 2096 Volhynia
1351 2027 1419 2078 etPo

896 2099 1418 2166 delinquaenuncrocatm,suenorum

897 2171 975 2221 sedes
992 2170 1086 2235 quaeri
1104 2170 1232 2235 possint,
1255 2169 1307 2220 niei
1322 2164 1419 2218 Herodo-

896 2244 954 2291 tum
980 2254 1089 2305 prorsus
1112 2239 1222 2305 lapsum
1247 2238 1316 2290 islso
1334 2236 1419 2288 tradere

898 2315 1020 2361 statues:
1044 2310 1136 2375 itaque
1161 2310 1257 2360 malim
1280 2307 1316 2359 ad
1333 2311 1420 2358 senen

896 2381 965 2431 tiam
978 2394 1069 2431 eorum
1082 2377 1231 2443 accedere,
1247 2380 1332 2445 quiin
1344 2376 1419 2443 guber·

302 2450 330 2498 in
349 2446 514 2498 occidentali
537 2452 615 2512 parte
635 2447 763 2512 guberuii
779 2450 848 2499 Sim·
896 2450 943 2500 nio
954 2450 1079 2501 Suratow
1094 2447 1307 2516 regionibusque
1317 2449 1420 2498 ediscen-

302 2518 388 2579 birsir,
401 2519 428 2568 iu
442 2517 649 2584 septentrionali
660 2524 740 2584 pertc
749 2518 849 2585 guber·
897 2520 970 2572 tibus
983 2520 1027 2572 rel
1041 2519 1256 2586 septentrionem
1265 2518 1308 2572 vei
1320 2516 1419 2570 oecider-

303 2590 341 2639 nii
355 2590 478 2639 Saratow
494 2588 704 2653 regionibusque
719 2592 808 2640 Pensa
820 2593 848 2640 et
897 2594 953 2641 tem
972 2605 1068 2641 versus
1086 2589 1210 2642 Budinos
1230 2591 1362 2642 habiturae
1379 2590 1420 2635 tit·

303 2659 442 2709 Tnmbou,
486 2659 557 2720 Quin
579 2658 689 2708 nomina
713 2659 847 2725 quaedam
898 2665 1073 2726 tuunt2quos
1087 2656 1421 2726 ipsosGer-manommsiu

303 2729 428 2791 subiicit,
450 2728 477 2778 in
491 2728 588 2794 quibus
602 2728 746 2794 antiquum
757 2732 848 2795 gentis
897 2746 941 2780 res
956 2745 1016 2781 esse
1028 2735 1226 2796 parentesque,
1245 2739 1276 2782 ut
1294 2730 1351 2782 olim
1362 2727 1420 2776 um

303 2815 399 2850 nomen
417 2798 505 2849 adbuc
524 2799 655 2863 cognosci
674 2806 767 2863 quent.
797 2800 848 2850 Co·
898 2805 992 2851 uertus
1004 2799 1047 2850 1.Ι.
1059 2800 1172 2865 otiique,
1184 2802 1228 2851 ita
1239 2816 1322 2866 nuper
1332 2795 1420 2864 perini-

303 2871 365 2919 rniis
380 2869 602 2934 (udiiippoorut.
628 2868 671 2918 Dc
687 2872 743 2920 aiir.
763 2885 806 2935 aq.
820 2874 848 2919 et
899 2885 971 2920 mum
990 2870 1053 2920 Car.
1072 2869 1186 2935 Heliing
1206 2872 1307 2931 (Wien.
1327 2865 1420 2919 Jahrbb·

302 2939 371 2989 loce.
384 2938 462 2988 T.11.
475 2936 850 3003 p.313)recuturssueschin-
899 2939 1002 2990 LXIII.
1014 2954 1040 3003 p.
1056 2939 1104 2990 tto
1117 2944 1144 2990 et
1156 2942 1183 2989 iu
1194 2940 1314 2991 Dissert.
1325 2938 1355 2988 de
1364 2937 1420 2985 dura

303 3009 377 3074 ginm
401 3009 525 3060 Tartaron
538 3008 697 3070 Bedriacos,
717 3011 763 3074 qui
777 3024 848 3060 nune
898 3014 980 3074 geute
991 3008 1169 3061 Budiuornm.
1181 3010 1302 3061 Berolin.
1322 3006 1387 3058 1834.
1400 3020 1420 3068 p·

302 3084 451 3137 vocantur,
468 3077 635 3127 Budinorum
651 3077 710 3128 vuit
723 3085 850 3144 posteros
901 3078 985 3130 1-40
994 3079 1239 3132 aecedenteKruse
1249 3081 1277 3130 in
1284 3076 1422 3136 Buesehing.

304 3162 373 3198 ease·
399 3146 567 3208 Quibuscum
580 3147 761 3212 conferenda,
780 3164 848 3215 quae
899 3148 1054 3200 Wiichentl.
1069 3147 1232 3204 Nechrioht.
1246 3149 1299 3212 1v,
1311 3151 1334 3198 i.
1346 3162 1369 3212 p.
1382 3142 1421 3194 258

303 3219 378 3281 prius
394 3216 428 3266 de
448 3214 490 3265 hia
508 3220 646 3266 statueret
662 3218 799 3269 Gutterer.
820 3220 849 3269 in
898 3218 1015 3284 seqiibb
1025 3234 1093 3283 eeq.,
1104 3219 1151 3285 qui
1165 3226 1192 3270 et
1209 3221 1268 3285 ipse
1280 3217 1420 3270 Budinorun

304 3287 406 3335 Comm.
418 3284 521 3335 Societ.
540 3284 615 3336 Gott.
629 3286 701 3336 Xiv.
722 3303 786 3354 pag.
804 3288 847 3351 ³3,
897 3290 976 3338 sedes
995 3288 1024 3337 iu
1041 3289 1187 3339 Germania
1210 3296 1238 3340 et
1255 3288 1368 3339 finitimis
1382 3284 1421 3333 Po

304 3361 332 3407 et
348 3353 502 3404 Dauvilliue
521 3352 612 3415 (Me‘m.
633 3354 847 3410 relucentes
899 3357 989 3408 loniee
1010 3358 1167 3424 regionibus
1183 3360 1279 3425 quaeri
1295 3355 1359 3417 vult)
1375 3366 1421 3418 pru

304 3425 451 3488 luserippt.
482 3424 591 3474 XXXV.
615 3440 679 3490 pag.
702 3428 755 3480 too
784 3427 847 3480 cotl.
899 3427 964 3479 bare
976 3427 1102 3489 student,
1118 3428 1166 3478 alii
1178 3444 1230 3494 pro
1239 3430 1320 3481 snm
1331 3425 1420 3477 habnt

304 3494 382 3559 580),
397 3494 445 3558 qui
456 3509 527 3559 quse
538 3494 572 3544 de
584 3494 698 3546 Budinis
714 3498 749 3548 ab
761 3498 849 3550 Hero-
900 3498 972 3549 iuter
990 3512 1058 3562 quoe
1080 3499 1207 3564 inprimis
1225 3495 1369 3549 Sebaffarik
1383 3491 1398 3541 Ι.
1407 3490 1420 3538 l·

304 3564 369 3615 doto
384 3570 411 3613 et
426 3563 478 3614 hoc
495 3563 555 3613 loco
573 3568 601 3614 et
616 3566 789 3630 potissimum
808 3569 848 3618 in·
899 3584 927 3633 p.
949 3568 998 3619 189
1011 3583 1103 3634 seqq,
1118 3567 1262 3619 Eicbvrald
1282 3568 1300 3618 l.
1314 3565 1331 3617 1,
1343 3581 1366 3630 p.
1382 3557 1421 3610 273

303 3635 347 3685 ire
359 3635 406 3697 IV,
421 3633 470 3684 108
483 3634 650 3698 reseruntur,
661 3639 772 3704 egregie
784 3654 849 3689 oon·
899 3653 967 3704 aeq,
980 3638 1082 3689 Krnse:
1096 3638 1294 3705 Urgesohichte
1307 3636 1331 3686 d.
1344 3630 1422 3683 Ertin.

302 3705 396 3756 venire
415 3704 554 3755 existimat
571 3720 632 3755 euru
650 3705 700 3767 iis,
717 3723 787 3772 quoe
807 3724 849 3759 re-
898 3707 1094 3760 Volirsstumm.
1108 3723 1136 3772 p.
1148 3710 1200 3761 256
1211 3723 1279 3773 seq,
1297 3705 1372 3756 (trote
1384 3696 1422 3748 bb

302 3775 438 3828 centiorcs
456 3774 672 3839 peregrinatores
689 3775 722 3827 de
742 3778 849 3829 Circes·
899 3777 942 3828 Tu
954 3778 991 3828 oi.
1011 3778 1092 3828 etiem
1111 3792 1181 3843 quae
1199 3778 1237 3828 ud
1248 3777 1300 3838 IV,
1315 3774 1358 3825 107
1373 3767 1424 3819 effe·

302 3847 403 3897 riorum
422 3846 578 3911 regionibus
602 3850 631 3897 et
654 3851 728 3896 terr-u
748 3848 849 3898 Kubau
898 3852 1008 3898 runtnr:
1020 3847 1072 3898 hoo
1082 3847 1143 3898 loeo
1153 3847 1180 3898 id
1190 3862 1274 3897 unum
1283 3834 1423 3905 uddo,qu⁰<l

301 3916 445 3967 memoriae
463 3914 641 3980 prodiderint.
670 3916 711 3967 rid
730 3916 849 3969 Caucasi
898 3918 983 3968 Zeuss
1001 3917 1066 3981 (Die
1083 3917 1216 3968 Deuteoh.
1235 3933 1262 3967 u.
1279 3916 1335 3966 ihre
1351 3905 1423 3986 M:

301 3988 426 4051 regiones
444 3992 499 4035 tum
513 3989 593 4035 erunt
612 3984 752 4051 relegendi
764 3986 848 4038 Budi-
899 3986 984 4037 berst.
998 4002 1026 4051 p.
1041 3986 1103 4050 703)
1119 3988 1278 4053 suspicatus
1291 3990 1345 4045 est,
1358 3977 1422 4031 uud-

302 4056 344 4103 ni:
357 4054 580 4119 quemadmodum
590 4054 654 4105 olim
663 4057 849 4122 quoqueBay·
898 4071 949 4106 nos
962 4072 1016 4107 non
1028 4056 1098 4108 aiios
1111 4072 1171 4109 esse
1184 4056 1272 4108 videri
1291 4060 1367 4118 atque
1378 4061 1422 4105 2⁰⁸2

302 4138 364 4173 erus
392 4124 530 4174 volueret:
557 4122 629 4189 quod
656 4126 690 4175 eb
713 4126 848 4177 Herodoti
900 4126 948 4190 qui
966 4127 1110 4193 postmodo
1129 4125 1208 4177 Aleni
1226 4128 1367 4181 vocantur,
1390 4116 1422 4166 in·

301 4192 392 4243 verbis
412 4191 573 4257 longissime
588 4193 683 4245 abesse
701 4210 780 4247 nemo
793 4211 847 4247 non
899 4194 986 4260 deque
1000 4196 1035 4246 ad
1046 4211 1094 4248 ene
1106 4195 1237 4262 Scythiae
1251 4199 1343 4259 genten
1356 4192 1422 4265 peti}-

300 4261 390 4323 videt,
417 4263 451 4313 nd
479 4276 548 4327 quae
575 4263 686 4327 propius
710 4266 846 4317 accedens
897 4280 969 4328 nere,
986 4254 1421 4331 quaeartirpe-Pemicar.ited1·

300 4328 473 4382 musonii.
487 4346 549 4397 pug.
566 4333 600 4382 52
613 4331 675 4382 coll.
694 4334 745 4385 174
763 4335 847 4386 Budi-
894 4350 928 4384 ee
939 4339 994 4385 sint
1004 4337 1178 4403 repetendae
1199 4326 1420 4386 Satiebabnihuet

301 4416 413 4461 norum,
426 4416 494 4466 quos
504 4415 554 4465 pro
567 4401 663 4452 Turcis
680 4418 701 4453 s.
718 4404 844 4457 Turtaris
896 4404 1032 4456 indicare:
1050 4405 1084 4456 de
1101 4405 1200 4471 quibus
1211 4403 1322 4455 liberum
1338 4397 1418 4460 ,nique

299 4470 396 4538 hebet,
415 4470 494 4522 sedes
510 4470 602 4522 iudea
615 4473 748 4538 gubernio
762 4475 844 4526 Sera-
894 4474 932 4526 sit
942 4475 1083 4529 iudicium.
1099 4478 1146 4527 Cr.
1161 4474 1280 4526 oonierri
1291 4468 1419 4523 vuirunt
