3042 5125
287 383 348 446 542
726 389 993 452 HERODO'PI

223 576 378 648 Ιδῧόνων
398 577 508 667 πάγχυ
530 577 613 649 κατὰ
629 578 740 668 χώρην
755 578 894 668 ἤλπιζον
911 579 989 661 τούς
1001 585 1134 668 Πέρσας
1153 582 1245 650 εἶναι.
1275 578 1394 670 Ἡμέρρς

287 684 323 750 δὲ
338 685 517 771 γενομένης
531 683 667 772 γνόντες
686 690 721 751 οἱ
739 681 1019 771 ὑπολειφθέντες,
1043 680 1086 763 ὡς
1099 688 1328 773 προδεδομένοι
1341 685 1394 754 εἶεν

286 782 352 854 ὑπό
367 795 531 875 Δαρείου,
547 786 658 874 χεῖράς
671 815 706 855 τε
721 796 952 876 προετείνοντο
967 804 1053 857 τοῖσι
1065 788 1222 876 Σκύθῃσι
1235 791 1288 857 uui
1301 797 1396 876 ἔλεγον

286 887 325 957 τὰ
340 888 534 979 κατήκοντα.
565 896 599 960 oi
610 891 647 959 δὲ
666 886 709 970 ὡς
725 887 874 980 ἥκουσαν
889 895 1011 978 ταῦτα,
1032 888 1094 979 τὴν
1105 900 1262 979 ,ταχίστην
1275 913 1394 978 συστρα·

287 995 422 1078 φέντες,
443 1000 481 1063 αἲ
500 1021 535 1063 τε
555 993 616 1063 δύο
637 1010 749 1082 μοῖραι
764 1000 832 1064 τῶν
845 997 1014 1064 Σκυθέων
1028 996 1085 1063 καὶ
1104 990 1125 1082 ἡ
1145 994 1227 1082 μετὰ
1242 1004 1395 1084 Σαυρομα-

288 1099 443 1181 τέωνκαὶ
456 1102 616 1168 Βουδῖνοι
630 1100 687 1167 καὶ
702 1101 865 1184 Γελωνοὶ,
887 1101 1029 1169 έδίωκον
1048 1096 1126 1177 τοὺς
1140 1101 1273 1186 Πέρσας
1287 1098 1341 1169 ceo*
1352 1103 1397 1166 του

279 1197 419 1288 Ἴστρου.
455 1198 513 1270 ἅτε
542 1202 578 1271 δὲ
605 1206 665 1273 τοῦ
685 1206 856 1287 Περσικοῦ
874 1202 937 1290 μὲν
964 1207 1025 1271 τοῦ
1045 1205 1172 1270 πολλοῦ
1192 1201 1302 1283 ἐόντος
1320 1204 1398 1286 πεζοῦ

287 1308 431 1392 στρατοῦ
453 1302 579 1384 καὶτὰς
596 1300 773 1386 δδοδςοόκ
789 1308 1026 1394 ἐπισταμένου,
1048 1301 1132 1374 ὥστε
1153 1301 1196 1374 οὐ
1214 1310 1398 1395 τετμημένων

287 1412 355 1475 τῶν
368 1402 474 1490 ὁδῶν,
497 1413 557 1476 τοῦ
572 1409 608 1477 δὲ
623 1413 803 1479 Σκυθικοῦ
817 1407 961 1477 ίππότεω
983 1409 1038 1477 καὶ
1051 1405 1091 1476 τὰ
1103 1405 1254 1499 σύντομα
1272 1415 1325 1498 τῆς
1336 1404 1398 1476 ὁδου

286 1607 388 1659 locatio
397 1604 468 1658 κατὰ
478 1603 572 1675 χτόρην
581 1637 609 1646 -
622 1602 704 1675 εἴναι,
716 1626 766 1661 nec
776 1609 831 1660 uilo
880 1606 1014 1672 simulque
1034 1607 1124 1682 abieci
1139 1605 1266 1658 voculam
1279 1618 1318 1667 τε,
1337 1617 1398 1668 quan

288 1679 367 1728 modo
380 1677 563 1732 sollicitanda.
590 1680 633 1729 Cf.
647 1681 698 1746 111,
720 1681 768 1730 1:35
781 1680 831 1729 ibi·
880 1682 944 1742 post
962 1676 1145 1741 Σαυρομαται
1168 1692 1184 1727 e
1204 1676 1306 1726 Paurrii
1331 1673 1399 1722 conie-

879 1751 955 1796 ctura
965 1752 1127 1811 receperent
1135 1744 1399 1809 Schweighaeuseret

288 1763 338 1812 que
360 1748 452 1799 iandd.
479 1749 582 1812 Steger.
610 1750 678 1800 citat
704 1749 828 1814 Xenoph.

879 1815 1017 1866 Gaisiord.
1040 1815 1158 1878 Scythae
1169 1816 1254 1881 igitur
1265 1813 1338 1876 (haec
1345 1813 1398 1863 enin

288 1818 375 1867 Anah.
389 1818 416 1879 1,
434 1820 468 1874 5,
492 1820 529 1869 17.
557 1818 597 1869 Ad
617 1807 733 1884 ἤλπιζον
755 1819 828 1869 coni.

290 1887 346 1948 111,
371 1888 413 1937 151
441 1888 534 1954 ibique
554 1896 621 1939 nott.
657 1891 753 1954 ltaque
776 1888 829 1938 ioci

288 1960 425 2006 sententia
444 1958 510 2009 haec
524 1966 578 2008 eat:
600 1960 708 2022 δόμεναι
725 1959 767 2008 ubi
778 1962 829 2008 σιτ·-

288 2044 334 2078 uor
357 2030 490 2079 clmauutea
511 2032 675 2088 auriiceruut,
700 2029 829 2078 admodum

288 2097 477 2157 aristarchum,
499 2100 594 2149 Persas
614 2117 660 2150 arro
680 2103 733 2148 ioco
748 2098 831 2147 adhuc

288 2183 344 2216 ease
359 2183 378 2216 s.
391 2171 521 2218 ruunsr'sac.

445 2339 511 2389 Cae.
532 2338 678 2389 CXXXVI.

323 2433 416 2503 ἔλεγον
434 2433 468 2490 τὰ
485 2432 654 2505 κατήκοντα]
679 2441 699 2491 i.
714 2458 736 2490 e.
761 2443 830 2490 dice·

287 2512 360 2570 dani,
381 2528 446 2578 quoe
463 2525 514 2574 por
529 2520 644 2562 eruscos
663 2512 762 2570 dicere,
783 2510 829 2575 qui

287 2582 315 2631 in
325 2581 375 2630 tali
390 2598 477 2632 rerum
489 2586 564 2632 statu
574 2587 728 2633 versantur.
750 2580 829 2631 Ocni.

289 2652 311 2713 1,
322 2653 355 2703 97
370 2653 461 2718 ibique
476 2656 546 2702 nott.
560 2653 594 2715 V,
609 2652 650 2703 40.
668 2652 706 2714 11,
722 2650 779 2702 ror.
797 2675 829 2685 -

289 2723 383 2785 χεῖρας
407 2720 601 2784 προετείνοντο
629 2721 718 2771 medio
746 2719 829 2769 verbo

287 2806 353 2841 usus
370 2792 439 2843 dixit
451 2794 564 2854 Noster,
583 2793 630 2857 qui
649 2791 715 2854 v11,
733 2789 784 2840 233
802 2789 830 2837 in

288 2860 380 2911 eadem
400 2862 538 2913 locutione
555 2863 676 2912 activum
694 2859 829 2921 adhibuit,

287 2946 341 2994 quo
353 2932 435 2981 etiam
447 2930 598 2996 Xenophon
607 2946 673 2981 unus
684 2935 728 2981 cst
739 2930 768 2979 in
780 2928 831 2993 Cy·

288 3000 398 3064 ropaed.
410 3003 457 3063 IV,
470 3004 497 3062 2,
513 3001 544 3052 111
556 3000 616 3052 coil.
628 3001 674 3057 lv.
685 3003 711 3062 2,
729 3000 769 3049 17.
781 2997 828 3059 v1,

286 3068 311 3131 3,
330 3068 368 3119 13.
387 3096 418 3105 -
437 3071 469 3119 In
487 3085 561 3135 seqq.
582 3074 646 3134 post
658 3061 828 3132 συστραφέν·

286 3152 330 3192 τες
344 3138 373 3197 (i.
390 3154 412 3188 e.
429 3142 508 3203 copiis
520 3143 638 3199 collectis,
651 3144 676 3189 in
689 3156 759 3189 υαιαιι
771 3153 830 3190 eoa·

286 3209 390 3265 inierim
407 3208 443 3257 ci.
457 3208 479 3271 1,
498 3209 543 3258 101
562 3209 629 3273 ibiq.
641 3213 710 3258 nott.
725 3208 771 3271 lx,
788 3207 829 3271 18)

286 3275 416 3326 continuo
433 3278 558 3342 sequitur
576 3274 611 3325 αἴ
622 3291 650 3327 τε
662 3268 714 3326 δίο
732 3305 764 3312 -
781 3272 829 3325 ναὶ

286 3334 389 3408 ἡμετᾶ
409 3340 613 3411 Σαυροματέων
635 3342 683 3395 ard
697 3344 829 3395 Βουδῖνοι

285 3410 333 3462 καὶ
349 3413 470 3464 Γελωνοί
483 3409 614 3465 έδι’ωκον;
625 3430 680 3481 qua
689 3421 830 3467 structura

285 3498 394 3534 aeneum
411 3487 498 3552 magis
516 3486 680 3552 respiciente
692 3501 773 3551 quam
785 3500 830 3550 ge·

284 3569 335 3603 nus
357 3558 563 3621 grammaticum
581 3555 655 3606 haud
674 3558 770 3621 utique
788 3555 829 3604 oi-

284 3622 427 3676 iendimur.
467 3626 538 3678 Sunt
566 3641 631 3676 vero
662 3623 698 3674 αἴ
724 3639 752 3674 τε
777 3615 829 3673 oio

284 3699 376 3758 partes
405 3695 487 3761 iliae,
523 3696 620 3762 quibus
648 3694 828 3758 ldsnthyraus

285 3769 312 3813 et
335 3765 455 3818 Taxacis
476 3766 664 3831 imperabant,
691 3763 747 3815 rid.
765 3780 826 3829 cap.

287 3833 349 3894 12ος
369 3826 387 3899 ἡ
404 3828 474 3900 μετὰ
486 3829 693 3899 Σαυροματέων
707 3832 755 3883 iiia
776 3839 827 3891 est,

284 3905 329 3954 cui
347 3912 476 3968 praeerat
494 3905 622 3971 Scopasis
640 3904 739 3968 cuique
760 3903 828 3953 San·

284 3979 405 4025 romatue
420 3980 610 4035 accesserant,
624 3979 695 4025 teste
706 3972 827 4023 Herodo-

285 4047 313 4091 to
322 4059 382 4108 cap.
394 4046 441 4095 120
450 4045 512 4095 coli,
524 4043 647 4096 132128.
665 4043 768 4123 Scripsi
780 4058 828 4092 au·

284 4116 337 4160 tem
348 4128 409 4162 curn
425 4119 537 4165 recentt.
556 4115 615 4164 edd.
635 4104 653 4177 ἡ
672 4126 740 4176 μετα
754 4110 828 4160 Σαυ-

284 4177 440 4244 ροματέων,
464 4187 495 4232 ut
516 4199 599 4247 supra
616 4184 669 4241 IV,
695 4181 744 4231 128
764 4181 828 4247 legi-

881 1884 1014 1935 Herodoti
1027 1885 1209 1936 videturesse
1221 1883 1358 1945 metentis)
1369 1896 1400 1929 co·

880 1955 933 2019 piis
951 1956 1009 2005 suis
1022 1955 1178 2005 coniunctis
1197 1953 1296 2019 (tribua
1308 1950 1399 2017 Scytha·

881 2040 938 2074 rum
952 2025 1077 2088 partibus
1087 2030 1115 2074 et
1126 2025 1354 2083 Sauromatarum,
1363 2021 1401 2069 Bu·

880 2094 1019 2156 diuorum,
1045 2093 1211 2144 Gelonorum
1229 2094 1327 2158 copiis,
1349 2103 1401 2155 quse

881 2164 916 2213 sd
928 2163 1046 2228 Scythae
1064 2163 1253 2226 accesserant)
1269 2164 1358 2212 Persas
1371 2175 1400 2209 re·

880 2235 926 2283 cta
944 2233 1044 2283 Istrum
1065 2249 1161 2284 versas
1181 2235 1310 2299 persequi
1327 2243 1401 2295 coepe

879 2306 951 2354 runt.
981 2304 1050 2353 Nam
1074 2303 1103 2353 in
1126 2304 1289 2368 imperfecto
1307 2292 1402 2350 ε’δίυνω

879 2371 975 2423 subest
986 2373 1029 2421 vis
1043 2373 1160 2423 actionis
1173 2374 1300 2438 inceptae
1311 2369 1401 2422 necdum

881 2441 1033 2492 absolutae.

915 2502 984 2560 ὥστε
1005 2500 1040 2559 οὐ
1060 2504 1241 2575 τετμημένων
1263 2508 1316 2560 τῶν
1336 2498 1402 2572 itas]

879 2581 1032 2663 Bredovius
1046 2581 1161 2646 corrigit
1178 2597 1206 2646 p.
1229 2584 1278 2634 221
1298 2592 1401 2643 τετμημι

879 2650 1402 2785 tidrduttussttttu‚tit

883 2790 941 2842 106.
966 2791 1031 2855 Ipsa
1048 2790 1130 2841 verba
1142 2790 1279 2841 Herodoti
1292 2789 1402 2849 Schweig-

880 2860 1029 2911 hseuscrus
1051 2861 1091 2909 sic
1111 2859 1247 2910 reddidit:
1275 2868 1353 2924 νιμυιε
1370 2858 1403 2905 ciis

880 2941 929 2982 uon
939 2933 1021 2989 tritta·
1033 2930 1188 2980 accuratius
1202 2930 1274 2980 idam
1284 2932 1312 2979 in
1323 2926 1402 2978 benico

880 2999 1009 3050 Herodot.
1017 3000 1054 3049 11.
1069 3013 1095 3064 p.
1104 2998 1168 3050 313:
1179 3017 1273 3065 ,ραιαα
1284 3003 1403 3050 nonarum

881 3069 1010 3132 (stratae,
1025 3069 1164 3134 signatae,
1183 3068 1323 3131 definitae)
1340 3072 1403 3117 ειττυ

880 3142 965 3189 νίαι.“
991 3140 1081 3204 Atque
1098 3138 1170 3188 huno
1184 3138 1213 3188 in
1228 3139 1332 3189 modurn
1344 3138 1401 3186 recte

879 3207 947 3258 haec
962 3207 1046 3258 verba
1067 3208 1120 3257 iam
1134 3208 1330 3274 Weaaeiingius
1340 3203 1400 3254 intel·

879 3276 963 3340 texit,
985 3276 1087 3328 haecce
1100 3276 1274 3329 adscribena:
1300 3274 1401 3340 „Primo

880 3347 936 3399 rius
955 3348 1077 3397 Exercit.
1094 3362 1119 3411 p.
1141 3348 1175 3396 22
1194 3351 1305 3406 inciaco,
1321 3347 1345 3395 id
1363 3348 1401 3401 est,

878 3415 1402 3549 r;r”erruu¹:fr,⁰:rruur.

881 3554 1022 3619 donicum,
1041 3558 1087 3606 rix
1098 3555 1203 3606 habuit.
1227 3558 1270 3606 De
1281 3552 1401 3606 Archelao·

879 3625 1059 3675 Macedonum
1077 3639 1151 3690 roge,
1171 3625 1296 3691 Thucyd.
1313 3624 1355 3673 lib.
1373 3619 1400 3668 11.

882 3691 1006 3745 10οτκα1
1021 3685 1109 3751 ὁδοδς
1124 3689 1243 3752 εὐθείας
1255 3688 1335 3758 ἔτεμε.
1356 3691 1403 3752 Qua

880 3763 989 3828 quidem
999 3765 1027 3814 in
1039 3764 1145 3814 riarum
1156 3766 1307 3816 munitione
1315 3758 1403 3825 τέμνειν

879 3840 908 3884 et
937 3822 1103 3898 ἀνατέμνων
1130 3834 1203 3900 apud
1232 3834 1334 3884 Philon.
1357 3826 1402 3879 lud.

878 3900 1402 4037 iiiii’piiduiffidii‘hiiiiii

878 4042 962 4108 igitur
977 4042 1039 4093 vias
1054 3990 1195 4119 fpziendas
1214 4044 1329 4107 pertinet
1341 4037 1399 4087 locu·

879 4112 919 4161 tio
935 4105 1043 4175 τέμνειν
1062 4104 1161 4173 odorio,
1183 4127 1263 4178 quam
1280 4106 1401 4161 acceden-

878 4181 921 4231 dis
932 4180 1029 4232 orbitis
1038 4182 1138 4246 repetit
1143 4181 1254 4233 Curtius
1260 4183 1333 4245 (Vom
1339 4176 1402 4237 Wag-

284 4264 343 4299 rnus
358 4244 409 4314 τὴν
424 4244 493 4314 μετὰ
509 4246 714 4315 Σαυροματέων
725 4253 828 4316 μοῖραν
879 4250 933 4300 bau
957 4254 1009 4301 etc.
1033 4252 1074 4301 iu:
1100 4250 1247 4302 abhandll.
1269 4250 1295 4301 d.
1317 4243 1399 4298 Berlin·
1453 4282 1454 4291 ι

283 4318 449 4382 ταχθεῖσαι,
467 4320 550 4386 vulgo
560 4321 630 4370 enim
646 4320 734 4371 editur
748 4312 827 4386 ἡμιά
878 4319 1010 4370 Akadem.
1022 4321 1098 4371 1854.
1115 4337 1177 4387 pag.
1192 4319 1265 4385 222),
1278 4313 1398 4382 siquidem

284 4381 479 4454 Σαυρομάται,
499 4392 578 4440 cuius
604 4389 754 4456 ioeo'quod
774 4391 827 4440 duo
878 4390 943 4440 solio
963 4390 1061 4441 orbitis
1081 4392 1111 4440 in
1131 4390 1249 4455 lapidem
1267 4388 1342 4440 sectis
1356 4380 1397 4446 pie

283 4458 490 4512 codd.aii'erunt
504 4454 722 4524 Σαυροματέων,
735 4460 827 4525 recepi
877 4474 990 4525 rumque
1011 4459 1177 4511 Graecorum
1201 4461 1264 4512 viae
1285 4456 1398 4523 plaustra
1453 4522 1454 4525 Ἴ
