3042 5125
274 393 335 454 τοι
661 392 1014 487 excussurum

272 575 481 654 ἀναβάλλεσθαι
501 575 606 652 ἡμέραν
620 576 648 649 ἐξ
663 569 767 652 ἡμέρας
781 577 928 651 φάσκοντα
947 583 1028 645 σκιᾶς
1047 578 1074 636 εἰ
1093 575 1252 655 ἐπιλάβοιτο
1266 576 1296 635 ἓν
1309 583 1347 653 τῷ
1364 600 1404 636 τε-

271 665 345 736 μένει
357 669 406 721 τοῦ
420 660 588 738 Ὀλυμπίου,
610 668 710 734 δείξειν
725 662 778 737 τὴν
793 665 931 738 ΐοτορίαν·
954 662 1011 722 ἐστὶ
1026 662 1078 736 γὰρ
1093 667 1192 729 δεινῶς
1210 661 1361 735 προσήλιον
1374 662 1403 721 τὸ

270 755 387 822 χωρίον·
402 750 504 806 ἔλαθεν
518 742 570 807 οὖν
584 746 671 807 αὐτὸν
685 753 852 808 διαλυθεῖσα
865 747 883 823 ἡ
897 749 1053 823 πανήγυρις
1068 745 1119 805 οὖα
1133 746 1346 820 ἐπιδειξάμενον
1358 748 1404 814 τὰς

270 834 404 906 [πορίσας
422 855 472 890 nec
486 838 510 890 si
527 839 590 909 quis
604 838 713 891 maxime
731 838 773 891 vel
790 839 852 892 hinc
866 838 985 906 colligat,
1002 837 1104 890 finitam
1119 843 1176 890 tum
1192 836 1257 889 eius
1270 836 1404 890 historiam

271 923 375 993 luisse,
397 930 502 992 tempus
517 923 600 976 huius
616 922 787 976 recitationis
804 928 928 990 coarctat,
950 938 1031 992 quam
1046 923 1093 994 qui
1109 922 1193 991 vulgo
1209 938 1236 973 a.
1253 924 1305 975 456
1320 923 1404 990 assig-

272 1014 340 1060 nant
353 1007 462 1079 (Heyse
477 1027 503 1078 p.
519 1008 576 1075 26),
593 1007 703 1062 suidam
717 1008 821 1075 secati,
837 1026 870 1061 ax
884 1007 1055 1074 Thucydidis
1072 1006 1259 1060 adolescentis
1275 1005 1405 1059 auditoris

271 1098 361 1145 aetate
377 1092 497 1146 calculos
512 1093 626 1159 ducunt,
642 1093 699 1163 qui,
716 1092 740 1145 si
756 1093 864 1146 omnino
883 1109 936 1145 non
954 1093 1097 1145 recitatam
1111 1100 1163 1159 est,
1181 1109 1217 1144 nc
1233 1090 1332 1143 audire
1348 1092 1403 1161 qui·

271 1177 330 1229 dem
347 1176 490 1247 Olympiae
501 1177 671 1231 Herodotum
686 1177 792 1247 potuit3
816 1196 850 1230 au
871 1178 923 1231 hoc
938 1176 1033 1230 saltem
1051 1184 1128 1229 extra
1144 1176 1347 1229 dubitationem
1360 1194 1404 1246 po

271 1262 354 1314 situm
374 1268 435 1328 est,
457 1268 520 1315 ante
540 1281 565 1314 a.
583 1267 634 1315 444
655 1262 727 1315 illam
749 1262 937 1316 recitationem
952 1261 1069 1315 habitam
1084 1279 1162 1328 ease,
1185 1261 1255 1332 quia
1271 1260 1323 1313 boc
1337 1279 1404 1313 anno

269 1345 393 1399 Thurios
408 1347 515 1399 colonia
531 1346 649 1399 deducta
663 1355 720 1415 est,
743 1347 823 1400 cuius
845 1348 985 1417 particeps
1000 1346 1162 1401 Herodotus
1182 1345 1322 1417 reliquam
1336 1353 1404 1399 aeta·

269 1438 323 1483 tem
338 1431 366 1483 iu
381 1431 461 1484 ltalia
477 1431 557 1501 egitl
580 1431 626 1484 sic
645 1439 674 1485 et
693 1432 775 1485 bodie
794 1431 871 1485 multi
892 1439 1020 1486 statuunt
1037 1439 1065 1486 et
1084 1432 1158 1485 inter
1171 1431 1306 1501 antiquos
1320 1431 1403 1484 Ense-

269 1514 333 1569 bius
347 1516 481 1569 statuisse
497 1516 622 1584 videtur,
638 1517 686 1586 qui
701 1517 807 1570 etiamsi
824 1534 878 1570 nou
892 1516 1044 1589 Olympiae,
1060 1522 1149 1570 tamen
1167 1516 1289 1569 Athenis
1306 1515 1349 1567 ΟΙ.
1364 1516 1403 1581 83,

269 1603 286 1655 3
305 1623 349 1654 ·..-.
364 1604 415 1655 446
437 1601 608 1655 Herodotum
629 1602 765 1655 recitasse
787 1608 897 1670 namet,
919 1619 974 1673 qua
1002 1603 1165 1656 recitatione
1192 1602 1218 1653 si
1247 1606 1297 1653 aut
1323 1606 1403 1652 totam

270 1703 340 1756 opus
364 1691 413 1738 aut
434 1687 545 1740 tertium
565 1692 640 1739 certe
659 1687 720 1740 eius
740 1686 840 1740 librum
860 1687 1111 1756 comprehenderit,
1134 1694 1178 1739 sat
1192 1703 1264 1738 sane
1278 1685 1403 1755 temporis

269 1771 424 1841 superfuit,
447 1789 502 1842 qao
517 1771 668 1842 Sophocles
689 1772 771 1825 huius
794 1789 885 1825 curam
900 1774 928 1825 iu
945 1790 1022 1825 suam
1037 1772 1156 1825 fabulam
1170 1772 1331 1824 transferre
1344 1787 1401 1840 pos·

269 1862 322 1909 set.
353 1856 389 1908 At
410 1857 480 1910 enim
506 1857 569 1909 huic
590 1873 699 1927 quoque
721 1855 765 1910 vel
785 1857 942 1910 testimonio
964 1857 1007 1910 vel
1029 1856 1236 1910 ratiocinationi
1258 1871 1401 1926 quaecum

268 1941 360 2011 aliqua
379 1949 454 1995 carte
476 1941 669 2011 probabilitate
684 1941 785 2011 opponi
808 1948 942 2011 possunt,
966 1942 1104 2014 usquein
1127 1941 1277 2012 superiore
1292 1938 1401 2010 epistola

267 2026 366 2079 reticui
391 2043 480 2098 neque
503 2044 576 2080 nunc
597 2027 714 2079 reticere
737 2043 864 2097 possum,
888 2032 1030 2096 postquam
1051 2028 1157 2080 diutins
1177 2043 1285 2079 mecum
1306 2025 1401 2093 agitata

268 2112 347 2164 etiam
371 2111 472 2165 maiore
496 2111 687 2182 persuasionis
712 2111 835 2181 pondere
860 2112 1014 2165 confirmari
1039 2112 1119 2165 iussi.
1157 2111 1263 2164 Exstat
1284 2109 1400 2163 nimirum

268 2195 343 2249 aliud
358 2212 468 2267 quoque
484 2196 655 2250 recitationis
671 2196 778 2248 Atticae
798 2196 984 2249 testimonium
1007 2197 1079 2266 apud
1094 2195 1273 2249 Plutarchum
1289 2195 1331 2248 De
1351 2210 1399 2245 ma-

267 2279 335 2348 lign.
351 2281 486 2334 Herodoti
502 2300 526 2334 c.
549 2286 597 2348 26,
622 2281 702 2334 cuius
717 2281 783 2334 haec
799 2281 884 2334 verba
899 2288 980 2334 sunt:
996 2275 1073 2336 Ἀλλὰ
1093 2275 1176 2335 τοῦτο’
1192 2299 1225 2350 γε
1247 2281 1353 2353 βοηθεῖ
1367 2279 1400 2348 τῷ

262 2358 403 2438 Ἡροδότῳ
421 2360 490 2434 πρὸς
509 2361 617 2435 ἐκείνην
637 2361 689 2436 τὴν
706 2360 859 2438 διαβολὴν,
881 2358 917 2436 ἢν
934 2362 988 2436 ἔχει
1009 2362 1181 2428 αολαιιεδσαέ
1200 2360 1269 2427 τοὺς
1281 2360 1398 2434 Ἀθηνᾶν’·

266 2468 331 2520 ους,
347 2443 480 2520 ἀργύριον
491 2445 561 2505 πολι)
576 2452 670 2523 λαβεῖν
683 2444 751 2520 παρ’
767 2444 869 2505 αὐτῶν.
904 2448 940 2504 Ε]
955 2447 1008 2521 γὰρ
1023 2445 1132 2522 ἆνέγνα
1143 2444 1225 2506 ταῦτ’
1239 2445 1397 2521 Ἀθηναίοις,

266 2527 318 2590 οὖν
334 2527 370 2591 ἂν
385 2536 482 2591 εἴασαν
503 2529 568 2591 οὐδὲ
582 2537 722 2606 περιεῖδον
742 2575 812 2591 ....
830 2528 874 2591 ὅτι
890 2533 983 2606 μέντοι
1003 2534 1070 2593 δέκα
1084 2533 1206 2594 τάλαντα
1222 2531 1330 2606 δωρεὰν
1343 2531 1398 2589 ha·

266 2623 315 2694 βεν
331 2617 359 2690 ἐξ
372 2615 498 2691 {thurcis
513 2615 624 2677 Ἀνύτου
645 2616 676 2676 οδ
697 2618 830 2693 ψήφισμα
848 2618 1021 2694 γράψαντος,
1045 2616 1116 2695 ἀνὴρ
1128 2617 1279 2692 Ἀθηναῖος
1300 2614 1333 2675 οὗ
1347 2620 1397 2673 τῶν

264 2705 498 2778 παρημελημένων
511 2702 541 2762 ἓν
557 2704 661 2782 ἰατορίᾳ
678 2710 795 2770 Δίυλλος
811 2707 939 2777 alonem
960 2708 1000 2760 ita
1018 2710 1088 2761 enim
1110 2708 1259 2778 legendum
1274 2725 1335 2760 esse
1349 2720 1394 2774 pro

267 2793 342 2862 vulg.
366 2793 428 2846 olim
451 2785 532 2848 oivcl
553 2794 615 2847 τοῦ
636 2787 668 2848 ιδ
691 2782 826 2863 ψήφισμα
848 2799 951 2845 certum
973 2799 1030 2846 est:
1053 2795 1164 2847 confusi
1182 2793 1270 2862 Anyti
1287 2788 1395 2845 nominis

264 2876 317 2931 alia
333 2896 444 2949 quoqne
460 2879 582 2948 exempla
597 2885 707 2931 enatam
723 2878 796 2948 apud
811 2877 882 2930 Plat.
900 2877 974 2930 hlen.
990 2895 1054 2947 pag.
1067 2879 1134 2934 9οΑ
1150 2886 1178 2931 et
1194 2878 1270 2948 apud
1281 2878 1394 2943 Lycurg.

264 2963 328 3015 adr.
344 2965 442 3017 Leocr.
458 2969 484 3030 ς.
503 2967 561 3032 146,
577 2964 624 3016 ubi
643 2969 774 3034 corrupta
788 2962 869 3017 lectio
883 2956 915 3017 τὸ
929 2956 997 3017 αὐτὸ
1013 2951 1148 3034 ψήφισμα
1163 2980 1217 3015 uon
1234 2963 1264 3015 in
1278 2954 1344 3016 adad
1357 2950 1394 3021 cd,

264 3048 315 3100 sed
329 3048 357 3101 in
377 3043 409 3103 τὸ
422 3041 534 3103 Ἀνύτον
551 3043 685 3118 ψήφισμα
701 3048 830 3101 mutanda
851 3054 909 3101 est:
932 3081 969 3092 -
987 3050 1065 3120 atqrri
1080 3050 1154 3102 hrrnc
1168 3048 1261 3117 ipsum
1276 3047 1393 3113 Anytus,

264 3133 343 3184 cuius
356 3140 384 3185 et
399 3134 471 3185 iuter
482 3132 651 3201 Thrasybuli
667 3134 758 3186 socios
774 3132 801 3185 iu
818 3132 990 3186 restituendo
1003 3133 1170 3187 Athenarum
1185 3131 1301 3202 imperio
1315 3143 1392 3199 popu·

263 3213 315 3268 lari
330 3224 358 3269 et
372 3217 446 3269 inter
460 3217 583 3269 Socratis
599 3219 800 3271 accusationem
817 3218 981 3289 praecipuae
1002 3226 1097 3288 portes
1119 3226 1216 3285 erant,
1241 3218 1287 3269 rix
1304 3211 1391 3267 verisi-

262 3300 323 3354 mile
339 3309 396 3369 est,
419 3302 471 3354 iam
489 3301 672 3372 quadraginta
694 3302 810 3374 amplius
833 3303 916 3356 annis
937 3304 1071 3356 antehoc
1092 3302 1235 3373 potentiae
1250 3297 1389 3367 fastigium,

263 3402 318 3458 quo
335 3386 443 3456 Olymp.
459 3391 493 3442 94
510 3404 578 3440 usus
596 3395 654 3458 est,
677 3395 727 3440 aut
741 3388 850 3441 omniuo
869 3387 1036 3456 reipublicae
1059 3405 1167 3459 operam
1181 3386 1293 3439 dedisse
1307 3389 1349 3436 aut
1362 3379 1390 3432 el

262 3473 353 3540 gratia
369 3471 473 3543 luisse,
497 3479 527 3525 ut
547 3478 649 3525 tantam
668 3473 884 3526 atheniensibus
899 3471 1088 3527 liberalitatem
1103 3472 1276 3544 persuadere
1291 3471 1389 3541 posset:

262 3557 343 3611 culus
358 3559 382 3612 si
397 3575 468 3628 quae
483 3564 577 3629 partes
591 3558 734 3611 Herodoto
756 3556 945 3611 memorandae
966 3559 1095 3627 fuerumt,
1121 3558 1190 3610 hauc
1212 3556 1299 3626 ipsam
1311 3567 1387 3606 remn-

262 3644 429 3696 neratiouem
446 3644 480 3696 ad
495 3643 603 3713 Olymp.
619 3647 653 3698 9⁴2
670 3642 713 3696 vel
727 3646 761 3698 93
779 3642 893 3713 deprimi
915 3659 1030 3695 necesse
1054 3651 1111 3711 est,
1134 3659 1189 3713 quo
1207 3649 1326 3711 tempore
1340 3633 1388 3705 prl-

260 3744 330 3782 mum
345 3727 431 3796 Anyti
446 3747 543 3782 nomen
558 3747 608 3798 per
623 3728 718 3797 Pyliae
733 3729 855 3781 iacturae
871 3727 1039 3780 occasionem
1055 3735 1229 3781 memoratur.
1259 3719 1387 3778 Accedunt

260 3811 314 3866 alia
330 3821 505 3882 argumenta,
530 3829 599 3885 quae
614 3831 655 3867 me
676 3813 846 3883 impediunt,
868 3830 923 3883 quo
938 3812 1029 3865 minus
1042 3813 1214 3866 Herodotum
1229 3820 1294 3881 post
1306 3828 1329 3861 a.
1343 3805 1387 3858 444

261 3896 377 3951 Thuriis
396 3900 578 3952 consenuisse
601 3916 692 3969 neque
712 3914 832 3969 unquam
847 3896 992 3950 Graeciam
1010 3898 1145 3951 revisisse
1160 3896 1286 3962 credam,
1307 3904 1384 3961 ueqtt

260 3980 327 4034 illud
349 3990 470 4052 tanturm,
495 3984 568 4054 qnod
595 3990 675 4037 acute
695 3984 747 4035 iam
764 3983 897 4051 laegerus
918 3982 1066 4051 proposuit
1086 3982 1164 4052 Disp,
1185 3981 1291 4034 Herod.
1311 3997 1334 4047 p·
1348 3976 1384 4036 rt,

260 4066 335 4136 quod
350 4085 383 4119 en
399 4067 431 4136 V,
448 4072 480 4121 77
493 4076 616 4139 apparet,
633 4068 802 4121 Herodotum
815 4068 894 4121 etiam
906 4066 1061 4135 Propylaea
1077 4067 1245 4119 Athenarum
1259 4065 1317 4119 suis
1330 4073 1382 4112 oct·

260 4147 294 4200 lis
312 4150 430 4203 vidisse:
452 4147 483 4205 sd
501 4149 530 4206 dl
545 4147 688 4222 ἀριστερῆς
703 4147 783 4223 χερός
797 4149 893 4222 ἕστηκε
908 4152 1019 4219 πρῶτον
1031 4146 1133 4206 ἐσιόντι
1148 4145 1175 4213 ἐς
1188 4145 1224 4204 τὰ
1240 4141 1382 4219 προπύλαια

258 4226 293 4287 roi
305 4228 334 4289 ἐν
345 4229 379 4306 τῇ
390 4228 534 4307 ἀκροπόλι,
551 4254 621 4307 quae
637 4254 696 4290 curu
708 4239 881 4306 Euthymene
897 4238 1003 4290 demtum
1014 4238 1144 4290 archonte
1158 4235 1203 4288 01.
1215 4239 1259 4304 85,
1275 4228 1382 4289 4ε437

259 4318 400 4373 aedificari
415 4328 512 4390 coepta
529 4323 586 4374 sint
601 4322 780 4392 (Harpocrat.
798 4341 821 4377 s.
839 4323 896 4390 n),
916 4339 1032 4375 necesse
1049 4329 1094 4375 est
1110 4321 1271 4374 historicum
1286 4323 1344 4390 post
1355 4309 1379 4364 il·

258 4404 312 4458 lum
335 4422 435 4458 annum
457 4413 505 4458 aaut
524 4406 612 4459 adhuc
633 4414 764 4460 moratum
787 4426 849 4460 esse
870 4408 897 4460 in
913 4406 1033 4460 Graecia
1058 4413 1107 4459 aut
1129 4405 1229 4460 itinere
1244 4407 1315 4458 lacto
1329 4397 1382 4452 llllc

258 4507 309 4560 pra
325 4497 447 4560 tempore
461 4490 595 4544 rediisse:
615 4492 664 4545 sed
680 4492 708 4545 id
724 4492 814 4563 ipsum
829 4509 884 4566 quo
898 4492 1069 4563 probabilius
1085 4491 1194 4563 quidem
1209 4493 1273 4559 nat,
1294 4483 1381 4555 Lysiae
