3042 5125
245 366 308 430 206
680 367 952 432 HERODOTI

244 556 366 638 ἄλλους
391 553 594 648 ἀνθρώπους
620 557 776 639 καὶτοὺς
802 554 936 637 Ἰνδούς.
971 553 1235 646 ἀποκλινομένης
1262 557 1300 626 δὲ
1326 562 1391 646 τῆς

243 670 449 752 μεσαμβρίης
462 672 593 751 γίνεταί
602 684 662 751 σφι
677 657 695 732 ὁ
709 659 820 751 ἥλιος,
842 662 990 749 κατάπερ
1006 677 1091 730 τοῖσι
1105 657 1234 730 ἇλλοισι
1248 656 1267 729 ὁ
1281 663 1388 730 ἑωθι-

244 764 317 846 νός·
350 766 406 835 καὶ
428 764 464 835 τὸ
491 765 555 837 ἀπὸ
577 767 698 837 τούτου
719 763 825 836 ἐπιών
849 768 903 835 ἐπὶ
930 769 1057 853 μᾶλλον
1078 762 1194 852 ψύχει,
1222 767 1256 843 ἐς
1282 761 1302 833 ὃ
1328 767 1390 833 ἐπὶ

177 878 237 939 105
249 874 393 959 δυσμῇσι
416 867 482 940 dois
507 873 563 941 καὶ
584 869 621 940 τὸ
647 869 751 960 κάρνα
772 868 879 957 ψύχει.
921 865 1042 937 Ἐπεὰν
1064 869 1100 937 δὲ
1123 876 1248 938 ἔλθωσι
1271 870 1304 948 ἐς
1324 866 1392 937 τὸν

243 978 353 1062 χοῖρον
372 979 407 1042 ολ
419 969 517 1043 Ἰνδοὶ
531 982 661 1063 ἔχοντες
673 973 840 1059 θυλάκια,
863 972 1088 1062 ἐμπλήσαντες
1102 976 1206 1041 ταῦτα
1221 975 1280 1060 τῆς
1293 971 1388 1061 ψάμ-

242 1175 310 1226 ridie
322 1175 411 1241 vergit
420 1191 442 1227 s.
454 1173 569 1225 inclinet
582 1176 618 1225 sd
629 1189 785 1241 vesperam
836 1185 930 1225 terrosa
938 1178 1042 1239 planam
1058 1188 1119 1224 esse
1130 1171 1184 1225 sibi
1195 1171 1318 1235 finxerit,
1340 1188 1391 1223 su·

242 1245 298 1295 vid.
309 1244 339 1295 C.
348 1244 380 1294 Ο.
389 1243 513 1295 Mueller.
524 1245 552 1294 iu
561 1245 670 1310 Disput.
682 1244 714 1295 dc
723 1259 787 1308 par·
836 1259 884 1309 per
894 1259 949 1309 que
958 1243 1042 1294 solem
1052 1243 1182 1301 trausire;
1194 1257 1332 1307 quumque
1338 1256 1390 1292 ex-

243 1314 317 1363 tibus
337 1319 409 1363 noct.
431 1317 459 1364 et
476 1314 532 1364 diei
553 1315 584 1363 P.
602 1316 624 1364 Ι.
649 1314 784 1378 (Gotting.
836 1320 936 1363 nemos
953 1313 1067 1363 orientis
1085 1312 1154 1364 fines
1170 1313 1323 1362 matutinus
1340 1313 1388 1363 sol

245 1382 323 1446 1835)
336 1398 399 1448 pag.
415 1382 462 1446 12,
481 1383 529 1447 qui
540 1382 635 1445 docet,
650 1384 705 1434 diei
718 1388 785 1434 tem·
837 1382 920 1432 multo
930 1384 1018 1447 magis
1026 1398 1104 1433 urere
1113 1382 1222 1444 dicitur,
1229 1396 1311 1447 quam
1321 1397 1390 1433 oae-

242 1467 293 1518 pus
308 1452 447 1504 meridiem
461 1466 558 1503 versus
576 1453 694 1503 iudicari
712 1452 785 1503 locu·
836 1456 909 1503 teras
919 1458 1006 1502 terras
1015 1452 1196 1512 meridianus,
1207 1467 1319 1502 necesse
1329 1457 1388 1514 est,

242 1523 317 1572 tione
334 1513 441 1587 ἀγορῆς
455 1513 612 1581 decisionem
636 1527 692 1572 tum
706 1523 786 1588 sequi
836 1526 866 1571 ut
883 1525 976 1574 coeiwrr
993 1530 1154 1573 oenomaum
1174 1536 1234 1572 esse
1247 1521 1388 1573 creditum

243 1593 331 1657 ipsam
342 1591 481 1642 meridiem
491 1607 513 1642 s.
523 1591 642 1642 medium
654 1592 709 1642 diei
720 1598 787 1642 tem·
837 1591 890 1653 sit,
908 1592 1062 1656 murpinibus
1075 1593 1185 1656 undique
1207 1599 1294 1642 torae
1310 1594 1390 1641 incli-

242 1677 309 1727 pus,
327 1658 501 1727 μεσαμβρίην
521 1666 604 1737 vocat
614 1661 786 1723 Herodotum
837 1663 933 1711 natw‘
944 1662 1004 1722 Quo
1013 1663 1088 1726 prius
1098 1662 1388 1712 monuerstbiuunert

243 1746 314 1797 quae
326 1731 390 1782 dein
404 1731 537 1782 inclinare
554 1730 786 1797 (αποιιλίνεσθαι)
837 1729 937 1796 (ieogr.
950 1730 977 1781 d.
990 1730 1036 1782 Gr.
1049 1747 1077 1782 u.
1094 1732 1127 1780 R.
1143 1732 1181 1793 V,
1195 1731 1220 1780 1.
1238 1747 1266 1795 p.
1281 1730 1323 1782 13.
1340 1732 1387 1795 14,

243 1802 335 1866 coepit
346 1802 381 1851 ad
394 1801 460 1852 solis
471 1815 557 1866 usque
568 1816 693 1855 occasum
706 1817 728 1851 s.
740 1816 787 1851 ve·
837 1800 905 1851 haee
918 1816 951 1850 eu
964 1815 1011 1864 es,
1027 1816 1109 1866 quum
1121 1801 1256 1851 Homerus
1269 1801 1322 1850 sibi
1333 1799 1388 1849 fin-

243 1886 360 1936 spersm.
398 1872 473 1933 Quae
491 1885 552 1921 oum
569 1871 611 1920 ita
627 1871 696 1932 siut,
712 1871 786 1921 haud
837 1870 922 1931 uerit,
935 1871 1123 1922 terrseiormd
1135 1869 1297 1936 explicanda
1311 1885 1387 1932 esse,

243 1940 365 1992 offendor
374 1940 479 1991 verbis:
491 1937 614 2005 μεσοῦσα
626 1933 684 2006 dir}
695 1932 786 2006 ἡμέρα
837 1955 891 2005 qua
903 1954 982 1990 maue
993 1940 1034 1991 sol
1048 1940 1118 2006 ipsis
1132 1940 1285 1991 cervicibus
1299 1939 1388 1990 Indo-

244 2004 344 2074 σχεδὸν
362 2007 565 2076 παραπλησίως
581 2008 655 2060 καίει
670 2026 696 2059 ιι,
714 2026 736 2061 τ.
750 2010 784 2069 1.,
836 2025 896 2060 rum
907 2009 1065 2075 impendeat
1075 2009 1193 2075 indeque
1204 2024 1251 2061 eos
1263 2011 1388 2060 maxime

242 2081 342 2146 quibus
363 2080 435 2147 quod
460 2080 525 2130 addi
551 2079 639 2130 voluit
663 2070 678 2128 ὁ
705 2068 786 2145 ἥλιος
836 2086 911 2140 urat3
931 2094 984 2145 quo
1000 2080 1090 2146 magis
1107 2086 1200 2130 autem
1213 2080 1384 2145 procedente

242 2148 786 2215 Wuuuowskiffiyutax.anomoiGreeo.
837 2149 882 2200 die
901 2149 937 2199 ad
954 2165 1097 2215 vesperem
1113 2165 1200 2216 usque
1218 2156 1316 2216 vergat
1335 2149 1383 2199 Iu·

243 2235 306 2286 pag.
318 2220 374 2282 57),
388 2219 474 2271 verbe
486 2209 680 2283 μεσοῦσα-ἡ
695 2210 785 2283 ἡμέρη
836 2219 938 2284 desque
952 2221 1032 2285 quasi
1049 2220 1199 2286 relinquat,
1219 2221 1319 2270 minori
1336 2235 1387 2269 ca·

243 2304 291 2354 pro
299 2289 483 2372 nominativis
492 2288 625 2371 absolutis
635 2289 785 2405 accipiens,
836 2287 894 2339 lore
905 2294 1026 2371 premat,
1049 2292 1115 2355 quin
1127 2293 1244 2373 manime
1260 2305 1320 2373 oum
1338 2305 1386 2373 re-

243 2350 785 2492 titt?'tfittttt‘ttttim‘dtti
836 2363 989 2493 111111
999 2361 1208 2482 restittit?
1210 2360 1386 2496 11111111

244 2496 304 2547 edd.
320 2512 368 2561 pro
381 2496 456 2562 vulg.
469 2489 518 2545 ἔτι
530 2496 649 2561 μᾶλλον,
673 2497 744 2562 quod
757 2499 785 2547 iu
837 2497 939 2548 talibus
950 2501 1021 2550 omui
1033 2501 1226 2565 superstitione
1238 2515 1293 2550 uon
1304 2515 1385 2566 pror·

243 2566 340 2618 Matth.
364 2566 428 2618 edit.
450 2566 539 2618 adhuc
558 2568 705 2618 invenitur.
742 2569 786 2618 'l'u
837 2585 883 2620 sus
902 2568 970 2621 iiber
986 2570 1071 2622 ininse
1088 2570 1197 2622 videtur
1212 2571 1383 2631 Herodotus,

243 2638 298 2688 vid.
314 2637 367 2699 lv,
388 2636 445 2687 181.
464 2638 491 2699 Ι,
508 2637 543 2688 94
562 2637 655 2703 ibique
671 2642 740 2690 nott.
757 2644 787 2689 et
835 2640 863 2688 iu
882 2640 916 2689 iis
936 2640 1064 2691 nimirum
1083 2642 1254 2706 potissimum
1274 2641 1382 2705 tapsus,

243 2722 313 2773 quse
330 2705 356 2756 h.
376 2706 394 2758 1.
406 2705 522 2757 Wessel.
540 2707 643 2757 attulit.
666 2708 784 2772 Diogen.
835 2724 907 2774 quae
937 2710 973 2760 sd
997 2715 1086 2761 terrae
1118 2712 1231 2763 formam
1259 2711 1382 2775 solisque

242 2776 369 2838 Labrt.1‚
381 2778 440 2828 122.
453 2777 785 2844 DioCsss.LXV11.pag.
836 2794 946 2829 cursum
966 2781 1142 2846 eiusdemque
1156 2783 1211 2832 vim
1231 2782 1259 2830 iu
1277 2786 1380 2831 terram

242 2848 302 2898 507.
335 2848 440 2909 Quibus
464 2845 528 2900 add.
550 2846 663 2900 Rouleu.
688 2847 788 2898 Obser·
837 2848 1102 2914 ipsampertineaut.

241 2921 311 2967 vett.
323 2917 352 2965 in
359 2916 490 2968 Themist.
500 2931 561 2983 pag.
572 2917 606 2967 35
616 2932 692 2982 seqq.
704 2917 786 2969 Hess.

241 2986 277 3036 ad
287 2987 379 3039 Somn.
389 2986 510 3052 Scipion.
520 2988 550 3037 lt
563 2986 601 3050 (4)
613 2991 637 3050 (μ’.
652 2987 692 3037 17.
703 3002 729 3051 p.
740 2987 784 3038 83.

240 3053 410 3120 Eugeihurdt
422 3056 458 3106 ad
472 3056 579 3107 Platon.
593 3056 783 3122 Euthyphrou.
1036 3024 1101 3075 (ω’
1119 3023 1174 3076 cv·

241 3139 301 3188 cap.
324 3123 363 3175 13.
384 3116 430 3173 ἐπὶ
449 3116 567 3189 μα’λισια
587 3125 688 3190 legitur
710 3126 784 3192 apud
869 3118 978 3190 ἔχοντες
999 3116 1134 3192 θυλάκια]
1162 3114 1287 3177 θυλάκια
1304 3128 1379 3176 teste

241 3192 421 3244 Themistium
435 3209 460 3258 p.
476 3195 524 3255 do,
546 3196 579 3245 14
595 3195 638 3245 erl.
656 3195 783 3247 Diudorf.
833 3195 951 3261 Etymol.
968 3212 994 3262 p.
1009 3198 1060 3248 457
1074 3202 1116 3247 est
1129 3187 1297 3260 δερμάτινον
1309 3207 1376 3243 σανι-

239 3262 319 3326 Apud
330 3261 404 3313 Ctes.
414 3263 473 3313 Iud.
485 3267 509 3325 §-
520 3263 537 3313 9
547 3268 639 3314 exstat
649 3256 695 3314 ἐπὶ
705 3259 781 3314 ἔλατ-
833 3264 897 3314 alos
916 3265 1038 3330 (saccus).
1066 3265 1146 3317 Cous.
1158 3266 1215 3327 111,
1227 3263 1274 3314 46.
1287 3289 1323 3299 -
1342 3263 1376 3314 In

239 3344 297 3382 τον.
304 3358 337 3367 -
344 3332 397 3382 Pro
407 3323 493 3381 ἐπιών
503 3332 650 3384 Schueiero
659 3334 696 3384 sd
703 3337 782 3385 Lam·
832 3351 908 3401 seqq.
914 3337 1023 3399 retinui,
1033 3336 1104 3401 quod
1113 3337 1140 3385 in
1149 3334 1285 3401 plerisque
1293 3332 1376 3384 codd.

240 3400 309 3451 bert.
328 3401 392 3452 Bos.
411 3400 464 3452 Ε11.
488 3401 534 3453 Gr.
554 3418 580 3467 p.
600 3404 651 3455 557
675 3403 782 3469 placuit
831 3403 945 3470 legitur,
964 3397 1075 3471 ὁμοῖον,
1096 3405 1132 3455 ad
1148 3403 1219 3469 quod
1232 3402 1376 3453 commode

239 3460 340 3519 ἀπιών.
367 3471 410 3521 Ad
420 3470 585 3523 locutionem
595 3464 641 3522 ἐπὶ
651 3469 779 3540 δυσμῇσι,
832 3490 866 3525 ex
889 3474 1114 3526 antecedentibus
1132 3472 1253 3539 suppleri
1271 3475 1376 3538 poterit

239 3555 294 3605 qua
312 3556 380 3591 voce
397 3555 511 3591 occasus
529 3540 596 3592 solis
613 3541 780 3605 declaretur,
832 3537 881 3593 τόν
902 3538 1032 3609 μύρμηκα
1057 3560 1079 3596 s.
1103 3541 1184 3592 τοῦτο
1204 3535 1234 3591 τὸ
1255 3541 1374 3607 θηρίον.

239 3609 539 3676 οοο1.νίια111αρ1ονι,
560 3626 632 3677 quae
649 3613 782 3664 excitavit
832 3644 866 3653 -
883 3613 925 3663 Ad
947 3613 1030 3665 verbs
1055 3607 1082 3661 al
1103 3606 1142 3678 μὴ
1162 3609 1375 3679 προλαμβάνειν

238 3678 388 3731 Blomfleld.
412 3681 440 3730 iu
457 3680 579 3732 Glosssr.
599 3682 635 3732 sd
652 3682 781 3747 Aeschyli
832 3683 904 3734 coni.
918 3683 1050 3733 Kuehuer.
1065 3683 1112 3736 Gr.
1127 3683 1174 3734 Gr.
1189 3686 1212 3746 θ.
1228 3683 1332 3745 849,α.
1346 3689 1375 3733 et

237 3750 314 3801 Pers.
328 3748 388 3802 237.
401 3777 434 3787 -
451 3751 484 3801 In
499 3750 623 3802 clausula
641 3752 780 3803 adscriba-
830 3753 917 3829 ellat}
928 3753 963 3802 ad
974 3752 1026 3814 111,
1042 3752 1087 3814 553
1107 3752 1142 3802 ad
1158 3752 1310 3818 particulas
1324 3744 1374 3804 οὗ·

238 3835 312 3883 ruus,
337 3835 409 3885 quse
425 3820 570 3871 adnotavit
585 3822 703 3874 Bredov.
722 3823 741 3874 1.
760 3823 777 3873 1.
829 3838 866 3870 τοι
888 3833 969 3882 mors,
995 3836 1064 3886 quus
1088 3824 1212 3888 sequitur
1233 3826 1375 3875 sententia

236 3906 299 3955 pag.
313 3891 381 3941 Vlli
397 3889 470 3955 (coll.
482 3905 545 3955 pag.
555 3891 628 3951 XIV,
643 3898 671 3942 et
680 3891 777 3943 Ukert.
829 3891 960 3956 negative
974 3906 1021 3955 per
1030 3886 1065 3941 od
1080 3892 1203 3956 pretate,
1216 3893 1290 3944 coni.
1302 3910 1374 3960 quae

237 3960 336 4023 θεοῖν.
351 3960 400 4010 der
415 3960 460 4012 Gr.
480 3975 509 4012 u.
526 3961 559 4011 R.
574 3962 600 4022 1,
614 3965 639 4012 2.
656 3976 719 4026 pag.
735 3963 777 4013 to.
828 3960 922 4011 attulit
931 3960 1055 4011 Hertieiu
1068 3962 1110 4010 iu:
1125 3962 1283 4013 Observstt.
1295 3966 1372 4014 eritt.

238 4028 314 4093 100):
332 4045 440 4095 „quum
451 4028 492 4081 sol
508 4046 541 4080 ex
553 4031 681 4095 opinione
692 4030 778 4081 Hero·
827 4029 989 4093 (Wertbeim
1005 4029 1160 4151 183Qeg.
1173 4031 1222 4092 39,
1236 4034 1284 4098 qui
1298 4034 1373 4099 quod

235 4097 295 4148 doti
310 4100 434 4150 omuibus
453 4100 533 4149 terris
554 4114 608 4149 uuo
629 4100 777 4165 eodemque
828 4101 856 4149 iu
874 4115 948 4165 seqq.
970 4115 1018 4165 pro
1035 4098 1090 4150 eod
1121 4116 1139 4150 α
1157 4102 1243 4153 scribi
1265 4103 1374 4153 mavult

235 4171 358 4231 tempore
372 4170 458 4220 oritur
470 4174 498 4219 et
510 4168 625 4231 oceidit,
641 4185 776 4235 quumque
827 4159 894 4218 ouidi
906 4165 969 4229 ἕνα,
985 4185 1017 4220 eo
1026 4170 1099 4221 haud
1109 4186 1177 4236 opus
1188 4172 1283 4237 utique
1292 4173 1372 4224 vide

234 4237 311 4286 Indis
336 4238 364 4286 iu
392 4239 520 4287 extremis
542 4239 655 4289 orientis
677 4238 776 4290 tinibus
827 4244 886 4301 tur,
902 4239 979 4290 libris
991 4242 1153 4305 praesertim
1167 4242 1272 4294 invitis.
1304 4243 1373 4308 Ipsa

235 4306 387 4356 matutinus
405 4307 541 4372 cupitibus
560 4308 702 4360 imminens
723 4313 776 4372 est,
826 4308 961 4360 Herodoti
980 4311 1116 4361 sententie
1135 4312 1174 4362 sic
1192 4312 1372 4378 accipienda:

233 4377 351 4426 maxime
368 4390 434 4428 vero
447 4375 607 4443 longinquus
622 4377 665 4429 die
680 4393 776 4444 vespe-
826 4405 861 4415 —
872 4382 908 4429 ita
922 4388 949 4430 ut
962 4383 1012 4431 nisi
1023 4380 1084 4430 Indi
1099 4383 1163 4432 oium
1177 4385 1371 4447 praeciperent,

233 4450 372 4510 rascente,
397 4461 508 4498 necesse
534 4451 592 4511 est,
619 4448 775 4499 Herodotus
826 4449 883 4499 droa
892 4449 1017 4510 sensivae
1028 4461 1228 4517 conprepoutrcr,
1246 4469 1315 4503 nemo
1327 4471 1372 4504 eo-
