3042 5125
289 386 351 449 492

615 486 626 517 ἑ

724 383 989 448 ΗΕΒΟΒΟΤΙ

290 577 434 669 κατήκει.
469 577 563 647 ’Ἐστι
585 576 649 668 γὰρ
667 582 724 665 τῆς
736 580 913 664 Σκυθικῆς
930 575 971 645 τὰ
986 576 1048 648 δύο
1061 580 1162 668 μέρεα
1177 580 1245 644 τῶν
1263 572 1368 664 οὔρων
1380 578 1407 655 ἐς

290 782 339 834 sed
353 783 382 833 in
393 780 553 833 occidostali
562 777 742 845 paeninsulae
753 782 833 845 parte

290 854 346 903 sita
356 856 425 903 erat.
449 853 520 903 Nam
533 850 604 917 quod
613 848 768 899 Larcherua
782 849 832 911 ait,

175 928 185 945 ⁰
290 938 351 974 esse
358 921 556 973 Chersonesum
566 918 659 970 urbem
668 919 697 968 in
707 918 834 969 occiden-

291 992 341 1043 tali
357 992 465 1057 quidem
480 995 558 1056 parte
573 987 767 1054 paeninsulae,
785 988 834 1040 sed

289 1062 438 1114 oboriente
450 1060 589 1124 Scythiae,
601 1059 626 1107 id
637 1073 693 1109 rem
705 1073 760 1108 non
772 1073 837 1109 con·

290 1132 360 1183 flcit:
391 1132 508 1190 etenim,
530 1129 695 1204 qnod'mare
715 1127 761 1195 hie
782 1118 835 1194 τὴν

291 1194 363 1266 πρὸς
386 1192 551 1266 &enisurus
571 1197 721 1247 θαλασσαν
742 1202 834 1260 vocat,

291 1272 362 1324 idem
372 1287 447 1321 mare
459 1285 520 1320 mox
530 1260 581 1333 τὴν
593 1258 666 1330 πρὸς
677 1258 730 1332 τὴν
739 1256 782 1332 sico
795 1266 835 1317 di·

291 1342 340 1405 cit,
358 1341 404 1391 ubi
413 1340 485 1391 haud
497 1338 578 1390 dubie
587 1335 655 1387 illud
665 1352 750 1400 mare,
761 1336 834 1402 quod

292 1412 326 1462 ab
348 1412 453 1462 oriente
473 1407 636 1460 Chersonesi
656 1406 835 1472 paeninsulae

291 1485 348 1539 est,
361 1479 538 1546 intelligitur3
557 1491 654 1542 nempe
666 1477 778 1529 Maeotis
786 1493 835 1542 pa-

291 1548 380 1615 tw),
403 1565 486 1615 quam
502 1548 576 1599 haud
602 1544 687 1597 multo
704 1547 834 1596 minorem

291 1621 351 1685 ipso
376 1621 466 1671 Ponto
487 1618 596 1668 Euxino
621 1631 682 1668 esse
706 1615 770 1681 (lv,
788 1615 833 1680 80)

291 1691 408 1753 scriptor
418 1693 511 1740 noster
524 1685 763 1738 existimaverat.“
782 1685 834 1735 His

291 1776 308 1810 a
320 1758 577 1823 Schweighaeusero
587 1753 678 1807 allatis
692 1755 743 1807 hoc
753 1770 837 1806 unum

291 1829 406 1892 addam,
430 1830 464 1881 de
482 1826 653 1879 Chersoneso
678 1825 745 1877 urbe
765 1840 835 1891 quae

291 1898 365 1964 apud
378 1898 540 1951 Strabonem
556 1896 575 1947 l.
591 1895 609 1945 l.
627 1894 769 1959 leguntur,
788 1896 836 1944 mi-

291 1970 364 2021 nima
385 1969 421 2020 ad
437 1967 607 2019 Herodotum
624 1965 721 2016 referri
742 1979 835 2030 posse,

292 2055 353 2090 cum
379 2038 415 2090 ad
437 2039 615 2090 Chersonesum
641 2035 725 2086 urbem
753 2035 836 2100 perti·

291 2112 384 2171 neant,
392 2107 617 2159 Heracleotarum
626 2104 771 2167 coloniam,
782 2105 837 2155 He-

292 2179 390 2230 rodoto
410 2176 523 2243 (quippe
540 2180 603 2241 post
621 2174 700 2225 cuius
715 2177 835 2225 aetatem

292 2247 431 2299 conditam
449 2262 510 2299 esse
523 2248 648 2307 narrant)
666 2259 778 2308 prorsus
797 2244 837 2293 in·

292 2318 446 2383 cognitam,
463 2316 491 2365 in
510 2312 676 2365 occidentali
690 2313 837 2378 paeninsu-

292 2387 336 2439 lae
355 2391 445 2451 parte,
465 2400 549 2450 prope
564 2383 670 2444 locum,
696 2384 744 2447 qui
763 2398 835 2434 nunc

292 2456 569 2519 vocatanebastopol
585 2468 618 2503 ac
633 2454 837 2503 nostramemo-

293 2527 335 2578 rit
353 2523 479 2577 cladibus
495 2524 662 2587 Russorum,
679 2521 836 2588 anglorum,

293 2596 434 2650 Gallorum
440 2601 497 2645 tam
505 2594 623 2659 insignis
633 2594 753 2652 exstitit3
764 2592 837 2643 coni.

294 2683 365 2733 quae
382 2670 445 2731 post
455 2666 591 2715 Manuert.
606 2664 652 2714 IV.
672 2679 698 2728 p.
713 2663 765 2715 100
778 2677 836 2728 seq.

294 2741 321 2787 et
337 2738 425 2788 sirum
440 2735 550 2786 doctum
567 2735 596 2784 in
614 2733 636 2783 I.
653 2731 686 2783 G.
701 2733 837 2784 Sommsr:

294 2804 492 2858 Taachenbuch
518 2817 567 2854 aur
586 2803 719 2854 Verbrsit.
743 2817 836 2867 geogr.

294 2873 555 2927 Kenntnisse.1832.
567 2888 631 2938 pag.
643 2871 694 2922 110
705 2887 761 2934 seq.
777 2887 838 2936 pro-

294 2945 415 2997 tulerunt
433 2943 535 2995 Ukert:
566 2941 663 3006 Geogr.
689 2942 715 2991 d.
738 2941 785 2992 Gr.
808 2957 835 2991 u.

295 3017 388 3066 Roem.
407 3013 502 3074 111‚2.
523 3028 550 3076 p.
567 3010 619 3062 408
637 3026 696 3075 seq.
716 3016 744 3061 et
762 3012 835 3062 Nau·

295 3099 390 3135 mann:
408 3083 462 3133 Die
470 3079 605 3132 Hellenen
613 3079 651 3130 im
660 3079 803 3145 Skythenl.
812 3081 835 3131 Ι.

296 3171 321 3219 p.
330 3152 382 3206 870
392 3167 478 3217 seqq..
494 3149 541 3216 qui
552 3149 585 3200 de
594 3148 758 3200 Chersonesi
770 3151 837 3200 urbe

295 3225 426 3273 accurate
435 3221 561 3286 disputat
572 3233 750 3283 mappamque
760 3218 837 3269 addi-

294 3292 336 3343 dit
346 3289 565 3358 geographicam,
581 3287 689 3352 singula
699 3286 837 3340 illustran-

883 795 935 846 que
947 778 1074 829 orientali
1083 779 1258 845 cogitandum
1268 778 1313 839 sit,
1323 782 1352 828 ut
1362 778 1408 844 pla·

883 849 942 900 cuit
951 850 1095 899 Mannerto
1106 847 1125 898 l.
1136 848 1156 901 l.
1165 864 1192 915 p.
1204 848 1263 900 105.
1273 848 1332 911 104,
1344 864 1408 914 quan

883 923 1034 984 sequuntur
1047 919 1168 970 Hanseu.
1183 918 1335 983 Ostcurops
1347 933 1372 982 p.
1381 917 1408 969 48

884 994 913 1041 et
921 989 1118 1040 Brandstseter
1129 987 1268 1053 Scythico.
1280 1003 1306 1053 p.
1316 985 1348 1039 08
1358 987 1408 1038 coli

884 1059 982 1110 Ukert.
995 1056 1014 1109 l.
1023 1057 1042 1110 l.
1056 1059 1079 1121 1,
1093 1059 1118 1109 2.
1132 1074 1157 1122 p.
1167 1057 1229 1109 292.
1255 1054 1343 1119 Quare
1350 1059 1409 1110 Neu·

886 1145 978 1180 maun.
990 1143 1099 1194 quoqne
1111 1126 1129 1179 l.
1144 1127 1164 1179 l.
1177 1143 1205 1193 p.
1217 1126 1268 1178 882
1280 1126 1410 1177 Chersone·

886 1214 945 1250 sum
964 1198 1036 1248 hanc
1050 1197 1203 1249 Tracheam
1222 1197 1257 1248 dc
1269 1197 1409 1264 Bosporma

883 1268 995 1332 regione
1018 1266 1137 1333 intelligi
1158 1267 1234 1329 vult,
1261 1268 1318 1318 sive
1336 1267 1366 1318 dc
1383 1282 1408 1318 ea

885 1338 1027 1389 Crimaeac
1045 1337 1225 1405 paeninsulae
1242 1341 1319 1402 parte
1339 1338 1409 1388 orien-

885 1406 952 1472 tali,
968 1422 1038 1473 quae
1050 1407 1084 1458 ab
1096 1407 1162 1458 urbe
1173 1407 1329 1459 Theodosia
1338 1407 1408 1458 orien-

884 1485 940 1530 tem
948 1493 1044 1529 versus
1054 1476 1213 1528 extenditur
1222 1492 1307 1542 usque
1316 1477 1348 1526 ad
1355 1478 1409 1526 Pan·

883 1550 1039 1612 ticapacum
1063 1546 1213 1612 (Kertsch)
1238 1552 1267 1598 et
1284 1545 1409 1596 Porthmos

884 1617 1029 1669 Cimmeris
1040 1615 1198 1681 (Ienilrale).

909 1676 989 1736 Ἔστι
1006 1682 1060 1752 γὰρ
1081 1684 1132 1752 τῆς
1150 1684 1303 1752 Σκυθικῆς
1324 1677 1355 1734 τὰ
1370 1676 1408 1733 da's

885 1750 970 1822 μέρεα
983 1773 1009 1806 κ.
1021 1771 1045 1808 τ,
1057 1755 1093 1823 i]
1114 1757 1219 1807 Sensus
1239 1762 1294 1808 est:
1312 1755 1409 1821 Sattiae

884 1838 972 1879 smne
995 1829 1062 1891 fiaes
1085 1828 1185 1877 duabus
1208 1843 1226 1877 a
1254 1826 1364 1892 partibas
1383 1826 1410 1875 od

884 1913 955 1948 more
966 1900 1108 1962 pertineat·
1122 1898 1192 1955 sive,
1203 1897 1313 1948 utbene
1322 1908 1409 1959 expres·

885 1967 924 2018 sit
932 1967 1055 2031 Langius
1064 1984 1070 2016 ι
1080 1960 1234 2030 ,mention
1246 1961 1408 2031 Scythenlrnd

885 2041 981 2101 manat
995 2051 1031 2086 an
1048 2037 1114 2087 awai
1133 2036 1345 2087 verschiedenau
1356 2032 1409 2084 Stel·

883 2106 929 2158 len
942 2121 978 2155 an
990 2105 1040 2156 das
1052 2106 1139 2168 Mser,
1161 2111 1219 2157 erat
1232 2122 1318 2171 gegen
1329 2105 1410 2166 Mittag

884 2175 939 2227 und
961 2175 1034 2225 daun
1053 2190 1140 2240 gagen
1158 2176 1291 2243 Murgan,
1312 2176 1358 2225 tris
1377 2171 1409 2221 dis

884 2243 1059 2297 Landschait
1082 2245 1189 2296 Attila.
1198 2245 1217 2274 “
1254 2243 1410 2310 Quemadno

887 2315 951 2365 dum
967 2313 1038 2364 enim
1056 2314 1136 2379 (haec
1156 2315 1342 2368 videturesse
1358 2312 1408 2363 scri·

885 2385 971 2451 ptoris
982 2382 1069 2447 mens)
1078 2384 1231 2436 Suniacum
1244 2388 1334 2453 iugum
1342 2384 1366 2433 in
1374 2383 1409 2432 tt

887 2454 961 2505 ticae
985 2452 1148 2519 paeninsula
1174 2456 1252 2507 iutra
1283 2469 1351 2505 mara
1370 2453 1409 2502 Ae

885 2539 984 2592 gaeum
997 2525 1140 2591 siunmqne
1153 2524 1314 2578 Saronicum
1331 2521 1409 2591 proni·

887 2598 935 2647 net
947 2595 977 2645 in
990 2609 1081 2656 mare,
1102 2601 1130 2646 et
1149 2596 1367 2660 quomadmodum
1378 2593 1409 2643 Ia

887 2666 998 2731 pygium
1015 2666 1232 2730 promontorium
1251 2667 1322 2717 intra
1339 2665 1408 2716 ιίιιιιιι

887 2734 1081 2785 Brundisinum
1114 2740 1198 2800 atquc
1224 2738 1364 2788 Tarentum
1388 2733 1407 2781 io

887 2819 963 2855 marc
986 2803 1158 2869 producitur,
1181 2806 1299 2858 similem
1319 2808 1345 2855 in
1366 2817 1407 2852 ne

887 2873 951 2925 dnm
966 2874 1085 2925 Taurica
1102 2876 1267 2941 paeninsula
1285 2893 1299 2928 e
1317 2872 1407 2939 Scythia

888 2948 917 2994 in
935 2944 1052 2994 Pontum
1072 2945 1210 2996 Euxinum
1233 2949 1353 3012 porrecta
1369 2947 1407 3018 eat.

887 3013 1015 3078 utrinque
1029 3014 1122 3065 cincta
1143 3016 1223 3065 mari.
1260 3018 1350 3081 Itaque
1366 3011 1408 3061 cc·

888 3083 994 3166 iocoue·
1002 3073 1058 3162 κήκ
1069 3098 1098 3164 ιι
1110 3080 1182 3167 ’5⁰9⁶
1195 3073 1406 3165 μεσαμβρίηικιιῖ

886 3154 1406 3290 tttttttstttftltl'tttlffi

888 3290 939 3345 100
954 3292 1037 3344 etiam
1048 3293 1216 3360 significavit
1228 3294 1357 3347 locutione
1365 3289 1405 3340 oc·

294 3367 359 3413 tem.
396 3363 437 3411 De
453 3359 507 3410 huo
523 3372 589 3409 vero
608 3357 675 3409 urbe
693 3363 778 3422 atque
795 3375 836 3409 rc·
888 3352 991 3427 λάσσης
1012 3360 1063 3427 τῆς
1088 3352 1185 3428 ἠοίης,
1212 3371 1244 3416 ut
1265 3369 1336 3417 recte
1352 3358 1407 3412 vidit

295 3432 375 3499 gione
394 3429 538 3481 adiacente
552 3442 613 3478 cum
628 3428 702 3494 apud
715 3429 838 3480 Herode·
886 3432 999 3483 Hansen
1011 3448 1038 3498 p.
1051 3432 1094 3484 15.
1120 3432 1200 3485 Unde
1213 3436 1282 3487 satis
1292 3438 1331 3487 ast
1340 3428 1406 3481 nani·

293 3507 351 3553 tum
364 3500 480 3564 cogitari
492 3501 625 3564 nequeat,
641 3502 719 3563 patet
731 3497 765 3549 de
776 3515 837 3563 pro·
887 3501 1004 3565 testum,
1031 3518 1086 3554 nou
1110 3510 1271 3557 accuratam
1293 3503 1405 3555 Tauricas

295 3572 429 3623 montorio
449 3568 612 3620 Chersonesi
634 3568 718 3632 (nunc
736 3574 838 3620 vocant
887 3572 1065 3638 paeninsulae
1075 3572 1190 3624 formam
1199 3578 1325 3627 Nostrum
1335 3575 1406 3621 mente

295 3640 426 3708 Funus-p),
442 3639 514 3705 quod
528 3639 617 3704 ipsum
628 3653 683 3689 non
694 3637 776 3705 longe
789 3638 836 3689 ab·
886 3646 1047 3707 conceptam
1069 3642 1212 3706 habuiss03
1233 3643 1331 3710 alioqui
1351 3639 1405 3692 enin

294 3716 337 3764 est
353 3712 388 3763 ab
404 3710 470 3761 urbe
482 3709 661 3772 Chersonesi,
679 3723 734 3758 non
747 3709 836 3772 magis
885 3709 934 3761 vix
950 3711 1107 3763 istiusmodi
1119 3717 1334 3779 comparationes
1345 3708 1405 3760 insti·

293 3782 338 3834 hic
351 3796 431 3847 posse
447 3779 572 3846 cogitari,
586 3781 617 3828 ut
632 3783 714 3843 putat
726 3777 836 3830 Kolster
885 3785 962 3832 tuere
973 3783 1118 3846 potuisset,
1128 3787 1159 3833 ut
1168 3778 1404 3837 racteiudicatliie

292 3851 311 3902 l.
323 3852 342 3904 l.
355 3866 417 3916 pag.
430 3850 481 3903 018
495 3865 566 3914 seq.;
585 3849 678 3913 itaque
687 3847 836 3900 Chersone·
886 3850 970 3901 bnhr:
985 3853 1329 3919 Verm.Sclrriit.I.p.157.
1349 3846 1402 3899 alt.

293 3938 339 3974 sus
354 3920 493 3982 Trachea,
507 3933 579 3984 quae
592 3917 619 3968 h.
628 3918 647 3969 l.
658 3917 769 3982 dicitur,
783 3919 835 3970 nisi
886 3920 988 3973 Ukart:
1002 3922 1103 3987 Geogr.
1116 3923 1142 3975 d.
1156 3923 1203 3975 Gr.
1217 3917 1403 3980 u,1300m,1‚t.

294 3992 327 4041 de
354 3995 414 4040 tota
443 3988 605 4054 paeninsula
631 3987 774 4049 Crimaea,
805 3993 836 4038 ut
886 4005 913 4055 p.
925 3990 969 4041 07.
995 3992 1119 4043 Produnt
1132 3998 1223 4044 autem
1237 3993 1302 4045 telas
1316 4001 1404 4052 comps·

294 4058 546 4124 Schweighaeuseri
561 4056 614 4108 fort
629 4059 781 4121 sententia,
795 4060 836 4108 in·
885 4060 1007 4113 rationes
1020 4061 1189 4126 scriptorem,
1203 4065 1248 4129 qni
1258 4060 1358 4114 Graecis
1367 4072 1402 4122 po·

294 4129 449 4193 telligatur,
471 4126 544 4178 hand
560 4129 619 4178 scio
634 4143 669 4177 an
684 4129 786 4179 rectius
802 4128 836 4179 de
886 4130 1021 4182 tissimum
1045 4148 1124 4183 suam
1145 4133 1285 4185 historiam
1306 4125 1401 4182 conscri-

293 4198 372 4249 huius
384 4195 777 4262 paeninsulaepartequadam
792 4214 837 4248 ea·
886 4204 961 4266 ptam
983 4217 1044 4253 esse
1063 4201 1160 4265 vellet3
1185 4221 1262 4270 quem
1283 4202 1357 4255 etiam
1375 4193 1401 4245 ob

345 4381 365 4427 l)
382 4379 412 4420 lta
443 4389 513 4430 uoquc
527 4378 604 4431 accipit
621 4377 735 4419 i'celclrsr.
750 4379 819 4432 lilyth.
834 4381 913 4435 Geogr.
929 4382 944 4424 l.
960 4395 1011 4436 pag.
1026 4383 1070 4424 173,
1098 4384 1150 4425 Nun
1165 4385 1253 4426 Magon,
1269 4384 1355 4422 emente
1366 4374 1399 4414 lle·

292 4431 494 4525 rogotiogcyntdizltzr
513 4430 643 4522 {gloriante
665 4430 778 4473 includens
801 4435 971 4487 septentrionem
990 4447 1064 4477 vorsus
1082 4438 1151 4489 magis
1173 4435 1297 4478 extenditur.
1325 4431 1351 4472 [a
1366 4435 1398 4477 tt1⁰

293 4498 314 4526 ιι
332 4497 366 4525 ,ιι
401 4507 407 4522 .
496 4511 502 4532 ,
555 4508 561 4522 .
