3042 5125
454 433 661 499 nfirma.
683 435 742 497 111.
766 445 826 499 rso.
845 414 905 499 τεο.
1186 432 1246 495 251

111 624 176 698 ὅσα
189 628 268 717 περὶ
287 625 348 716 τὴν
362 629 482 716 τέχνην
496 629 565 697 ἐστὶ
585 625 752 718 ἑργνλήϊα.
786 634 845 696 καί
861 655 920 716 μιν
940 630 1085 719 δευτέρῳ
1105 633 1175 697 ἔτεϊ
1192 629 1248 696 ror-

113 731 240 801 λάντον
262 734 441 819 Αἰγινῆται
469 735 610 820 δημοσίῃ
630 734 849 820 prodeuntes,
876 739 977 823 τρίτῳ
1004 731 1040 801 tl
1063 737 1131 800 ἔτεϊ
1151 728 1249 818 Ἀθη-

113 852 206 905 ναϊοι
220 831 339 904 ἑκατὸν
351 838 480 922 μνέων,
498 834 643 929 τετάρτῳ
659 835 695 903 dl
709 842 778 905 ἔτεϊ
788 832 1006 923 Πολυκράτης
1020 838 1113 904 δυῶν
1129 832 1249 903 ταλάν-

113 967 194 1009 των.
226 935 316 1008 οὕτω
334 938 398 1027 μὲν
417 934 553 1007 ἀπίκετο
574 942 607 1018 ἐς
626 936 688 1027 τὴν
707 936 833 1027 Σάμον.
874 941 942 1007 Καὶ
963 935 1028 1007 άπὸ
1047 927 1168 1007 touton
1192 942 1253 1007 τοῦ

113 1108 249 1160 disertius
261 1104 661 1173 deelarautverbasequeutia:
710 1121 793 1156 noun.
815 1104 884 1159 4343
905 1106 1017 1158 florenn.
1035 1105 1051 1158 3
1070 1107 1205 1174 παρίω,
1224 1112 1252 1160 et

113 1174 164 1229 καὶ
182 1171 256 1241 ἔχων
274 1167 358 1225 οὐδὲν
378 1172 434 1225 τῶν
449 1167 505 1226 ὅσα
525 1170 591 1240 περὶ
608 1170 661 1241 τὴν
711 1174 765 1225 duo
786 1174 1105 1241 ϊοΙοοϊε28991ιορειτ.
1127 1178 1144 1230 9
1164 1194 1253 1244 gross.

114 1242 219 1312 τέχνην
229 1236 287 1295 ἔστί
297 1236 441 1310 torniellus,
453 1245 473 1296 i.
481 1259 504 1296 e.
517 1262 619 1313 emaque
628 1249 661 1299 iia
711 1246 848 1306 Samon,
876 1246 943 1297 5211
972 1246 1046 1296 florr.
1070 1245 1105 1297 39
1128 1249 1250 1314 erueigg.

112 1318 300 1376 emesenus,
317 1332 382 1383 qnae
395 1316 503 1367 oddone
515 1325 593 1367 ννϊενι
600 1333 662 1382 per-
711 1316 756 1365 lta
770 1315 908 1365 Wurmius
918 1315 951 1367 de
966 1316 1047 1380 pond.
1058 1320 1112 1367 rat.
1123 1334 1149 1382 p.
1161 1317 1196 1368 55
1209 1334 1250 1382 sq.

113 1393 207 1447 tinent,
222 1390 300 1452 plane
313 1388 526 1437 destiluncsesset.
552 1386 662 1435 Etenim
712 1384 764 1435 208
788 1399 828 1450 sq.
861 1384 931 1435 Add.
957 1384 1077 1437 Boeelrh.
1106 1385 1251 1451 Metrolog.

115 1456 192 1522 apud
218 1461 325 1507 veteres
346 1455 467 1506 Graecos
488 1454 662 1521 madidosque
712 1454 877 1506 Untersueh.
889 1470 915 1519 p.
929 1455 964 1503 79
976 1460 1003 1506 et
1016 1456 1208 1509 Staatsbaush.
1222 1457 1251 1509 cl.

115 1525 335 1593 Hippocratieos
351 1524 488 1575 medicina
511 1529 539 1575 et
559 1524 663 1577 chirur-
711 1523 811 1575 Athen.
830 1526 853 1575 Ι.
868 1540 894 1589 p.
911 1523 975 1587 169,
988 1528 1035 1591 qui
1046 1525 1116 1576 idem
1129 1527 1251 1578 Atticum

115 1597 162 1665 gia
173 1599 217 1647 ita
230 1595 376 1646 coniuncta
389 1594 456 1658 suit,
475 1597 507 1644 ut
519 1598 664 1662 utramque
712 1592 847 1644 talentum
866 1594 892 1643 h.
911 1592 930 1645 l.
950 1595 1068 1660 intelligi
1086 1595 1158 1656 vult,
1179 1596 1251 1663 quod

117 1682 189 1718 unus
202 1664 328 1731 idemque
337 1670 489 1716 exerceret:
504 1664 569 1715 inde
577 1665 663 1716 medi·
711 1664 796 1715 terme
811 1666 914 1729 aequat
932 1664 1005 1715 mille
1023 1666 1186 1731 quingentos
1205 1668 1255 1717 im·

116 1751 166 1787 eus
189 1750 304 1787 neeesse
322 1739 381 1785 erat
398 1732 510 1785 haberet
529 1727 662 1800 letorius,
712 1734 838 1800 parieles.
864 1733 901 1784 st
918 1733 1025 1784 exstitit
1043 1734 1194 1799 Volebam,
1207 1737 1253 1802 qui

117 1809 137 1858 i.
154 1821 180 1857 e.
200 1804 338 1856 officinam
358 1803 493 1870 quandam
519 1804 555 1854 ad
584 1820 663 1856 omne
711 1809 743 1855 ut
755 1803 927 1867 Polycratem
939 1819 993 1854 non
1008 1805 1122 1855 miratur
1136 1806 1170 1856 de
1182 1807 1254 1857 male

116 1890 205 1943 genus
236 1875 409 1925 curationum
434 1874 663 1925 instituendarum
713 1874 848 1941 quaesitis
865 1872 934 1924 adeo
952 1873 1107 1925 munificum
1126 1875 1211 1927 inisse
1225 1877 1253 1927 in

118 1950 214 2012 aptam
226 1948 256 1995 et
266 1943 515 2005 accommodatam,
528 1944 663 1996 machinis
712 1943 817 1995 medico
829 1944 1042 2007 remunerando,
1058 1945 1100 1994 ita
1106 1945 1255 2010 Aegineta-

117 2023 145 2067 et
156 2014 349 2065 instrumentis
370 2014 535 2065 necessariis
564 2016 663 2067 instru-
713 2030 772 2064 rum
786 2018 869 2079 atque
881 2013 961 2063 istius
971 2014 1255 2078 temporislltlrenien-

117 2090 195 2137 etam
213 2085 338 2151 ipsisque
357 2082 562 2134 medicamentis
580 2083 665 2136 reler-
712 2085 783 2135 sium
796 2083 913 2133 maxime
929 2082 1043 2134 miratur
1052 2087 1158 2134 tantam
1171 2085 1256 2134 muni-

117 2163 191 2206 tamt
211 2154 241 2204 in
259 2169 339 2220 quem
354 2155 443 2219 ipsam
457 2155 533 2219 aegri
553 2168 582 2204 se
596 2154 665 2205 roei·
714 2153 866 2217 licentiam,
878 2151 996 2217 indeque
1008 2153 1174 2218 suspicatur,
1185 2169 1257 2204 sum·

116 2227 218 2291 perent
241 2230 269 2274 et
285 2240 300 2275 e
323 2238 379 2289 qua
400 2227 523 2288 peterent
546 2224 665 2274 mediea-
714 2238 786 2274 mam
798 2223 932 2288 pecuniae
948 2222 994 2273 hio
1013 2224 1049 2274 ab
1059 2222 1201 2274 Herodoto
1217 2227 1257 2275 ni·

117 2300 228 2356 menta,
247 2293 282 2344 ab
295 2294 355 2358 ipso
366 2292 471 2343 medico
486 2298 592 2356 parata.
622 2295 664 2344 Tu
715 2295 765 2344 mis
785 2291 981 2358 amplificatam
996 2294 1098 2357 luisse,
1117 2294 1256 2360 quoniam,

119 2363 176 2414 rid.
190 2364 305 2414 Becker.
320 2362 436 2413 Obariol.
453 2362 508 2413 ΙΙΙ.
529 2379 555 2428 p.
568 2365 602 2414 st
621 2364 663 2413 ed.
714 2364 778 2413 dum
809 2377 875 2427 opes
904 2362 1109 2414 Atheniensium
1140 2364 1258 2415 maxime

119 2435 271 2485 Hermann.
292 2439 320 2483 et
331 2430 422 2482 Littre
436 2432 556 2484 Oeuvres
570 2432 667 2497 d'Hip·
714 2434 851 2494 florerent,
865 2432 963 2498 legatis
976 2433 1004 2483 in
1016 2433 1100 2495 diem,
1115 2437 1187 2484 teste
1197 2434 1259 2484 Ari-

121 2509 235 2571 poerste
247 2503 280 2553 T.
292 2502 326 2554 V.
339 2517 366 2567 p.
378 2502 412 2551 25
420 2516 496 2568 seqq
515 2503 567 2554 llis
582 2502 666 2569 igitur
715 2501 981 2568 etoph.thsrn.6d‚
988 2506 1055 2554 deae
1063 2502 1146 2553 datae
1155 2503 1258 2554 fuerint

121 2574 249 2626 omnibus
265 2571 430 2622 adiumentis
449 2576 477 2621 et
494 2571 667 2624 talioffioina
716 2572 861 2623 drachmae
879 2571 964 2638 (quod
981 2589 1014 2625 ne
1036 2572 1180 2624 duodecim
1197 2574 1258 2640 qui·

121 2645 158 2695 sd
167 2650 257 2694 artem
271 2642 452 2694 exercendam
464 2647 530 2707 apta
544 2644 666 2694 caruisse
717 2642 778 2695 dem
787 2657 899 2707 grossos
910 2642 994 2692 elfioit
1004 2643 1068 2693 ε.52
1079 2643 1258 2708 oruoigeros),

120 2711 320 2776 Demoeedem,
334 2711 469 2763 Herodoti
480 2713 564 2765 verbs
578 2712 667 2764 deela-
716 2719 744 2764 et
753 2711 866 2762 mediois
875 2712 922 2762 vix
934 2710 990 2762 ulla
999 2715 1058 2761 tum
1070 2711 1179 2776 publiea
1192 2711 1260 2762 data

119 2789 196 2835 rant.
717 2781 801 2832 fuerit
817 2795 935 2844 merces,
955 2780 1018 2831 coll.
1030 2780 1170 2846 Aristopb.
1186 2781 1259 2832 Plut.

157 2849 281 2918 δημοσίῃ
296 2847 477 2917 μισθοῦνται]
501 2852 518 2903 i.
534 2865 556 2902 e.
569 2852 668 2916 publice
716 2851 769 2903 498
800 2849 1040 2915 thuaeritidem
1051 2849 1200 2914 Vahlen,
1213 2867 1261 2901 un·

121 2942 176 2976 ems
192 2926 287 2974 talento
310 2922 458 2973 coadunent.
493 2919 536 2971 Ad
554 2921 667 2971 sormam
719 2921 753 2972 de
779 2920 889 2971 omnino
912 2918 960 2970 illa
984 2924 1091 2974 aetate.
1116 2920 1174 2973 seil.
1196 2927 1260 2970 ante

121 2988 294 3057 μισθοῦνται
312 2989 385 3042 oeni.
400 2991 515 3041 Bredor.
529 3005 592 3056 pag.
607 2989 667 3042 391.
718 2989 791 3043 bella
810 2990 935 3054 Perslea,
952 2992 981 3040 in
993 2990 1199 3041 Atheniensium
1216 3006 1261 3042 ae·

122 3063 165 3114 Ad
184 3077 242 3112 rem
259 3059 423 3126 Wesseling.
441 3075 455 3109 e
472 3059 606 3110 Strabone
619 3061 667 3112 IV.
718 3062 820 3112 ratium
849 3064 929 3110 tanta
959 3060 1101 3112 devenerit
1127 3061 1261 3127 peeuniae

123 3149 149 3198 p.
165 3131 219 3183 273
232 3147 256 3182 e.
273 3129 363 3181 1810.
384 3128 441 3192 (ubi
458 3129 670 3180 rideCasaubo·
718 3132 778 3192 vis,
795 3134 827 3181 nt
840 3131 983 3195 peregrino
996 3131 1117 3195 medico,
1137 3146 1216 3197 quem
1226 3131 1261 3182 ad

123 3201 202 3266 num)
222 3205 317 3263 notat,
343 3198 464 3250 medieos
479 3199 543 3250 olim
561 3199 669 3264 publice
719 3216 776 3252 rem
789 3201 877 3251 luisse
889 3199 968 3252 valde
980 3205 1117 3251 attentum
1128 3199 1201 3253 haud
1217 3216 1263 3252 ae·

123 3270 387 3322 tuisseeonduetos.
417 3267 613 3320 AddDiodor.
628 3269 670 3320 ei·
719 3286 767 3338 gre
784 3270 918 3332 eoneedo,
941 3275 1048 3322 tantum
1066 3270 1195 3322 salarium
1212 3286 1262 3320 an·

124 3341 178 3392 eul.
191 3338 261 3399 llll,
275 3338 318 3391 80.
344 3339 434 3403 Atque
450 3338 671 3390 huiusmodime·
720 3355 803 3391 nuum
830 3340 977 3406 adsignare
1002 3341 1148 3406 potuerint.
1184 3344 1262 3404 Quae

124 3407 381 3475 diei‚quipnbliee
394 3408 669 3476 eouduotipauperes
720 3425 802 3477 quam
818 3425 883 3462 vere
905 3411 963 3461 sint
986 3409 1141 3476 disputata,
1168 3411 1214 3461 vir
1233 3410 1261 3460 in

123 3479 274 3544 curabant,
296 3478 424 3529 dicuntur
442 3469 472 3527 οί
488 3469 669 3543 δημοσιεύον-
720 3479 831 3531 dubium
850 3481 976 3530 revocari
995 3482 1111 3546 poterit;
1138 3496 1172 3531 ne
1196 3496 1262 3531 vero

124 3565 187 3612 τες,
206 3547 264 3600 vid.
277 3546 455 3612 srntophen.
469 3548 586 3599 Acheru.
605 3548 670 3599 1029
719 3551 809 3616 ipsum
826 3549 1029 3601 inoriminemur
1042 3551 1209 3602 Herodotum
1221 3553 1262 3600 ta·

125 3620 220 3684 ibique
240 3616 331 3669 Schol.
353 3615 415 3668 ooll.
434 3616 507 3668 Plut.
525 3618 583 3669 407*
597 3617 669 3669 Plat.
719 3619 758 3670 lia
774 3624 946 3671 enarrantem
964 3621 1023 3671 sive
1041 3620 1261 3686 emplifioantem‚

125 3687 239 3740 Politie.
251 3703 313 3753 pag.
331 3686 383 3738 259
394 3688 426 3736 A.
443 3687 486 3737 Tu
498 3688 571 3739 coni.
583 3688 617 3738 de
627 3686 670 3738 his
721 3689 823 3753 obstat,
832 3688 902 3754 quod
912 3690 1104 3741 uDahlmanno
1115 3687 1263 3755 probabili-

124 3757 269 3809 Welelrer:
280 3756 379 3808 Kleine
392 3756 503 3810 Schrilt.
516 3757 568 3809 111.
580 3773 606 3822 p.
619 3756 670 3808 230
721 3764 765 3811 ter
784 3759 920 3823 disputari
940 3759 975 3810 ad
989 3760 1047 3821 ΙΙΙ,
1068 3761 1114 3811 121
1134 3758 1262 3822 diximus,

126 3844 197 3894 seq,
210 3826 450 3879 Beeker,Ohariel.
462 3827 514 3876 111.
530 3842 556 3892 p.
566 3827 600 3879 50
611 3842 668 3891 seq.
720 3828 890 3880 Herodotum
909 3827 968 3879 soil.
987 3829 1014 3877 in
1028 3831 1128 3894 Magna
1145 3828 1262 3879 Graecia

128 3899 172 3950 ed.
192 3899 360 3961 Hermann,
377 3894 510 3960 Raugabe
534 3896 669 3962 Antiquit.
721 3899 756 3949 ab
769 3899 853 3964 ipsis,
870 3898 942 3963 quod
952 3898 1099 3970 suspiceris
1110 3897 1185 3961 lieet,
1199 3897 1264 3948 Cro·

127 3966 267 4033 Helleniq.
281 3967 319 4018 ll.
336 3982 400 4033 pag.
422 3965 464 4018 35.
483 3965 525 4017 99.
551 3966 671 4018 Graecos
720 3969 836 4019 tonistis
852 3966 1084 4032 taliaeooepisse‚
1097 3966 1265 4032 quipopula-

127 4051 268 4099 nummos,
290 4034 314 4087 si
338 4036 375 4086 sd
392 4039 514 4086 nostram
536 4040 672 4087 monetam
722 4040 761 4088 ris
779 4038 821 4088 sui
839 4052 938 4087 nomen
958 4042 989 4088 nt
1007 4037 1179 4088 celebrarent
1195 4037 1266 4088 eins-

127 4106 284 4168 reroearis,
306 4120 389 4156 uuum
415 4103 550 4156 talentum
564 4105 673 4158 Atticum
722 4106 961 4174 quelaudenimis
978 4112 1075 4170 aucte,
1094 4107 1135 4157 uti
1150 4107 1209 4159 lieri
1223 4121 1267 4158 so·
1325 4163 1332 4175 .

128 4177 214 4243 (quod
223 4176 270 4227 hio
280 4175 388 4242 quidem
400 4173 604 4241 intelligendum
615 4190 673 4226 esse
722 4177 773 4241 let,
786 4177 977 4243 gloriarentur,
989 4177 1058 4228 talis
1069 4178 1204 4244 sparsisse
1218 4193 1266 4244 pu·

127 4249 188 4297 iure
205 4246 287 4297 nohis
309 4260 415 4296 sumere
436 4260 517 4310 posse
536 4245 671 4309 ridemur)
723 4248 801 4298 tandi
813 4248 877 4298 sint.

128 4315 258 4368 oontleiet
271 4315 340 4366 1447
355 4314 510 4380 imperiales
527 4313 675 4378 (Saxonn.)
759 4314 837 4366 donia
845 4305 998 4380 ταλάντων]
1011 4316 1053 4366 Ad
1065 4316 1179 4367 formam
1191 4314 1267 4366 δυῶν

128 4391 157 4438 et
172 4385 206 4438 lt
217 4399 307 4453 gross.
317 4385 449 4448 Saxoun„
463 4401 485 4435 s.
496 4385 566 4436 2995
578 4386 674 4437 floren.
724 4385 777 4451 (ita
794 4387 866 4438 enim
877 4386 988 4451 plurimi
1005 4385 1082 4451 libri)
1100 4387 1135 4440 el.
1150 4386 1267 4437 Bredov.

128 4457 163 4510 59
178 4457 319 4520 οτοοίρρ.;
341 4458 449 4506 eentum
467 4455 557 4505 minae
575 4470 675 4522 aequa·
725 4474 751 4520 p.
767 4457 818 4506 ent
833 4471 906 4522 seq„
925 4459 971 4521 qni
983 4455 1035 4507 hae
1052 4456 1167 4521 genltivi
1181 4456 1267 4506 lor-rna

128 4526 198 4578 bunt
213 4525 283 4576 2412
303 4523 459 4589 imperiales
474 4523 507 4574 19
524 4540 613 4591 μονα.
625 4524 675 4575 Sa·
724 4528 854 4579 Nostrum
868 4541 975 4591 semper
986 4541 1065 4576 usum
1079 4541 1139 4576 esse
1149 4523 1238 4576 docet.
