<?xml version="1.0" encoding="UTF-8"?>
<!DOCTYPE html PUBLIC "-//W3C//DTD XHTML 1.0 Transitional//EN"
    "http://www.w3.org/TR/xhtml1/DTD/xhtml1-transitional.dtd">
<html xmlns="http://www.w3.org/1999/xhtml" xml:lang="en" lang="en">
 <head>
  <title>
</title>
<meta http-equiv="Content-Type" content="text/html;charset=utf-8" />
  <meta name='ocr-system' content='tesseract 3.04.00' />
  <meta name='ocr-capabilities' content='ocr_page ocr_carea ocr_par ocr_line ocrx_word'/>
</head>
<body>
  <div class='ocr_page' id='page_1' title='image "./herodotihalicar00unkngoog/herodotihalicar00unkngoog_0213.png"; bbox 0 0 3042 5125; ppageno 0'>
   <div class='ocr_carea' id='block_1_1' title="bbox 476 359 1263 467">
    <p class='ocr_par' dir='ltr' id='par_1_1' title="bbox 476 359 1263 467">
     <span class='ocr_line' id='line_1_1' title="bbox 476 359 1263 467; baseline 0.008 -8"><span class='ocrx_word' id='word_1_1' title='bbox 476 359 909 467; x_wconf 55' lang='lat' dir='ltr'><strong>mammon</strong></span> <span class='ocrx_word' id='word_1_2' title='bbox 1203 406 1263 466; x_wconf 60' lang='lat' dir='ltr'><strong>m</strong></span> 
     </span>
    </p>
   </div>
   <div class='ocr_carea' id='block_1_2' title="bbox 137 586 1263 992">
    <p class='ocr_par' dir='ltr' id='par_1_2' title="bbox 137 586 1263 992">
     <span class='ocr_line' id='line_1_2' title="bbox 139 586 1263 681; baseline 0.007 -26"><span class='ocrx_word' id='word_1_3' title='bbox 139 614 225 675; x_wconf 82' lang='grc' dir='ltr'><strong><em>φονα</em></strong></span> <span class='ocrx_word' id='word_1_4' title='bbox 237 594 346 675; x_wconf 81' lang='grc' dir='ltr'><strong><em>σφίσι·</em></strong></span> <span class='ocrx_word' id='word_1_5' title='bbox 372 590 430 659; x_wconf 80' lang='grc' dir='ltr'><strong>καλ</strong></span> <span class='ocrx_word' id='word_1_6' title='bbox 444 594 478 658; x_wconf 84' lang='grc' dir='ltr'><strong><em>ολ</em></strong></span> <span class='ocrx_word' id='word_1_7' title='bbox 488 589 551 678; x_wconf 74' lang='grc' dir='ltr'><strong>μὲν</strong></span> <span class='ocrx_word' id='word_1_8' title='bbox 568 586 681 660; x_wconf 74' lang='grc' dir='ltr'><strong><em>αὐτῶν</em></strong></span> <span class='ocrx_word' id='word_1_9' title='bbox 695 592 839 681; x_wconf 75' lang='grc' dir='ltr'><em>νομάδες</em></span> <span class='ocrx_word' id='word_1_10' title='bbox 853 596 937 681; x_wconf 81' lang='grc' dir='ltr'><em>εἰσὶ,</em></span> <span class='ocrx_word' id='word_1_11' title='bbox 956 599 992 662; x_wconf 83' lang='grc' dir='ltr'><strong><em>ολ</em></strong></span> <span class='ocrx_word' id='word_1_12' title='bbox 1002 594 1039 662; x_wconf 75' lang='grc' dir='ltr'><strong>δὲ</strong></span> <span class='ocrx_word' id='word_1_13' title='bbox 1052 592 1110 680; x_wconf 79' lang='lat' dir='ltr'><strong>od,</strong></span> <span class='ocrx_word' id='word_1_14' title='bbox 1127 600 1162 663; x_wconf 86' lang='grc' dir='ltr'><strong><em>ολ</em></strong></span> <span class='ocrx_word' id='word_1_15' title='bbox 1174 594 1211 662; x_wconf 74' lang='grc' dir='ltr'><strong>δὲ</strong></span> <span class='ocrx_word' id='word_1_16' title='bbox 1226 598 1263 663; x_wconf 77' lang='grc' dir='ltr'><strong>ἐν</strong></span> 
     </span>
     <span class='ocr_line' id='line_1_3' title="bbox 138 693 1261 785; baseline 0.007 -26"><span class='ocrx_word' id='word_1_17' title='bbox 138 706 211 760; x_wconf 78' lang='lat' dir='ltr'><strong>rotor</strong></span> <span class='ocrx_word' id='word_1_18' title='bbox 228 694 313 761; x_wconf 79' lang='grc' dir='ltr'><strong><em>ἕλεσι</em></strong></span> <span class='ocrx_word' id='word_1_19' title='bbox 337 696 483 763; x_wconf 78' lang='grc' dir='ltr'><strong><em>οἰκέουσι</em></strong></span> <span class='ocrx_word' id='word_1_20' title='bbox 503 698 564 762; x_wconf 80' lang='grc' dir='ltr'><strong>τοῦ</strong></span> <span class='ocrx_word' id='word_1_21' title='bbox 582 701 735 784; x_wconf 80' lang='grc' dir='ltr'><strong><em>ποταμοῦ</em></strong></span> <span class='ocrx_word' id='word_1_22' title='bbox 755 698 812 764; x_wconf 84' lang='grc' dir='ltr'><strong><em>καὶ</em></strong></span> <span class='ocrx_word' id='word_1_23' title='bbox 835 701 935 783; x_wconf 77' lang='grc' dir='ltr'><strong><em>ἰχθῦς</em></strong></span> <span class='ocrx_word' id='word_1_24' title='bbox 954 700 1119 767; x_wconf 76' lang='grc' dir='ltr'><strong><em>σιτέονται</em></strong></span> <span class='ocrx_word' id='word_1_25' title='bbox 1141 693 1261 785; x_wconf 71' lang='grc' dir='ltr'><strong><em>ὠμοὺς,</em></strong></span> 
     </span>
     <span class='ocr_line' id='line_1_4' title="bbox 137 792 1261 889; baseline 0.008 -28"><span class='ocrx_word' id='word_1_26' title='bbox 137 792 203 873; x_wconf 77' lang='grc' dir='ltr'><strong>τούς</strong></span> <span class='ocrx_word' id='word_1_27' title='bbox 221 798 367 883; x_wconf 71' lang='grc' dir='ltr'><strong><em>αἱρέουσι</em></strong></span> <span class='ocrx_word' id='word_1_28' title='bbox 392 800 428 867; x_wconf 81' lang='grc' dir='ltr'><strong>ἐκ</strong></span> <span class='ocrx_word' id='word_1_29' title='bbox 448 805 576 866; x_wconf 79' lang='grc' dir='ltr'><strong><em>πλοίων</em></strong></span> <span class='ocrx_word' id='word_1_30' title='bbox 594 807 789 887; x_wconf 76' lang='grc' dir='ltr'><strong><em>καλαμίνων</em></strong></span> <span class='ocrx_word' id='word_1_31' title='bbox 808 794 1015 889; x_wconf 79' lang='grc' dir='ltr'><strong><em>ὁρμεόμενοι.</em></strong></span> <span class='ocrx_word' id='word_1_32' title='bbox 1050 798 1203 889; x_wconf 77' lang='grc' dir='ltr'><strong><em>καλάμου</em></strong></span> <span class='ocrx_word' id='word_1_33' title='bbox 1224 802 1261 870; x_wconf 74' lang='grc' dir='ltr'><strong>δὲ</strong></span> 
     </span>
     <span class='ocr_line' id='line_1_5' title="bbox 138 894 1261 992; baseline 0.005 -26"><span class='ocrx_word' id='word_1_34' title='bbox 138 903 169 966; x_wconf 81' lang='grc' dir='ltr'><strong>ἓν</strong></span> <span class='ocrx_word' id='word_1_35' title='bbox 184 895 263 985; x_wconf 75' lang='grc' dir='ltr'><strong><em>νόνν</em></strong></span> <span class='ocrx_word' id='word_1_36' title='bbox 283 908 403 969; x_wconf 79' lang='grc' dir='ltr'><strong><em>πλοῖον</em></strong></span> <span class='ocrx_word' id='word_1_37' title='bbox 429 903 569 972; x_wconf 77' lang='grc' dir='ltr'><strong><em>ἕκαστον</em></strong></span> <span class='ocrx_word' id='word_1_38' title='bbox 590 903 756 971; x_wconf 82' lang='grc' dir='ltr'><strong>ποιέεται.Ι</strong></span> <span class='ocrx_word' id='word_1_39' title='bbox 782 894 876 972; x_wconf 83' lang='grc' dir='ltr'><strong><em>οὗτοι</em></strong></span> <span class='ocrx_word' id='word_1_40' title='bbox 900 903 963 992; x_wconf 77' lang='grc' dir='ltr'><strong>μὲν</strong></span> <span class='ocrx_word' id='word_1_41' title='bbox 988 902 1029 992; x_wconf 75' lang='grc' dir='ltr'><strong>δὴ</strong></span> <span class='ocrx_word' id='word_1_42' title='bbox 1048 909 1116 972; x_wconf 75' lang='grc' dir='ltr'><strong>τῶν</strong></span> <span class='ocrx_word' id='word_1_43' title='bbox 1144 900 1261 973; x_wconf 77' lang='grc' dir='ltr'><strong><em>Ἰνδῶν</em></strong></span> 
     </span>
    </p>
   </div>
   <div class='ocr_carea' id='block_1_3' title="bbox 133 1063 1277 2041">
    <p class='ocr_par' dir='ltr' id='par_1_3' title="bbox 133 1063 1277 2041">
     <span class='ocr_line' id='line_1_6' title="bbox 136 1063 1262 1130; baseline 0.004 -15"><span class='ocrx_word' id='word_1_44' title='bbox 136 1063 157 1114; x_wconf 87' lang='grc'><strong>3.</strong></span> <span class='ocrx_word' id='word_1_45' title='bbox 176 1080 232 1130; x_wconf 76' lang='lat' dir='ltr'><strong>pag.</strong></span> <span class='ocrx_word' id='word_1_46' title='bbox 252 1066 302 1117; x_wconf 77' lang='lat'><strong>295</strong></span> <span class='ocrx_word' id='word_1_47' title='bbox 320 1066 354 1118; x_wconf 90' lang='lat' dir='ltr'><strong>de</strong></span> <span class='ocrx_word' id='word_1_48' title='bbox 372 1068 501 1118; x_wconf 86' lang='lat' dir='ltr'><strong>Indorum</strong></span> <span class='ocrx_word' id='word_1_49' title='bbox 524 1068 665 1120; x_wconf 77' lang='lat' dir='ltr'>ordinibus</span> <span class='ocrx_word' id='word_1_50' title='bbox 716 1070 839 1122; x_wconf 88' lang='lat' dir='ltr'><strong>tudinem</strong></span> <span class='ocrx_word' id='word_1_51' title='bbox 849 1075 875 1121; x_wconf 89' lang='lat' dir='ltr'><strong>et</strong></span> <span class='ocrx_word' id='word_1_52' title='bbox 886 1072 921 1120; x_wconf 86' lang='lat' dir='ltr'><strong>ad</strong></span> <span class='ocrx_word' id='word_1_53' title='bbox 929 1071 1020 1122; x_wconf 84' lang='lat' dir='ltr'><strong>varios</strong></span> <span class='ocrx_word' id='word_1_54' title='bbox 1028 1072 1177 1123; x_wconf 85' lang='lat' dir='ltr'><strong>vitacusus</strong></span> <span class='ocrx_word' id='word_1_55' title='bbox 1186 1071 1262 1120; x_wconf 87' lang='lat' dir='ltr'><strong>adbi-</strong></span> 
     </span>
     <span class='ocr_line' id='line_1_7' title="bbox 136 1134 1260 1206; baseline 0.006 -22"><span class='ocrx_word' id='word_1_56' title='bbox 136 1134 225 1197; x_wconf 70' lang='lat' dir='ltr'><strong>(Coelen</strong></span> <span class='ocrx_word' id='word_1_57' title='bbox 236 1138 347 1201; x_wconf 84' lang='lat' dir='ltr'><strong>vocant)</strong></span> <span class='ocrx_word' id='word_1_58' title='bbox 359 1137 494 1189; x_wconf 83' lang='lat' dir='ltr'><strong>disserens</strong></span> <span class='ocrx_word' id='word_1_59' title='bbox 511 1152 612 1204; x_wconf 84' lang='lat' dir='ltr'><strong>sasque</strong></span> <span class='ocrx_word' id='word_1_60' title='bbox 629 1139 664 1188; x_wconf 84' lang='lat' dir='ltr'><strong>sd</strong></span> <span class='ocrx_word' id='word_1_61' title='bbox 714 1140 936 1206; x_wconf 69' lang='lat' dir='ltr'><strong>beturlnostrum</strong></span> <span class='ocrx_word' id='word_1_62' title='bbox 943 1140 1138 1205; x_wconf 76' lang='lat' dir='ltr'><strong>Burnbusnoltr).</strong></span> <span class='ocrx_word' id='word_1_63' title='bbox 1156 1143 1198 1190; x_wconf 88' lang='lat' dir='ltr'><strong>De</strong></span> <span class='ocrx_word' id='word_1_64' title='bbox 1208 1141 1260 1191; x_wconf 90' lang='lat' dir='ltr'><strong>hoc</strong></span> 
     </span>
     <span class='ocr_line' id='line_1_8' title="bbox 136 1204 1277 1276; baseline 0.007 -25"><span class='ocrx_word' id='word_1_65' title='bbox 136 1204 244 1254; x_wconf 81' lang='lat' dir='ltr'><strong>diversas</strong></span> <span class='ocrx_word' id='word_1_66' title='bbox 266 1209 389 1271; x_wconf 79' lang='lat' dir='ltr'><strong>gentium</strong></span> <span class='ocrx_word' id='word_1_67' title='bbox 409 1208 508 1273; x_wconf 88' lang='lat' dir='ltr'><strong>stirpes</strong></span> <span class='ocrx_word' id='word_1_68' title='bbox 530 1222 665 1259; x_wconf 85' lang='lat' dir='ltr'><strong>revocans</strong></span> <span class='ocrx_word' id='word_1_69' title='bbox 715 1210 811 1261; x_wconf 89' lang='lat' dir='ltr'><strong>Indico</strong></span> <span class='ocrx_word' id='word_1_70' title='bbox 822 1211 926 1261; x_wconf 84' lang='lat' dir='ltr'><strong>calamo</strong></span> <span class='ocrx_word' id='word_1_71' title='bbox 936 1212 993 1261; x_wconf 87' lang='lat' dir='ltr'><strong>vid.</strong></span> <span class='ocrx_word' id='word_1_72' title='bbox 1003 1226 1065 1265; x_wconf 85' lang='lat' dir='ltr'><strong>mox</strong></span> <span class='ocrx_word' id='word_1_73' title='bbox 1076 1212 1165 1276; x_wconf 84' lang='lat' dir='ltr'><strong>plura.</strong></span> <span class='ocrx_word' id='word_1_74' title='bbox 1180 1211 1259 1272; x_wconf 82' lang='lat' dir='ltr'><strong>Quod</strong></span> <span class='ocrx_word' id='word_1_75' title='bbox 1274 1236 1277 1243; x_wconf 90' lang='lat'>·</span> 
     </span>
     <span class='ocr_line' id='line_1_9' title="bbox 135 1271 1259 1346; baseline 0.006 -24"><span class='ocrx_word' id='word_1_76' title='bbox 135 1271 193 1324; x_wconf 82' lang='lat' dir='ltr'><strong>baec</strong></span> <span class='ocrx_word' id='word_1_77' title='bbox 209 1274 342 1326; x_wconf 76' lang='lat' dir='ltr'>Herodoti</span> <span class='ocrx_word' id='word_1_78' title='bbox 359 1277 444 1328; x_wconf 81' lang='lat' dir='ltr'><strong>rerba</strong></span> <span class='ocrx_word' id='word_1_79' title='bbox 461 1293 493 1328; x_wconf 89' lang='lat' dir='ltr'><strong>eo</strong></span> <span class='ocrx_word' id='word_1_80' title='bbox 514 1278 601 1343; x_wconf 83' lang='lat' dir='ltr'><strong>magis</strong></span> <span class='ocrx_word' id='word_1_81' title='bbox 623 1294 665 1327; x_wconf 90' lang='lat' dir='ltr'><strong>re·</strong></span> <span class='ocrx_word' id='word_1_82' title='bbox 714 1280 897 1346; x_wconf 59' lang='lat' dir='ltr'><strong>ii&#39;esselingio</strong></span> <span class='ocrx_word' id='word_1_83' title='bbox 913 1282 940 1329; x_wconf 92' lang='lat' dir='ltr'><strong>in</strong></span> <span class='ocrx_word' id='word_1_84' title='bbox 952 1287 1070 1331; x_wconf 87' lang='lat' dir='ltr'><strong>mentem</strong></span> <span class='ocrx_word' id='word_1_85' title='bbox 1084 1271 1259 1344; x_wconf 66' lang='lat' dir='ltr'><strong>veneratio-</strong></span> 
     </span>
     <span class='ocr_line' id='line_1_10' title="bbox 135 1340 1260 1431; baseline 0.008 -39"><span class='ocrx_word' id='word_1_86' title='bbox 135 1344 194 1407; x_wconf 86' lang='lat' dir='ltr'><strong>spici</strong></span> <span class='ocrx_word' id='word_1_87' title='bbox 205 1343 274 1407; x_wconf 76' lang='lat' dir='ltr'><strong>vult,</strong></span> <span class='ocrx_word' id='word_1_88' title='bbox 295 1361 349 1410; x_wconf 90' lang='lat' dir='ltr'><strong>quo</strong></span> <span class='ocrx_word' id='word_1_89' title='bbox 362 1348 454 1397; x_wconf 84' lang='lat' dir='ltr'><strong>verius</strong></span> <span class='ocrx_word' id='word_1_90' title='bbox 471 1346 520 1396; x_wconf 92' lang='lat' dir='ltr'><strong>illa</strong></span> <span class='ocrx_word' id='word_1_91' title='bbox 533 1347 609 1397; x_wconf 88' lang='lat' dir='ltr'><strong>dicta</strong></span> <span class='ocrx_word' id='word_1_92' title='bbox 622 1348 664 1396; x_wconf 81' lang='lat' dir='ltr'><strong>vi·</strong></span> <span class='ocrx_word' id='word_1_93' title='bbox 715 1341 862 1413; x_wconf 66' lang='grc' dir='ltr'><strong><em>μαιόμενοι</em></strong></span> <span class='ocrx_word' id='word_1_94' title='bbox 879 1350 926 1415; x_wconf 92' lang='lat' dir='ltr'><strong>(ab</strong></span> <span class='ocrx_word' id='word_1_95' title='bbox 941 1340 1064 1414; x_wconf 77' lang='grc' dir='ltr'><strong><em>ὁρμιάν,</em></strong></span> <span class='ocrx_word' id='word_1_96' title='bbox 1086 1350 1158 1401; x_wconf 79' lang='lat' dir='ltr'><strong>nono</strong></span> <span class='ocrx_word' id='word_1_97' title='bbox 1170 1352 1260 1431; x_wconf 73' lang='lat' dir='ltr'><strong>pisces</strong></span> 
     </span>
     <span class='ocr_line' id='line_1_11' title="bbox 135 1412 1258 1485; baseline 0.004 -24"><span class='ocrx_word' id='word_1_98' title='bbox 135 1412 235 1463; x_wconf 85' lang='lat' dir='ltr'><strong>deantur</strong></span> <span class='ocrx_word' id='word_1_99' title='bbox 247 1415 285 1477; x_wconf 89' lang='lat' dir='ltr'><strong>ei,</strong></span> <span class='ocrx_word' id='word_1_100' title='bbox 309 1416 451 1482; x_wconf 84' lang='lat' dir='ltr'><strong>quiquam</strong></span> <span class='ocrx_word' id='word_1_101' title='bbox 469 1416 595 1468; x_wconf 79' lang='lat' dir='ltr'><strong>diversae</strong></span> <span class='ocrx_word' id='word_1_102' title='bbox 608 1417 665 1465; x_wconf 90' lang='lat' dir='ltr'><strong>sint</strong></span> <span class='ocrx_word' id='word_1_103' title='bbox 715 1417 817 1485; x_wconf 81' lang='lat' dir='ltr'><strong>copto),</strong></span> <span class='ocrx_word' id='word_1_104' title='bbox 832 1419 957 1485; x_wconf 89' lang='lat' dir='ltr'><strong>quodque</strong></span> <span class='ocrx_word' id='word_1_105' title='bbox 966 1421 1080 1469; x_wconf 82' lang='lat' dir='ltr'><strong>Pauwio</strong></span> <span class='ocrx_word' id='word_1_106' title='bbox 1091 1412 1258 1482; x_wconf 80' lang='grc' dir='ltr'><strong><em>ὁρμιωμενοι</em></strong></span> 
     </span>
     <span class='ocr_line' id='line_1_12' title="bbox 135 1478 1257 1554; baseline 0.004 -22"><span class='ocrx_word' id='word_1_107' title='bbox 135 1488 215 1547; x_wconf 85' lang='lat' dir='ltr'><strong>gentes</strong></span> <span class='ocrx_word' id='word_1_108' title='bbox 242 1488 380 1536; x_wconf 85' lang='lat' dir='ltr'><strong>communi</strong></span> <span class='ocrx_word' id='word_1_109' title='bbox 401 1487 531 1537; x_wconf 88' lang='lat' dir='ltr'><strong>Indorum</strong></span> <span class='ocrx_word' id='word_1_110' title='bbox 555 1487 664 1537; x_wconf 87' lang='lat' dir='ltr'><strong>nomine</strong></span> <span class='ocrx_word' id='word_1_111' title='bbox 711 1483 953 1554; x_wconf 69' lang='lat' dir='ltr'><strong>taboopsdlineo,</strong></span> <span class='ocrx_word' id='word_1_112' title='bbox 974 1491 1074 1548; x_wconf 69' lang='lat' dir='ltr'><strong>donus,</strong></span> <span class='ocrx_word' id='word_1_113' title='bbox 1095 1478 1257 1552; x_wconf 68' lang='lat' dir='ltr'><strong>audebunt-</strong></span> 
     </span>
     <span class='ocr_line' id='line_1_13' title="bbox 135 1550 1258 1624; baseline 0.006 -24"><span class='ocrx_word' id='word_1_114' title='bbox 135 1552 202 1617; x_wconf 79' lang='lat' dir='ltr'><strong>vulgo</strong></span> <span class='ocrx_word' id='word_1_115' title='bbox 217 1554 441 1620; x_wconf 73' lang='lat' dir='ltr'><strong>comprehensae,</strong></span> <span class='ocrx_word' id='word_1_116' title='bbox 459 1558 529 1608; x_wconf 85' lang='lat' dir='ltr'><strong>satis</strong></span> <span class='ocrx_word' id='word_1_117' title='bbox 544 1557 661 1609; x_wconf 85' lang='lat' dir='ltr'><strong>noverit.</strong></span> <span class='ocrx_word' id='word_1_118' title='bbox 712 1550 809 1623; x_wconf 83' lang='grc' dir='ltr'><strong><em>αόμαι,</em></strong></span> <span class='ocrx_word' id='word_1_119' title='bbox 821 1561 892 1610; x_wconf 72' lang='lat' dir='ltr'><strong>luam</strong></span> <span class='ocrx_word' id='word_1_120' title='bbox 904 1556 1004 1624; x_wconf 83' lang='lat' dir='ltr'><strong>cupio),</strong></span> <span class='ocrx_word' id='word_1_121' title='bbox 1017 1558 1069 1608; x_wconf 91' lang='lat' dir='ltr'><strong>hoc</strong></span> <span class='ocrx_word' id='word_1_122' title='bbox 1078 1564 1194 1623; x_wconf 89' lang='lat' dir='ltr'><strong>utroque</strong></span> <span class='ocrx_word' id='word_1_123' title='bbox 1203 1573 1258 1607; x_wconf 91' lang='lat' dir='ltr'><strong>non</strong></span> 
     </span>
     <span class='ocr_line' id='line_1_14' title="bbox 134 1621 1257 1694; baseline 0.005 -24"><span class='ocrx_word' id='word_1_124' title='bbox 134 1622 165 1671; x_wconf 83' lang='lat' dir='ltr'><strong>Ut</strong></span> <span class='ocrx_word' id='word_1_125' title='bbox 179 1621 242 1672; x_wconf 85' lang='lat' dir='ltr'><strong>enim</strong></span> <span class='ocrx_word' id='word_1_126' title='bbox 265 1626 293 1674; x_wconf 92' lang='lat' dir='ltr'><strong>in</strong></span> <span class='ocrx_word' id='word_1_127' title='bbox 310 1625 406 1676; x_wconf 87' lang='lat' dir='ltr'><strong>multis</strong></span> <span class='ocrx_word' id='word_1_128' title='bbox 425 1625 486 1677; x_wconf 86' lang='lat' dir='ltr'><strong>aliis</strong></span> <span class='ocrx_word' id='word_1_129' title='bbox 506 1626 587 1677; x_wconf 88' lang='lat' dir='ltr'><strong>rebus</strong></span> <span class='ocrx_word' id='word_1_130' title='bbox 612 1641 662 1676; x_wconf 90' lang='lat' dir='ltr'><strong>nec</strong></span> <span class='ocrx_word' id='word_1_131' title='bbox 713 1644 791 1694; x_wconf 90' lang='lat' dir='ltr'><strong>opns.</strong></span> <span class='ocrx_word' id='word_1_132' title='bbox 825 1627 970 1693; x_wconf 78' lang='lat' dir='ltr'><strong>Vulgatarn</strong></span> <span class='ocrx_word' id='word_1_133' title='bbox 990 1627 1138 1691; x_wconf 81' lang='lat' dir='ltr'><strong>Schweigb.</strong></span> <span class='ocrx_word' id='word_1_134' title='bbox 1157 1628 1257 1676; x_wconf 87' lang='lat' dir='ltr'><strong>Latine</strong></span> 
     </span>
     <span class='ocr_line' id='line_1_15' title="bbox 134 1691 1257 1762; baseline 0.006 -23"><span class='ocrx_word' id='word_1_135' title='bbox 134 1691 225 1743; x_wconf 84' lang='lat' dir='ltr'><strong>loribus</strong></span> <span class='ocrx_word' id='word_1_136' title='bbox 243 1696 363 1747; x_wconf 82' lang='lat' dir='ltr'><strong>maxime</strong></span> <span class='ocrx_word' id='word_1_137' title='bbox 381 1695 508 1747; x_wconf 81' lang='lat' dir='ltr'><strong>differunt</strong></span> <span class='ocrx_word' id='word_1_138' title='bbox 526 1696 576 1747; x_wconf 89' lang='lat' dir='ltr'><strong>bae</strong></span> <span class='ocrx_word' id='word_1_139' title='bbox 595 1712 662 1761; x_wconf 83' lang='lat' dir='ltr'><strong>gen·</strong></span> <span class='ocrx_word' id='word_1_140' title='bbox 712 1700 753 1749; x_wconf 87' lang='lat' dir='ltr'><strong>sio</strong></span> <span class='ocrx_word' id='word_1_141' title='bbox 768 1697 872 1748; x_wconf 82' lang='lat' dir='ltr'><strong>reddit:</strong></span> <span class='ocrx_word' id='word_1_142' title='bbox 891 1700 998 1762; x_wconf 74' lang='lat' dir='ltr'><strong>nuoipr&#39;ts</strong></span> <span class='ocrx_word' id='word_1_143' title='bbox 1015 1714 1049 1747; x_wconf 80' lang='lat' dir='ltr'><strong>ex</strong></span> <span class='ocrx_word' id='word_1_144' title='bbox 1060 1698 1185 1746; x_wconf 80' lang='lat' dir='ltr'><strong>arundine</strong></span> <span class='ocrx_word' id='word_1_145' title='bbox 1198 1712 1257 1747; x_wconf 85' lang='lat' dir='ltr'><strong>con-</strong></span> 
     </span>
     <span class='ocr_line' id='line_1_16' title="bbox 134 1763 1257 1831; baseline 0.004 -22"><span class='ocrx_word' id='word_1_146' title='bbox 134 1765 182 1824; x_wconf 77' lang='grc' dir='ltr'><strong><em>λιι,</em></strong></span> <span class='ocrx_word' id='word_1_147' title='bbox 203 1763 239 1812; x_wconf 91' lang='lat' dir='ltr'><strong>ita</strong></span> <span class='ocrx_word' id='word_1_148' title='bbox 261 1765 312 1816; x_wconf 91' lang='lat' dir='ltr'><strong>boc</strong></span> <span class='ocrx_word' id='word_1_149' title='bbox 333 1781 441 1831; x_wconf 88' lang='lat' dir='ltr'><strong>qnoque</strong></span> <span class='ocrx_word' id='word_1_150' title='bbox 461 1768 564 1831; x_wconf 88' lang='lat' dir='ltr'><strong>ipsum,</strong></span> <span class='ocrx_word' id='word_1_151' title='bbox 589 1764 662 1831; x_wconf 85' lang='lat' dir='ltr'><strong>quod</strong></span> <span class='ocrx_word' id='word_1_152' title='bbox 708 1767 786 1831; x_wconf 76' lang='lat' dir='ltr'><strong>fectis</strong></span> <span class='ocrx_word' id='word_1_153' title='bbox 803 1770 962 1827; x_wconf 79' lang='lat' dir='ltr'><strong>insectantes,</strong></span> <span class='ocrx_word' id='word_1_154' title='bbox 976 1772 1004 1817; x_wconf 87' lang='lat' dir='ltr'><strong>et</strong></span> <span class='ocrx_word' id='word_1_155' title='bbox 1017 1768 1046 1812; x_wconf 93' lang='lat' dir='ltr'><strong>in</strong></span> <span class='ocrx_word' id='word_1_156' title='bbox 1058 1773 1125 1814; x_wconf 86' lang='lat' dir='ltr'><strong>nota</strong></span> <span class='ocrx_word' id='word_1_157' title='bbox 1135 1765 1171 1813; x_wconf 92' lang='lat' dir='ltr'><strong>ad</strong></span> <span class='ocrx_word' id='word_1_158' title='bbox 1181 1764 1208 1815; x_wconf 90' lang='lat' dir='ltr'><strong>h.</strong></span> <span class='ocrx_word' id='word_1_159' title='bbox 1222 1766 1257 1816; x_wconf 87' lang='lat' dir='ltr'><strong>l.:</strong></span> 
     </span>
     <span class='ocr_line' id='line_1_17' title="bbox 134 1833 1257 1902; baseline 0.003 -22"><span class='ocrx_word' id='word_1_160' title='bbox 134 1846 178 1882; x_wconf 90' lang='lat' dir='ltr'><strong>non</strong></span> <span class='ocrx_word' id='word_1_161' title='bbox 189 1833 238 1882; x_wconf 80' lang='lat' dir='ltr'><strong>nni</strong></span> <span class='ocrx_word' id='word_1_162' title='bbox 248 1833 310 1886; x_wconf 85' lang='lat' dir='ltr'><strong>illae</strong></span> <span class='ocrx_word' id='word_1_163' title='bbox 323 1834 422 1902; x_wconf 77' lang='lat' dir='ltr'><strong>lingua</strong></span> <span class='ocrx_word' id='word_1_164' title='bbox 431 1839 544 1886; x_wconf 87' lang='lat' dir='ltr'><strong>utantur</strong></span> <span class='ocrx_word' id='word_1_165' title='bbox 557 1836 663 1885; x_wconf 75' lang='lat' dir='ltr'><strong>eddam·</strong></span> <span class='ocrx_word' id='word_1_166' title='bbox 711 1839 817 1887; x_wconf 82' lang='lat' dir='ltr'><strong>nauibus</strong></span> <span class='ocrx_word' id='word_1_167' title='bbox 825 1838 972 1887; x_wconf 73' lang='lat' dir='ltr'><strong>arundineis</strong></span> <span class='ocrx_word' id='word_1_168' title='bbox 981 1834 1018 1883; x_wconf 87' lang='lat' dir='ltr'><strong>nd</strong></span> <span class='ocrx_word' id='word_1_169' title='bbox 1027 1835 1165 1897; x_wconf 84' lang='lat' dir='ltr'><strong>capiendos</strong></span> <span class='ocrx_word' id='word_1_170' title='bbox 1169 1837 1257 1898; x_wconf 83' lang='lat' dir='ltr'><strong>pisces</strong></span> 
     </span>
     <span class='ocr_line' id='line_1_18' title="bbox 134 1902 1255 1977; baseline 0.003 -27"><span class='ocrx_word' id='word_1_171' title='bbox 134 1916 188 1965; x_wconf 80' lang='lat' dir='ltr'><strong>que,</strong></span> <span class='ocrx_word' id='word_1_172' title='bbox 208 1902 345 1955; x_wconf 90' lang='lat' dir='ltr'><strong>luculento</strong></span> <span class='ocrx_word' id='word_1_173' title='bbox 365 1911 408 1955; x_wconf 86' lang='lat' dir='ltr'><strong>est</strong></span> <span class='ocrx_word' id='word_1_174' title='bbox 424 1905 602 1967; x_wconf 88' lang='lat' dir='ltr'><strong>documento,</strong></span> <span class='ocrx_word' id='word_1_175' title='bbox 622 1905 661 1953; x_wconf 92' lang='lat' dir='ltr'><strong>di·</strong></span> <span class='ocrx_word' id='word_1_176' title='bbox 712 1915 843 1966; x_wconf 74' lang='lat' dir='ltr'><strong>exeuntes,</strong></span> <span class='ocrx_word' id='word_1_177' title='bbox 861 1906 889 1952; x_wconf 89' lang='lat' dir='ltr'><strong>in</strong></span> <span class='ocrx_word' id='word_1_178' title='bbox 900 1918 953 1968; x_wconf 89' lang='lat' dir='ltr'><strong>quo</strong></span> <span class='ocrx_word' id='word_1_179' title='bbox 963 1902 1118 1977; x_wconf 65' lang='lat' dir='ltr'><strong>Geipt&#39;ordio</strong></span> <span class='ocrx_word' id='word_1_180' title='bbox 1129 1902 1255 1966; x_wconf 90' lang='lat' dir='ltr'><strong>displicet</strong></span> 
     </span>
     <span class='ocr_line' id='line_1_19' title="bbox 133 1967 1255 2041; baseline -0.001 -22"><span class='ocrx_word' id='word_1_181' title='bbox 133 1986 214 2021; x_wconf 73' lang='lat' dir='ltr'><strong>narsae</strong></span> <span class='ocrx_word' id='word_1_182' title='bbox 230 1975 322 2039; x_wconf 79' lang='lat' dir='ltr'><strong>stirpis</strong></span> <span class='ocrx_word' id='word_1_183' title='bbox 335 1976 466 2026; x_wconf 90' lang='lat' dir='ltr'><strong>Indorum</strong></span> <span class='ocrx_word' id='word_1_184' title='bbox 479 1990 538 2026; x_wconf 88' lang='lat' dir='ltr'><strong>esse</strong></span> <span class='ocrx_word' id='word_1_185' title='bbox 554 1979 662 2041; x_wconf 80' lang='lat' dir='ltr'><strong>gentes.</strong></span> <span class='ocrx_word' id='word_1_186' title='bbox 711 1990 766 2026; x_wconf 86' lang='lat' dir='ltr'><strong>vox</strong></span> <span class='ocrx_word' id='word_1_187' title='bbox 781 1981 916 2029; x_wconf 73' lang='lat' dir='ltr'><strong>eoewntes,</strong></span> <span class='ocrx_word' id='word_1_188' title='bbox 933 1984 994 2019; x_wconf 84' lang='lat' dir='ltr'><strong>curn</strong></span> <span class='ocrx_word' id='word_1_189' title='bbox 1008 1967 1135 2033; x_wconf 79' lang='grc' dir='ltr'><strong><em>ορμώμαι</em></strong></span> <span class='ocrx_word' id='word_1_190' title='bbox 1152 1973 1255 2036; x_wconf 82' lang='lat' dir='ltr'><strong>signifi-</strong></span> 
     </span>
    </p>
   </div>
   <div class='ocr_carea' id='block_1_4' title="bbox 133 2040 1351 2106">
    <p class='ocr_par' dir='ltr' id='par_1_4' title="bbox 133 2040 1351 2106">
     <span class='ocr_line' id='line_1_20' title="bbox 133 2040 1351 2106; baseline 0.002 -17"><span class='ocrx_word' id='word_1_191' title='bbox 133 2040 216 2106; x_wconf 63' lang='lat' dir='ltr'><strong>laqus</strong></span> <span class='ocrx_word' id='word_1_192' title='bbox 227 2043 259 2093; x_wconf 89' lang='lat' dir='ltr'><strong>ab</strong></span> <span class='ocrx_word' id='word_1_193' title='bbox 274 2045 418 2095; x_wconf 84' lang='lat' dir='ltr'><strong>Herodoto</strong></span> <span class='ocrx_word' id='word_1_194' title='bbox 432 2044 460 2100; x_wconf 87' lang='lat' dir='ltr'><strong>b.</strong></span> <span class='ocrx_word' id='word_1_195' title='bbox 471 2044 490 2095; x_wconf 94' lang='grc'><strong>1.</strong></span> <span class='ocrx_word' id='word_1_196' title='bbox 505 2060 571 2094; x_wconf 78' lang='lat' dir='ltr'><strong>vcra</strong></span> <span class='ocrx_word' id='word_1_197' title='bbox 588 2043 662 2093; x_wconf 90' lang='lat' dir='ltr'><strong>tradi</strong></span> <span class='ocrx_word' id='word_1_198' title='bbox 711 2049 755 2094; x_wconf 91' lang='lat' dir='ltr'><strong>cet</strong></span> <span class='ocrx_word' id='word_1_199' title='bbox 777 2044 871 2092; x_wconf 74' lang='lat' dir='ltr'><strong>initium</strong></span> <span class='ocrx_word' id='word_1_200' title='bbox 895 2048 975 2090; x_wconf 78' lang='lat' dir='ltr'><strong>motus</strong></span> <span class='ocrx_word' id='word_1_201' title='bbox 994 2047 1123 2104; x_wconf 66' lang='lat' dir='ltr'><strong>utumque</strong></span> <span class='ocrx_word' id='word_1_202' title='bbox 1140 2043 1257 2091; x_wconf 77' lang='lat' dir='ltr'><strong>alicunde</strong></span> <span class='ocrx_word' id='word_1_203' title='bbox 1347 2060 1351 2067; x_wconf 92' lang='lat'>·</span> 
     </span>
    </p>
   </div>
   <div class='ocr_carea' id='block_1_5' title="bbox 131 2108 1256 2523">
    <p class='ocr_par' dir='ltr' id='par_1_5' title="bbox 131 2108 1256 2523">
     <span class='ocr_line' id='line_1_21' title="bbox 133 2108 1256 2176; baseline 0.003 -19"><span class='ocrx_word' id='word_1_204' title='bbox 133 2110 235 2161; x_wconf 83' lang='lat' dir='ltr'><strong>affirmat</strong></span> <span class='ocrx_word' id='word_1_205' title='bbox 262 2114 387 2164; x_wconf 87' lang='lat' dir='ltr'><strong>Lassen:</strong></span> <span class='ocrx_word' id='word_1_206' title='bbox 417 2114 544 2165; x_wconf 89' lang='lat' dir='ltr'><strong>Indische</strong></span> <span class='ocrx_word' id='word_1_207' title='bbox 571 2112 661 2163; x_wconf 87' lang='lat' dir='ltr'><strong>Alter·</strong></span> <span class='ocrx_word' id='word_1_208' title='bbox 710 2113 798 2176; x_wconf 83' lang='lat' dir='ltr'><strong>cupio,</strong></span> <span class='ocrx_word' id='word_1_209' title='bbox 823 2108 938 2173; x_wconf 86' lang='lat' dir='ltr'><strong>indeque</strong></span> <span class='ocrx_word' id='word_1_210' title='bbox 958 2108 1090 2158; x_wconf 80' lang='lat' dir='ltr'><strong>Herodoti</strong></span> <span class='ocrx_word' id='word_1_211' title='bbox 1108 2110 1193 2159; x_wconf 80' lang='lat' dir='ltr'><strong>rerba</strong></span> <span class='ocrx_word' id='word_1_212' title='bbox 1209 2126 1256 2175; x_wconf 91' lang='lat' dir='ltr'><strong>po-</strong></span> 
     </span>
     <span class='ocr_line' id='line_1_22' title="bbox 132 2176 1255 2250; baseline 0.002 -22"><span class='ocrx_word' id='word_1_213' title='bbox 132 2179 296 2234; x_wconf 83' lang='lat' dir='ltr'><strong>tbomskundo</strong></span> <span class='ocrx_word' id='word_1_214' title='bbox 313 2186 338 2237; x_wconf 91' lang='lat' dir='ltr'><strong>I.</strong></span> <span class='ocrx_word' id='word_1_215' title='bbox 363 2201 388 2250; x_wconf 89' lang='lat' dir='ltr'><strong>p.</strong></span> <span class='ocrx_word' id='word_1_216' title='bbox 409 2183 545 2247; x_wconf 83' lang='lat' dir='ltr'><strong>388seq.,</strong></span> <span class='ocrx_word' id='word_1_217' title='bbox 566 2183 660 2246; x_wconf 85' lang='lat' dir='ltr'><strong>quiet</strong></span> <span class='ocrx_word' id='word_1_218' title='bbox 710 2181 765 2230; x_wconf 87' lang='lat' dir='ltr'><strong>tius</strong></span> <span class='ocrx_word' id='word_1_219' title='bbox 774 2176 898 2227; x_wconf 82' lang='lat' dir='ltr'><strong>valeant:</strong></span> <span class='ocrx_word' id='word_1_220' title='bbox 915 2180 1047 2242; x_wconf 77' lang='lat' dir='ltr'><strong>enuoipiis</strong></span> <span class='ocrx_word' id='word_1_221' title='bbox 1058 2180 1205 2229; x_wconf 79' lang='lat' dir='ltr'><strong>arundineis</strong></span> <span class='ocrx_word' id='word_1_222' title='bbox 1215 2183 1255 2244; x_wconf 85' lang='lat' dir='ltr'><strong>pi-</strong></span> 
     </span>
     <span class='ocr_line' id='line_1_23' title="bbox 133 2250 1255 2316; baseline 0.002 -19"><span class='ocrx_word' id='word_1_223' title='bbox 133 2250 181 2314; x_wconf 87' lang='lat' dir='ltr'><strong>ipse</strong></span> <span class='ocrx_word' id='word_1_224' title='bbox 191 2252 257 2302; x_wconf 88' lang='lat' dir='ltr'><strong>inter</strong></span> <span class='ocrx_word' id='word_1_225' title='bbox 267 2254 368 2304; x_wconf 84' lang='lat' dir='ltr'><strong>Indiae</strong></span> <span class='ocrx_word' id='word_1_226' title='bbox 385 2253 488 2303; x_wconf 92' lang='lat' dir='ltr'><strong>incolas</strong></span> <span class='ocrx_word' id='word_1_227' title='bbox 503 2251 658 2316; x_wconf 79' lang='lat' dir='ltr'><strong>primitivos</strong></span> <span class='ocrx_word' id='word_1_228' title='bbox 708 2255 825 2308; x_wconf 77' lang='lat' dir='ltr'><strong>reamur,</strong></span> <span class='ocrx_word' id='word_1_229' title='bbox 840 2263 863 2298; x_wconf 87' lang='lat' dir='ltr'><strong>s.</strong></span> <span class='ocrx_word' id='word_1_230' title='bbox 876 2256 978 2298; x_wconf 81' lang='lat' dir='ltr'><strong>utuntur</strong></span> <span class='ocrx_word' id='word_1_231' title='bbox 990 2250 1096 2313; x_wconf 72' lang='lat' dir='ltr'><strong>nuoipiis</strong></span> <span class='ocrx_word' id='word_1_232' title='bbox 1108 2251 1255 2300; x_wconf 81' lang='lat' dir='ltr'><strong>arundineis</strong></span> 
     </span>
     <span class='ocr_line' id='line_1_24' title="bbox 132 2315 1253 2388; baseline -0.001 -21"><span class='ocrx_word' id='word_1_233' title='bbox 132 2318 189 2369; x_wconf 86' lang='lat' dir='ltr'><strong>duas</strong></span> <span class='ocrx_word' id='word_1_234' title='bbox 203 2321 322 2388; x_wconf 81' lang='lat' dir='ltr'><strong>adeoquo</strong></span> <span class='ocrx_word' id='word_1_235' title='bbox 343 2329 400 2373; x_wconf 84' lang='lat' dir='ltr'><strong>tres</strong></span> <span class='ocrx_word' id='word_1_236' title='bbox 419 2322 545 2372; x_wconf 82' lang='lat' dir='ltr'><strong>diversae</strong></span> <span class='ocrx_word' id='word_1_237' title='bbox 563 2318 658 2383; x_wconf 81' lang='lat' dir='ltr'><strong>stirpis</strong></span> <span class='ocrx_word' id='word_1_238' title='bbox 708 2319 893 2382; x_wconf 78' lang='lat' dir='ltr'><strong>odouptandos</strong></span> <span class='ocrx_word' id='word_1_239' title='bbox 898 2320 994 2382; x_wconf 84' lang='lat' dir='ltr'><strong>pisces.</strong></span> <span class='ocrx_word' id='word_1_240' title='bbox 1005 2315 1161 2368; x_wconf 83' lang='lat' dir='ltr'><strong>Larcherus</strong></span> <span class='ocrx_word' id='word_1_241' title='bbox 1170 2319 1253 2369; x_wconf 85' lang='lat' dir='ltr'><strong>scribi</strong></span> 
     </span>
     <span class='ocr_line' id='line_1_25' title="bbox 132 2376 1253 2456; baseline -0.001 -18"><span class='ocrx_word' id='word_1_242' title='bbox 132 2394 213 2453; x_wconf 82' lang='lat' dir='ltr'><strong>gentes</strong></span> <span class='ocrx_word' id='word_1_243' title='bbox 228 2391 360 2456; x_wconf 76' lang='lat' dir='ltr'><strong>distingui</strong></span> <span class='ocrx_word' id='word_1_244' title='bbox 378 2389 450 2452; x_wconf 87' lang='lat' dir='ltr'><strong>vult,</strong></span> <span class='ocrx_word' id='word_1_245' title='bbox 477 2388 512 2439; x_wconf 93' lang='lat' dir='ltr'><strong>ad</strong></span> <span class='ocrx_word' id='word_1_246' title='bbox 531 2403 597 2452; x_wconf 87' lang='lat' dir='ltr'><strong>quas</strong></span> <span class='ocrx_word' id='word_1_247' title='bbox 618 2402 659 2436; x_wconf 87' lang='lat' dir='ltr'><strong>rc·</strong></span> <span class='ocrx_word' id='word_1_248' title='bbox 708 2386 796 2437; x_wconf 75' lang='lat' dir='ltr'><strong>voluit</strong></span> <span class='ocrx_word' id='word_1_249' title='bbox 807 2376 980 2451; x_wconf 79' lang='grc' dir='ltr'><strong><em>ὁρμιομενοι,</em></strong></span> <span class='ocrx_word' id='word_1_250' title='bbox 991 2392 1023 2436; x_wconf 92' lang='lat' dir='ltr'><strong>ut</strong></span> <span class='ocrx_word' id='word_1_251' title='bbox 1032 2401 1103 2438; x_wconf 86' lang='lat' dir='ltr'><strong>nnus</strong></span> <span class='ocrx_word' id='word_1_252' title='bbox 1111 2389 1253 2439; x_wconf 88' lang='lat' dir='ltr'><strong>Parisinus</strong></span> 
     </span>
     <span class='ocr_line' id='line_1_26' title="bbox 131 2455 1252 2523; baseline 0.001 -17"><span class='ocrx_word' id='word_1_253' title='bbox 131 2459 272 2522; x_wconf 85' lang='lat' dir='ltr'><strong>spicicntem</strong></span> <span class='ocrx_word' id='word_1_254' title='bbox 282 2459 455 2511; x_wconf 88' lang='lat' dir='ltr'><strong>Herodotum</strong></span> <span class='ocrx_word' id='word_1_255' title='bbox 463 2461 538 2510; x_wconf 88' lang='lat' dir='ltr'><strong>recte</strong></span> <span class='ocrx_word' id='word_1_256' title='bbox 550 2472 584 2507; x_wconf 93' lang='lat' dir='ltr'><strong>ac</strong></span> <span class='ocrx_word' id='word_1_257' title='bbox 594 2472 659 2507; x_wconf 83' lang='lat' dir='ltr'><strong>vere</strong></span> <span class='ocrx_word' id='word_1_258' title='bbox 707 2456 776 2507; x_wconf 85' lang='lat' dir='ltr'><strong>liber</strong></span> <span class='ocrx_word' id='word_1_259' title='bbox 796 2455 891 2519; x_wconf 83' lang='lat' dir='ltr'><strong>affert,</strong></span> <span class='ocrx_word' id='word_1_260' title='bbox 912 2457 1038 2523; x_wconf 86' lang='lat' dir='ltr'><strong>quodque</strong></span> <span class='ocrx_word' id='word_1_261' title='bbox 1058 2472 1120 2507; x_wconf 89' lang='lat' dir='ltr'><strong>cum</strong></span> <span class='ocrx_word' id='word_1_262' title='bbox 1137 2463 1252 2510; x_wconf 88' lang='lat' dir='ltr'><strong>recentt.</strong></span> 
     </span>
    </p>
   </div>
   <div class='ocr_carea' id='block_1_6' title="bbox 41 2520 1253 2596">
    <p class='ocr_par' dir='ltr' id='par_1_6' title="bbox 41 2520 1253 2596">
     <span class='ocr_line' id='line_1_27' title="bbox 41 2520 1253 2596; baseline 0.002 -21"><span class='ocrx_word' id='word_1_263' title='bbox 41 2540 43 2543; x_wconf 74' lang='grc'>’</span> <span class='ocrx_word' id='word_1_264' title='bbox 132 2525 283 2580; x_wconf 83' lang='lat' dir='ltr'><strong>illatraderc</strong></span> <span class='ocrx_word' id='word_1_265' title='bbox 305 2529 459 2580; x_wconf 81' lang='lat' dir='ltr'><strong>existimat.</strong></span> <span class='ocrx_word' id='word_1_266' title='bbox 497 2526 568 2579; x_wconf 86' lang='lat' dir='ltr'><strong>Add.</strong></span> <span class='ocrx_word' id='word_1_267' title='bbox 590 2525 657 2580; x_wconf 90' lang='lat' dir='ltr'><strong>ibid.</strong></span> <span class='ocrx_word' id='word_1_268' title='bbox 709 2526 771 2579; x_wconf 89' lang='lat' dir='ltr'><strong>edd.</strong></span> <span class='ocrx_word' id='word_1_269' title='bbox 787 2526 850 2577; x_wconf 90' lang='lat' dir='ltr'><strong>inde</strong></span> <span class='ocrx_word' id='word_1_270' title='bbox 866 2526 977 2578; x_wconf 82' lang='lat' dir='ltr'><strong>exhibui</strong></span> <span class='ocrx_word' id='word_1_271' title='bbox 988 2542 1037 2592; x_wconf 86' lang='lat' dir='ltr'><strong>pro</strong></span> <span class='ocrx_word' id='word_1_272' title='bbox 1051 2528 1117 2594; x_wconf 83' lang='lat' dir='ltr'><strong>vulg</strong></span> <span class='ocrx_word' id='word_1_273' title='bbox 1139 2520 1253 2596; x_wconf 76' lang='lat' dir='ltr'><strong>oppeci-</strong></span> 
     </span>
    </p>
   </div>
   <div class='ocr_carea' id='block_1_7' title="bbox 132 2597 1253 2729">
    <p class='ocr_par' dir='ltr' id='par_1_7' title="bbox 132 2597 1253 2729">
     <span class='ocr_line' id='line_1_28' title="bbox 132 2597 1253 2729; baseline 0 -15"><span class='ocrx_word' id='word_1_274' title='bbox 132 2597 268 2716; x_wconf 48' lang='lat' dir='ltr'><strong>Hblffin</strong></span> <span class='ocrx_word' id='word_1_275' title='bbox 285 2668 361 2715; x_wconf 84' lang='grc' dir='ltr'><strong><em>τοῖσι</em></strong></span> <span class='ocrx_word' id='word_1_276' title='bbox 382 2659 453 2715; x_wconf 72' lang='grc' dir='ltr'><strong><em>ἕλεσι</em></strong></span> <span class='ocrx_word' id='word_1_277' title='bbox 470 2658 594 2715; x_wconf 80' lang='grc' dir='ltr'><strong><em>ολκὲονσι</em></strong></span> <span class='ocrx_word' id='word_1_278' title='bbox 609 2660 661 2713; x_wconf 80' lang='grc' dir='ltr'><strong>τοῦ</strong></span> <span class='ocrx_word' id='word_1_279' title='bbox 710 2610 871 2729; x_wconf 58' lang='grc' dir='ltr'><strong>μελλλιιλάμον</strong></span> <span class='ocrx_word' id='word_1_280' title='bbox 891 2657 921 2713; x_wconf 73' lang='lat' dir='ltr'><strong>di</strong></span> <span class='ocrx_word' id='word_1_281' title='bbox 937 2657 970 2713; x_wconf 73' lang='lat' dir='ltr'><strong>‘iv</strong></span> <span class='ocrx_word' id='word_1_282' title='bbox 986 2656 1055 2727; x_wconf 75' lang='grc' dir='ltr'><strong><em>γόον</em></strong></span> <span class='ocrx_word' id='word_1_283' title='bbox 1073 2666 1174 2714; x_wconf 81' lang='grc' dir='ltr'><strong><em>πλοῖον</em></strong></span> <span class='ocrx_word' id='word_1_284' title='bbox 1190 2659 1253 2715; x_wconf 74' lang='grc' dir='ltr'><strong><em>ἕνα·</em></strong></span> 
     </span>
    </p>
   </div>
   <div class='ocr_carea' id='block_1_8' title="bbox 129 2730 1255 2872">
    <p class='ocr_par' dir='ltr' id='par_1_8' title="bbox 129 2730 1255 2872">
     <span class='ocr_line' id='line_1_29' title="bbox 131 2730 1255 2801; baseline 0.003 -19"><span class='ocrx_word' id='word_1_285' title='bbox 131 2733 253 2801; x_wconf 77' lang='grc' dir='ltr'><strong><em>ποταμοῦ]</em></strong></span> <span class='ocrx_word' id='word_1_286' title='bbox 276 2735 511 2798; x_wconf 70' lang='lat' dir='ltr'><strong>rodmundum,</strong></span> <span class='ocrx_word' id='word_1_287' title='bbox 532 2736 561 2785; x_wconf 91' lang='lat' dir='ltr'><strong>in</strong></span> <span class='ocrx_word' id='word_1_288' title='bbox 582 2735 659 2786; x_wconf 87' lang='lat' dir='ltr'><strong>cuius</strong></span> <span class='ocrx_word' id='word_1_289' title='bbox 710 2748 777 2784; x_wconf 86' lang='grc' dir='ltr'><strong><em>οιον</em></strong></span> <span class='ocrx_word' id='word_1_290' title='bbox 788 2730 923 2799; x_wconf 74' lang='grc' dir='ltr'><strong><em>ποιέεται]</em></strong></span> <span class='ocrx_word' id='word_1_291' title='bbox 938 2733 1255 2786; x_wconf 80' lang='lat' dir='ltr'><strong>AffertHcrodoteaEu-</strong></span> 
     </span>
     <span class='ocr_line' id='line_1_30' title="bbox 129 2803 1254 2872; baseline 0.004 -21"><span class='ocrx_word' id='word_1_292' title='bbox 129 2803 255 2867; x_wconf 76' lang='lat' dir='ltr'><strong>paludibus</strong></span> <span class='ocrx_word' id='word_1_293' title='bbox 270 2804 324 2856; x_wconf 89' lang='lat' dir='ltr'><strong>bac</strong></span> <span class='ocrx_word' id='word_1_294' title='bbox 340 2810 437 2872; x_wconf 86' lang='lat' dir='ltr'><strong>gentes</strong></span> <span class='ocrx_word' id='word_1_295' title='bbox 453 2805 595 2869; x_wconf 86' lang='lat' dir='ltr'><strong>habitent,</strong></span> <span class='ocrx_word' id='word_1_296' title='bbox 617 2806 659 2854; x_wconf 90' lang='lat' dir='ltr'><strong>in·</strong></span> <span class='ocrx_word' id='word_1_297' title='bbox 710 2805 829 2856; x_wconf 85' lang='lat' dir='ltr'><strong>statbius</strong></span> <span class='ocrx_word' id='word_1_298' title='bbox 856 2805 891 2854; x_wconf 87' lang='lat' dir='ltr'><strong>ad</strong></span> <span class='ocrx_word' id='word_1_299' title='bbox 915 2804 1029 2866; x_wconf 85' lang='lat' dir='ltr'><strong>Dionys.</strong></span> <span class='ocrx_word' id='word_1_300' title='bbox 1050 2804 1157 2869; x_wconf 85' lang='lat' dir='ltr'><strong>Pericg.</strong></span> <span class='ocrx_word' id='word_1_301' title='bbox 1177 2805 1254 2855; x_wconf 86' lang='lat'>1107.</span> 
     </span>
    </p>
   </div>
   <div class='ocr_carea' id='block_1_9' title="bbox 41 2872 1255 2939">
    <p class='ocr_par' dir='ltr' id='par_1_9' title="bbox 41 2872 1255 2939">
     <span class='ocr_line' id='line_1_31' title="bbox 41 2872 1255 2939; baseline 0.002 -19"><span class='ocrx_word' id='word_1_302' title='bbox 41 2907 43 2911; x_wconf 85' lang='lat'><em>-</em></span> <span class='ocrx_word' id='word_1_303' title='bbox 130 2872 204 2939; x_wconf 80' lang='lat' dir='ltr'><strong>telligi</strong></span> <span class='ocrx_word' id='word_1_304' title='bbox 218 2875 394 2927; x_wconf 80' lang='lat' dir='ltr'><strong>menifestum</strong></span> <span class='ocrx_word' id='word_1_305' title='bbox 408 2879 460 2927; x_wconf 88' lang='lat' dir='ltr'><strong>est.</strong></span> <span class='ocrx_word' id='word_1_306' title='bbox 496 2876 587 2938; x_wconf 83' lang='lat' dir='ltr'><strong>Quare</strong></span> <span class='ocrx_word' id='word_1_307' title='bbox 598 2890 659 2925; x_wconf 86' lang='lat' dir='ltr'><strong>cnm</strong></span> <span class='ocrx_word' id='word_1_308' title='bbox 710 2875 788 2926; x_wconf 87' lang='lat' dir='ltr'><strong>Haec</strong></span> <span class='ocrx_word' id='word_1_309' title='bbox 802 2875 878 2939; x_wconf 89' lang='lat' dir='ltr'><strong>ipsa,</strong></span> <span class='ocrx_word' id='word_1_310' title='bbox 892 2873 1120 2938; x_wconf 84' lang='lat' dir='ltr'><strong>opinor,Plinius</strong></span> <span class='ocrx_word' id='word_1_311' title='bbox 1133 2875 1255 2936; x_wconf 87' lang='lat' dir='ltr'><strong>respexit</strong></span> 
     </span>
    </p>
   </div>
   <div class='ocr_carea' id='block_1_10' title="bbox 130 2941 1255 3080">
    <p class='ocr_par' dir='ltr' id='par_1_10' title="bbox 130 2941 1255 3080">
     <span class='ocr_line' id='line_1_32' title="bbox 130 2941 1254 3011; baseline 0.003 -20"><span class='ocrx_word' id='word_1_312' title='bbox 130 2941 231 2996; x_wconf 80' lang='lat' dir='ltr'><strong>Heeren</strong></span> <span class='ocrx_word' id='word_1_313' title='bbox 242 2945 283 2997; x_wconf 84' lang='lat' dir='ltr'><strong>ld.</strong></span> <span class='ocrx_word' id='word_1_314' title='bbox 297 2946 322 3010; x_wconf 84' lang='lat'><strong>1,</strong></span> <span class='ocrx_word' id='word_1_315' title='bbox 336 2946 362 2996; x_wconf 87' lang='lat'><strong>1.</strong></span> <span class='ocrx_word' id='word_1_316' title='bbox 377 2961 405 3011; x_wconf 83' lang='lat' dir='ltr'><strong>p.</strong></span> <span class='ocrx_word' id='word_1_317' title='bbox 415 2944 464 2996; x_wconf 80' lang='grc'><strong>361</strong></span> <span class='ocrx_word' id='word_1_318' title='bbox 478 2944 557 2996; x_wconf 89' lang='lat' dir='ltr'><strong>buius</strong></span> <span class='ocrx_word' id='word_1_319' title='bbox 568 2946 659 3011; x_wconf 82' lang='lat' dir='ltr'><strong>gentis</strong></span> <span class='ocrx_word' id='word_1_320' title='bbox 710 2943 744 2994; x_wconf 90' lang='lat' dir='ltr'><strong>de</strong></span> <span class='ocrx_word' id='word_1_321' title='bbox 756 2944 852 2994; x_wconf 87' lang='lat' dir='ltr'><strong>Indica</strong></span> <span class='ocrx_word' id='word_1_322' title='bbox 864 2944 997 2993; x_wconf 89' lang='lat' dir='ltr'><strong>arundine</strong></span> <span class='ocrx_word' id='word_1_323' title='bbox 1013 2947 1123 3007; x_wconf 89' lang='lat' dir='ltr'><strong>praeter</strong></span> <span class='ocrx_word' id='word_1_324' title='bbox 1140 2942 1196 2992; x_wconf 88' lang='lat' dir='ltr'><strong>alia</strong></span> <span class='ocrx_word' id='word_1_325' title='bbox 1214 2945 1254 2994; x_wconf 91' lang='lat' dir='ltr'><strong>sic</strong></span> 
     </span>
     <span class='ocr_line' id='line_1_33' title="bbox 130 3011 1255 3080; baseline 0.003 -20"><span class='ocrx_word' id='word_1_326' title='bbox 130 3011 195 3064; x_wconf 83' lang='lat' dir='ltr'><strong>rodes</strong></span> <span class='ocrx_word' id='word_1_327' title='bbox 206 3017 276 3066; x_wconf 87' lang='lat' dir='ltr'><strong>circs</strong></span> <span class='ocrx_word' id='word_1_328' title='bbox 286 3016 349 3080; x_wconf 90' lang='lat' dir='ltr'><strong>ipsa</strong></span> <span class='ocrx_word' id='word_1_329' title='bbox 359 3015 422 3065; x_wconf 92' lang='lat' dir='ltr'><strong>Indi</strong></span> <span class='ocrx_word' id='word_1_330' title='bbox 435 3015 508 3066; x_wconf 86' lang='lat' dir='ltr'><strong>ostia</strong></span> <span class='ocrx_word' id='word_1_331' title='bbox 523 3015 660 3080; x_wconf 87' lang='lat' dir='ltr'><strong>posuerim</strong></span> <span class='ocrx_word' id='word_1_332' title='bbox 710 3013 833 3064; x_wconf 86' lang='lat' dir='ltr'><strong>scribens</strong></span> <span class='ocrx_word' id='word_1_333' title='bbox 844 3013 917 3061; x_wconf 90' lang='lat' dir='ltr'><strong>Hist.</strong></span> <span class='ocrx_word' id='word_1_334' title='bbox 926 3012 992 3062; x_wconf 88' lang='lat' dir='ltr'><strong>Nat.</strong></span> <span class='ocrx_word' id='word_1_335' title='bbox 1002 3014 1076 3074; x_wconf 80' lang='lat' dir='ltr'>XVI,</span> <span class='ocrx_word' id='word_1_336' title='bbox 1087 3012 1134 3063; x_wconf 77' lang='lat'><strong>36:</strong></span> <span class='ocrx_word' id='word_1_337' title='bbox 1149 3014 1255 3076; x_wconf 81' lang='lat' dir='ltr'><strong>„Arun-</strong></span> 
     </span>
    </p>
   </div>
   <div class='ocr_carea' id='block_1_11' title="bbox 43 3081 1256 3150">
    <p class='ocr_par' dir='ltr' id='par_1_11' title="bbox 43 3081 1256 3150">
     <span class='ocr_line' id='line_1_34' title="bbox 43 3081 1256 3150; baseline 0.001 -18"><span class='ocrx_word' id='word_1_338' title='bbox 43 3127 46 3132; x_wconf 26' lang='lat'><strong>⁴</strong></span> <span class='ocrx_word' id='word_1_339' title='bbox 130 3081 194 3133; x_wconf 81' lang='lat' dir='ltr'><strong>iuxta</strong></span> <span class='ocrx_word' id='word_1_340' title='bbox 212 3086 356 3148; x_wconf 85' lang='lat' dir='ltr'><strong>Arabitas,</strong></span> <span class='ocrx_word' id='word_1_341' title='bbox 385 3085 421 3135; x_wconf 89' lang='lat' dir='ltr'><strong>ad</strong></span> <span class='ocrx_word' id='word_1_342' title='bbox 445 3099 513 3150; x_wconf 86' lang='lat' dir='ltr'><strong>quos</strong></span> <span class='ocrx_word' id='word_1_343' title='bbox 539 3084 659 3135; x_wconf 80' lang='lat' dir='ltr'><strong>forsitan</strong></span> <span class='ocrx_word' id='word_1_344' title='bbox 710 3083 769 3133; x_wconf 91' lang='lat' dir='ltr'><strong>dini</strong></span> <span class='ocrx_word' id='word_1_345' title='bbox 782 3083 889 3148; x_wconf 90' lang='lat' dir='ltr'><strong>quidem</strong></span> <span class='ocrx_word' id='word_1_346' title='bbox 902 3081 1016 3133; x_wconf 89' lang='lat' dir='ltr'><strong>Indicae</strong></span> <span class='ocrx_word' id='word_1_347' title='bbox 1029 3082 1145 3133; x_wconf 89' lang='lat' dir='ltr'><strong>arborea</strong></span> <span class='ocrx_word' id='word_1_348' title='bbox 1159 3083 1256 3148; x_wconf 87' lang='lat' dir='ltr'><strong>ampli-</strong></span> 
     </span>
    </p>
   </div>
   <div class='ocr_carea' id='block_1_12' title="bbox 129 3152 1255 3432">
    <p class='ocr_par' dir='ltr' id='par_1_12' title="bbox 129 3152 1255 3432">
     <span class='ocr_line' id='line_1_35' title="bbox 129 3152 1255 3217; baseline 0.001 -14"><span class='ocrx_word' id='word_1_349' title='bbox 129 3153 253 3214; x_wconf 80' lang='lat' dir='ltr'><strong>pertinnit.</strong></span> <span class='ocrx_word' id='word_1_350' title='bbox 289 3156 349 3207; x_wconf 86' lang='lat' dir='ltr'><strong>Nec</strong></span> <span class='ocrx_word' id='word_1_351' title='bbox 376 3161 467 3207; x_wconf 79' lang='lat' dir='ltr'><strong>moret</strong></span> <span class='ocrx_word' id='word_1_352' title='bbox 492 3170 534 3206; x_wconf 89' lang='lat' dir='ltr'><strong>me</strong></span> <span class='ocrx_word' id='word_1_353' title='bbox 561 3154 659 3205; x_wconf 87' lang='lat' dir='ltr'><strong>Malte-</strong></span> <span class='ocrx_word' id='word_1_354' title='bbox 709 3152 1064 3217; x_wconf 63' lang='lat' dir='ltr'><strong>indm-navigiorumque</strong></span> <span class='ocrx_word' id='word_1_355' title='bbox 1075 3152 1157 3201; x_wconf 86' lang='lat' dir='ltr'><strong>ctiam</strong></span> <span class='ocrx_word' id='word_1_356' title='bbox 1167 3153 1255 3204; x_wconf 87' lang='lat' dir='ltr'><strong>vicem</strong></span> 
     </span>
     <span class='ocr_line' id='line_1_36' title="bbox 131 3220 1254 3290; baseline 0.003 -20"><span class='ocrx_word' id='word_1_357' title='bbox 131 3220 207 3273; x_wconf 88' lang='lat' dir='ltr'><strong>brunii</strong></span> <span class='ocrx_word' id='word_1_358' title='bbox 226 3226 392 3289; x_wconf 86' lang='lat' dir='ltr'><strong>auctoritas,</strong></span> <span class='ocrx_word' id='word_1_359' title='bbox 417 3223 500 3289; x_wconf 88' lang='lat' dir='ltr'><strong>quil.</strong></span> <span class='ocrx_word' id='word_1_360' title='bbox 525 3224 544 3277; x_wconf 95' lang='grc'><strong>1.</strong></span> <span class='ocrx_word' id='word_1_361' title='bbox 563 3241 590 3290; x_wconf 89' lang='lat' dir='ltr'><strong>p.</strong></span> <span class='ocrx_word' id='word_1_362' title='bbox 607 3225 659 3276; x_wconf 80' lang='lat'><strong>325</strong></span> <span class='ocrx_word' id='word_1_363' title='bbox 709 3227 868 3289; x_wconf 87' lang='lat' dir='ltr'><strong>praestant,</strong></span> <span class='ocrx_word' id='word_1_364' title='bbox 884 3224 908 3272; x_wconf 91' lang='lat' dir='ltr'><strong>si</strong></span> <span class='ocrx_word' id='word_1_365' title='bbox 919 3222 1071 3284; x_wconf 89' lang='lat' dir='ltr'><strong>credimus,</strong></span> <span class='ocrx_word' id='word_1_366' title='bbox 1090 3222 1198 3287; x_wconf 84' lang='lat' dir='ltr'><strong>singula</strong></span> <span class='ocrx_word' id='word_1_367' title='bbox 1213 3224 1254 3273; x_wconf 92' lang='lat' dir='ltr'><strong>in·</strong></span> 
     </span>
     <span class='ocr_line' id='line_1_37' title="bbox 130 3288 1255 3361; baseline 0 -19"><span class='ocrx_word' id='word_1_368' title='bbox 130 3288 188 3342; x_wconf 82' lang='lat' dir='ltr'><strong>hunc</strong></span> <span class='ocrx_word' id='word_1_369' title='bbox 198 3300 302 3360; x_wconf 77' lang='lat' dir='ltr'><strong>gentem</strong></span> <span class='ocrx_word' id='word_1_370' title='bbox 317 3296 420 3361; x_wconf 89' lang='lat' dir='ltr'><strong>quippe</strong></span> <span class='ocrx_word' id='word_1_371' title='bbox 433 3294 554 3360; x_wconf 88' lang='lat' dir='ltr'><strong>piscibus</strong></span> <span class='ocrx_word' id='word_1_372' title='bbox 567 3294 659 3344; x_wconf 83' lang='lat' dir='ltr'><strong>iruen·</strong></span> <span class='ocrx_word' id='word_1_373' title='bbox 709 3294 835 3345; x_wconf 87' lang='lat' dir='ltr'><strong>ternodia</strong></span> <span class='ocrx_word' id='word_1_374' title='bbox 845 3291 917 3342; x_wconf 88' lang='lat' dir='ltr'><strong>etc.“</strong></span> <span class='ocrx_word' id='word_1_375' title='bbox 926 3290 1023 3352; x_wconf 86' lang='lat' dir='ltr'><strong>etVII,</strong></span> <span class='ocrx_word' id='word_1_376' title='bbox 1032 3292 1143 3354; x_wconf 78' lang='lat' dir='ltr'><strong>2.§.2l:</strong></span> <span class='ocrx_word' id='word_1_377' title='bbox 1154 3307 1255 3354; x_wconf 80' lang='lat' dir='ltr'><strong>„arun-</strong></span> 
     </span>
     <span class='ocr_line' id='line_1_38' title="bbox 131 3360 1255 3432; baseline 0.001 -22"><span class='ocrx_word' id='word_1_378' title='bbox 131 3363 176 3411; x_wconf 83' lang='lat' dir='ltr'><strong>tem</strong></span> <span class='ocrx_word' id='word_1_379' title='bbox 190 3366 346 3432; x_wconf 80' lang='lat' dir='ltr'><strong>ratibusque</strong></span> <span class='ocrx_word' id='word_1_380' title='bbox 363 3365 469 3430; x_wconf 80' lang='lat' dir='ltr'><strong>exiguis</strong></span> <span class='ocrx_word' id='word_1_381' title='bbox 486 3368 608 3415; x_wconf 86' lang='lat' dir='ltr'><strong>utentem</strong></span> <span class='ocrx_word' id='word_1_382' title='bbox 623 3363 659 3413; x_wconf 86' lang='lat' dir='ltr'><strong>ad</strong></span> <span class='ocrx_word' id='word_1_383' title='bbox 710 3363 787 3413; x_wconf 88' lang='lat' dir='ltr'><strong>dines</strong></span> <span class='ocrx_word' id='word_1_384' title='bbox 801 3367 896 3412; x_wconf 88' lang='lat' dir='ltr'><strong>tantae</strong></span> <span class='ocrx_word' id='word_1_385' title='bbox 907 3360 1092 3426; x_wconf 83' lang='lat' dir='ltr'><strong>proceritatis,</strong></span> <span class='ocrx_word' id='word_1_386' title='bbox 1106 3365 1137 3410; x_wconf 89' lang='lat' dir='ltr'><strong>ut</strong></span> <span class='ocrx_word' id='word_1_387' title='bbox 1148 3362 1255 3427; x_wconf 84' lang='lat' dir='ltr'><strong>singula</strong></span> 
     </span>
    </p>
   </div>
   <div class='ocr_carea' id='block_1_13' title="bbox 41 3430 1255 3704">
    <p class='ocr_par' dir='ltr' id='par_1_13' title="bbox 41 3430 1255 3704">
     <span class='ocr_line' id='line_1_39' title="bbox 51 3430 1255 3499; baseline 0.002 -20"><span class='ocrx_word' id='word_1_388' title='bbox 51 3449 54 3452; x_wconf 56' lang='lat'><strong><em>¹</em></strong></span> <span class='ocrx_word' id='word_1_389' title='bbox 131 3434 261 3495; x_wconf 81' lang='lat' dir='ltr'><strong>superioris</strong></span> <span class='ocrx_word' id='word_1_390' title='bbox 274 3431 428 3499; x_wconf 85' lang='lat' dir='ltr'><strong>Indi&#39;ripas</strong></span> <span class='ocrx_word' id='word_1_391' title='bbox 440 3433 581 3485; x_wconf 81' lang='lat' dir='ltr'><strong>habitasse</strong></span> <span class='ocrx_word' id='word_1_392' title='bbox 596 3449 659 3484; x_wconf 94' lang='lat' dir='ltr'><strong>con·</strong></span> <span class='ocrx_word' id='word_1_393' title='bbox 710 3430 865 3483; x_wconf 88' lang='lat' dir='ltr'><strong>internodia</strong></span> <span class='ocrx_word' id='word_1_394' title='bbox 887 3432 966 3480; x_wconf 79' lang='lat' dir='ltr'><strong>alveo</strong></span> <span class='ocrx_word' id='word_1_395' title='bbox 990 3430 1141 3496; x_wconf 73' lang='lat' dir='ltr'><strong>navigabili</strong></span> <span class='ocrx_word' id='word_1_396' title='bbox 1161 3435 1255 3482; x_wconf 85' lang='lat' dir='ltr'><strong>ternos</strong></span> 
     </span>
     <span class='ocr_line' id='line_1_40' title="bbox 41 3500 1254 3569; baseline 0.006 -26"><span class='ocrx_word' id='word_1_397' title='bbox 41 3541 42 3544; x_wconf 75' lang='grc'>,</span> <span class='ocrx_word' id='word_1_398' title='bbox 132 3501 214 3555; x_wconf 88' lang='lat' dir='ltr'><strong>tendit.</strong></span> <span class='ocrx_word' id='word_1_399' title='bbox 249 3503 506 3556; x_wconf 77' lang='lat' dir='ltr'><strong>Adhuccircaludi</strong></span> <span class='ocrx_word' id='word_1_400' title='bbox 523 3504 595 3553; x_wconf 91' lang='lat' dir='ltr'><strong>ostia</strong></span> <span class='ocrx_word' id='word_1_401' title='bbox 611 3502 658 3569; x_wconf 88' lang='lat' dir='ltr'><strong>qui</strong></span> <span class='ocrx_word' id='word_1_402' title='bbox 709 3503 846 3553; x_wconf 89' lang='lat' dir='ltr'><strong>interdum</strong></span> <span class='ocrx_word' id='word_1_403' title='bbox 865 3500 989 3550; x_wconf 86' lang='lat' dir='ltr'><strong>homines</strong></span> <span class='ocrx_word' id='word_1_404' title='bbox 1014 3500 1113 3552; x_wconf 86' lang='lat' dir='ltr'><strong>ierant.</strong></span> <span class='ocrx_word' id='word_1_405' title='bbox 1152 3500 1254 3550; x_wconf 85' lang='lat' dir='ltr'><strong>Multas</strong></span> 
     </span>
     <span class='ocr_line' id='line_1_41' title="bbox 42 3567 1255 3640; baseline 0.003 -24"><span class='ocrx_word' id='word_1_406' title='bbox 42 3611 44 3616; x_wconf 80' lang='grc'>,</span> <span class='ocrx_word' id='word_1_407' title='bbox 130 3567 254 3637; x_wconf 82' lang='lat' dir='ltr'><strong>habitant,</strong></span> <span class='ocrx_word' id='word_1_408' title='bbox 270 3592 317 3626; x_wconf 88' lang='lat' dir='ltr'><strong>eos</strong></span> <span class='ocrx_word' id='word_1_409' title='bbox 339 3574 463 3640; x_wconf 89' lang='lat' dir='ltr'><strong>piscibus</strong></span> <span class='ocrx_word' id='word_1_410' title='bbox 484 3573 658 3639; x_wconf 88' lang='lat' dir='ltr'><strong>potissimum</strong></span> <span class='ocrx_word' id='word_1_411' title='bbox 690 3591 693 3597; x_wconf 54' lang='lat'>&gt;</span> <span class='ocrx_word' id='word_1_412' title='bbox 708 3572 747 3622; x_wconf 92' lang='lat' dir='ltr'><strong>ibi</strong></span> <span class='ocrx_word' id='word_1_413' title='bbox 761 3573 844 3636; x_wconf 88' lang='lat' dir='ltr'><strong>quina</strong></span> <span class='ocrx_word' id='word_1_414' title='bbox 856 3570 949 3621; x_wconf 89' lang='lat' dir='ltr'><strong>cubita</strong></span> <span class='ocrx_word' id='word_1_415' title='bbox 962 3575 1073 3621; x_wconf 90' lang='lat' dir='ltr'><strong>constat</strong></span> <span class='ocrx_word' id='word_1_416' title='bbox 1082 3570 1255 3635; x_wconf 79' lang='lat' dir='ltr'><strong>longitndine</strong></span> 
     </span>
     <span class='ocr_line' id='line_1_42' title="bbox 44 3639 1255 3704; baseline 0.004 -18"><span class='ocrx_word' id='word_1_417' title='bbox 44 3662 53 3696; x_wconf 54' lang='grc' dir='ltr'><strong>ς’</strong></span> <span class='ocrx_word' id='word_1_418' title='bbox 131 3640 659 3696; x_wconf 82' lang='lat' dir='ltr'><strong>ritsmsnstsntaretestanturrcccntio-</strong></span> <span class='ocrx_word' id='word_1_419' title='bbox 708 3640 868 3692; x_wconf 86' lang='lat' dir='ltr'><strong>excedsrc.“</strong></span> <span class='ocrx_word' id='word_1_420' title='bbox 901 3639 978 3701; x_wconf 80' lang='lat' dir='ltr'><strong>Quae</strong></span> <span class='ocrx_word' id='word_1_421' title='bbox 996 3640 1029 3690; x_wconf 90' lang='lat' dir='ltr'><strong>de</strong></span> <span class='ocrx_word' id='word_1_422' title='bbox 1047 3640 1189 3690; x_wconf 84' lang='lat' dir='ltr'><strong>arundinis</strong></span> <span class='ocrx_word' id='word_1_423' title='bbox 1210 3656 1255 3704; x_wconf 84' lang='lat' dir='ltr'><strong>ge·</strong></span> 
     </span>
    </p>
   </div>
   <div class='ocr_carea' id='block_1_14' title="bbox 131 3709 1255 3843">
    <p class='ocr_par' dir='ltr' id='par_1_14' title="bbox 131 3709 1255 3843">
     <span class='ocr_line' id='line_1_43' title="bbox 131 3709 1255 3779; baseline -0.001 -19"><span class='ocrx_word' id='word_1_424' title='bbox 131 3723 179 3771; x_wconf 81' lang='lat' dir='ltr'><strong>res3</strong></span> <span class='ocrx_word' id='word_1_425' title='bbox 202 3711 235 3762; x_wconf 84' lang='lat' dir='ltr'><strong>ci.</strong></span> <span class='ocrx_word' id='word_1_426' title='bbox 247 3714 354 3767; x_wconf 85' lang='lat' dir='ltr'><strong>Lsssen</strong></span> <span class='ocrx_word' id='word_1_427' title='bbox 370 3713 387 3763; x_wconf 85' lang='lat'><strong>1:</strong></span> <span class='ocrx_word' id='word_1_428' title='bbox 401 3713 420 3766; x_wconf 89' lang='lat' dir='ltr'><strong>l.</strong></span> <span class='ocrx_word' id='word_1_429' title='bbox 437 3715 460 3765; x_wconf 94' lang='lat' dir='ltr'><strong>I.</strong></span> <span class='ocrx_word' id='word_1_430' title='bbox 477 3728 540 3779; x_wconf 78' lang='lat' dir='ltr'><strong>pag.</strong></span> <span class='ocrx_word' id='word_1_431' title='bbox 554 3712 601 3774; x_wconf 73' lang='lat'><strong>963</strong></span> <span class='ocrx_word' id='word_1_432' title='bbox 624 3711 657 3763; x_wconf 84' lang='lat' dir='ltr'><strong>de</strong></span> <span class='ocrx_word' id='word_1_433' title='bbox 709 3727 783 3774; x_wconf 88' lang='lat' dir='ltr'><strong>nere,</strong></span> <span class='ocrx_word' id='word_1_434' title='bbox 796 3711 948 3761; x_wconf 89' lang='lat' dir='ltr'><strong>cuinomen</strong></span> <span class='ocrx_word' id='word_1_435' title='bbox 961 3710 1087 3770; x_wconf 84' lang='lat' dir='ltr'><strong>Bombos,</strong></span> <span class='ocrx_word' id='word_1_436' title='bbox 1100 3709 1255 3773; x_wconf 80' lang='lat' dir='ltr'><strong>intelligen-</strong></span> 
     </span>
     <span class='ocr_line' id='line_1_44' title="bbox 132 3778 1255 3843; baseline 0.001 -16"><span class='ocrx_word' id='word_1_437' title='bbox 132 3779 232 3842; x_wconf 87' lang='lat' dir='ltr'><strong>piscium</strong></span> <span class='ocrx_word' id='word_1_438' title='bbox 250 3783 420 3835; x_wconf 86' lang='lat' dir='ltr'><strong>abundantia</strong></span> <span class='ocrx_word' id='word_1_439' title='bbox 440 3785 468 3834; x_wconf 91' lang='lat' dir='ltr'><strong>in</strong></span> <span class='ocrx_word' id='word_1_440' title='bbox 487 3783 562 3841; x_wconf 23' lang='lat' dir='ltr'><strong>Indo*</strong></span> <span class='ocrx_word' id='word_1_441' title='bbox 575 3782 657 3833; x_wconf 86' lang='lat' dir='ltr'><strong>fluvio</strong></span> <span class='ocrx_word' id='word_1_442' title='bbox 709 3783 745 3833; x_wconf 88' lang='lat' dir='ltr'><strong>da</strong></span> <span class='ocrx_word' id='word_1_443' title='bbox 764 3796 838 3843; x_wconf 84' lang='lat' dir='ltr'><strong>esse,</strong></span> <span class='ocrx_word' id='word_1_444' title='bbox 859 3780 927 3830; x_wconf 89' lang='lat' dir='ltr'><strong>bene</strong></span> <span class='ocrx_word' id='word_1_445' title='bbox 947 3779 983 3829; x_wconf 89' lang='lat' dir='ltr'><strong>ad</strong></span> <span class='ocrx_word' id='word_1_446' title='bbox 1001 3779 1028 3829; x_wconf 87' lang='lat' dir='ltr'><strong>h.</strong></span> <span class='ocrx_word' id='word_1_447' title='bbox 1044 3779 1062 3827; x_wconf 90' lang='grc'><strong>1.</strong></span> <span class='ocrx_word' id='word_1_448' title='bbox 1084 3780 1188 3828; x_wconf 88' lang='lat' dir='ltr'><strong>monuit</strong></span> <span class='ocrx_word' id='word_1_449' title='bbox 1202 3778 1255 3828; x_wconf 83' lang='lat' dir='ltr'><strong>Cu-</strong></span> 
     </span>
    </p>
   </div>
   <div class='ocr_carea' id='block_1_15' title="bbox 43 3847 1254 3915">
    <p class='ocr_par' dir='ltr' id='par_1_15' title="bbox 43 3847 1254 3915">
     <span class='ocr_line' id='line_1_45' title="bbox 43 3847 1254 3915; baseline -0.001 -19"><span class='ocrx_word' id='word_1_450' title='bbox 43 3877 53 3884; x_wconf 26' lang='lat' dir='ltr'><strong>r·</strong></span> <span class='ocrx_word' id='word_1_451' title='bbox 132 3849 216 3900; x_wconf 88' lang='lat' dir='ltr'><strong>scribit</strong></span> <span class='ocrx_word' id='word_1_452' title='bbox 230 3854 347 3906; x_wconf 85' lang='lat' dir='ltr'><strong>Burnes:</strong></span> <span class='ocrx_word' id='word_1_453' title='bbox 367 3853 482 3904; x_wconf 81' lang='lat' dir='ltr'><strong>Travels</strong></span> <span class='ocrx_word' id='word_1_454' title='bbox 500 3853 528 3902; x_wconf 92' lang='lat' dir='ltr'><strong>in</strong></span> <span class='ocrx_word' id='word_1_455' title='bbox 544 3852 658 3903; x_wconf 89' lang='lat' dir='ltr'><strong>toBok-</strong></span> <span class='ocrx_word' id='word_1_456' title='bbox 708 3852 787 3915; x_wconf 73' lang='lat' dir='ltr'><strong>viem,</strong></span> <span class='ocrx_word' id='word_1_457' title='bbox 801 3849 904 3900; x_wconf 88' lang='lat' dir='ltr'><strong>addens</strong></span> <span class='ocrx_word' id='word_1_458' title='bbox 916 3849 988 3898; x_wconf 91' lang='lat' dir='ltr'><strong>banc</strong></span> <span class='ocrx_word' id='word_1_459' title='bbox 1001 3847 1158 3897; x_wconf 86' lang='lat' dir='ltr'><strong>arundinem</strong></span> <span class='ocrx_word' id='word_1_460' title='bbox 1168 3849 1254 3897; x_wconf 85' lang='lat' dir='ltr'><strong>maxi-</strong></span> 
     </span>
    </p>
   </div>
   <div class='ocr_carea' id='block_1_16' title="bbox 50 3915 1254 4058">
    <p class='ocr_par' dir='ltr' id='par_1_16' title="bbox 50 3915 1254 4058">
     <span class='ocr_line' id='line_1_46' title="bbox 50 3915 1253 3986; baseline -0.005 -16"><span class='ocrx_word' id='word_1_461' title='bbox 50 3947 51 3950; x_wconf 61' lang='lat'><em>=</em></span> <span class='ocrx_word' id='word_1_462' title='bbox 132 3915 189 3970; x_wconf 85' lang='lat' dir='ltr'><strong>bera</strong></span> <span class='ocrx_word' id='word_1_463' title='bbox 202 3921 259 3975; x_wconf 84' lang='lat' dir='ltr'><strong>Vol.</strong></span> <span class='ocrx_word' id='word_1_464' title='bbox 272 3925 310 3974; x_wconf 91' lang='lat'><strong>11.</strong></span> <span class='ocrx_word' id='word_1_465' title='bbox 346 3925 428 3978; x_wconf 80' lang='grc'>.252.</span> <span class='ocrx_word' id='word_1_466' title='bbox 442 3951 475 3959; x_wconf 91' lang='grc'><strong>-</strong></span> <span class='ocrx_word' id='word_1_467' title='bbox 493 3916 580 3986; x_wconf 77' lang='grc' dir='ltr'><em>ἰχθῦς</em></span> <span class='ocrx_word' id='word_1_468' title='bbox 594 3922 658 3972; x_wconf 91' lang='lat' dir='ltr'><strong>scri·</strong></span> <span class='ocrx_word' id='word_1_469' title='bbox 709 3921 761 3973; x_wconf 90' lang='lat' dir='ltr'><strong>mia</strong></span> <span class='ocrx_word' id='word_1_470' title='bbox 771 3919 914 3970; x_wconf 88' lang='lat' dir='ltr'><strong>arboribus</strong></span> <span class='ocrx_word' id='word_1_471' title='bbox 925 3933 979 3968; x_wconf 91' lang='lat' dir='ltr'><strong>non</strong></span> <span class='ocrx_word' id='word_1_472' title='bbox 990 3917 1085 3968; x_wconf 88' lang='lat' dir='ltr'><strong>cedere</strong></span> <span class='ocrx_word' id='word_1_473' title='bbox 1097 3915 1253 3978; x_wconf 85' lang='lat' dir='ltr'><strong>altitudine,</strong></span> 
     </span>
     <span class='ocr_line' id='line_1_47' title="bbox 132 3940 1254 4058; baseline -0.012 -9"><span class='ocrx_word' id='word_1_474' title='bbox 132 3990 167 4049; x_wconf 72' lang='lat' dir='ltr'><strong>1³⁸i</strong></span> <span class='ocrx_word' id='word_1_475' title='bbox 178 4005 222 4054; x_wconf 82' lang='lat' dir='ltr'><strong>pro</strong></span> <span class='ocrx_word' id='word_1_476' title='bbox 235 3992 308 4058; x_wconf 80' lang='lat' dir='ltr'><strong>vulg.</strong></span> <span class='ocrx_word' id='word_1_477' title='bbox 319 3940 484 4058; x_wconf 50' lang='lat' dir='ltr'><strong>ligoriuffint</strong></span> <span class='ocrx_word' id='word_1_478' title='bbox 496 3994 520 4056; x_wconf 84' lang='lat'><strong>1,</strong></span> <span class='ocrx_word' id='word_1_479' title='bbox 534 3993 595 4056; x_wconf 73' lang='lat'>202,</span> <span class='ocrx_word' id='word_1_480' title='bbox 613 3991 660 4042; x_wconf 91' lang='lat' dir='ltr'><strong>ubi</strong></span> <span class='ocrx_word' id='word_1_481' title='bbox 710 3990 838 4042; x_wconf 81' lang='lat' dir='ltr'><strong>crassitie</strong></span> <span class='ocrx_word' id='word_1_482' title='bbox 860 3994 888 4038; x_wconf 91' lang='lat' dir='ltr'><strong>et</strong></span> <span class='ocrx_word' id='word_1_483' title='bbox 913 3986 1069 4045; x_wconf 77' lang='lat' dir='ltr'><strong>soliditate,</strong></span> <span class='ocrx_word' id='word_1_484' title='bbox 1096 3986 1174 4036; x_wconf 92' lang='lat' dir='ltr'><strong>cuius</strong></span> <span class='ocrx_word' id='word_1_485' title='bbox 1198 4000 1254 4035; x_wconf 90' lang='lat' dir='ltr'><strong>nna</strong></span> 
     </span>
    </p>
   </div>
   <div class='ocr_carea' id='block_1_17' title="bbox 133 4055 1255 4127">
    <p class='ocr_par' dir='ltr' id='par_1_17' title="bbox 41 4048 1255 4127">
     <span class='ocr_line' id='line_1_48' title="bbox 133 4055 1255 4127; baseline 0.001 -21.924"><span class='ocrx_word' id='word_1_486' title='bbox 133 4059 194 4110; x_wconf 83' lang='lat' dir='ltr'><strong>conl.</strong></span> <span class='ocrx_word' id='word_1_487' title='bbox 204 4067 270 4112; x_wconf 90' lang='lat' dir='ltr'><strong>nott.</strong></span> <span class='ocrx_word' id='word_1_488' title='bbox 284 4064 334 4124; x_wconf 87' lang='lat' dir='ltr'><strong>lv,</strong></span> <span class='ocrx_word' id='word_1_489' title='bbox 350 4063 392 4114; x_wconf 73' lang='lat'><strong>53.</strong></span> <span class='ocrx_word' id='word_1_490' title='bbox 507 4113 509 4118; x_wconf 73' lang='grc'>,</span> <span class='ocrx_word' id='word_1_491' title='bbox 710 4060 844 4127; x_wconf 87' lang='lat' dir='ltr'><strong>quaedam</strong></span> <span class='ocrx_word' id='word_1_492' title='bbox 858 4057 977 4124; x_wconf 87' lang='lat' dir='ltr'><strong>species,</strong></span> <span class='ocrx_word' id='word_1_493' title='bbox 994 4055 1105 4107; x_wconf 82' lang='lat' dir='ltr'><strong>Bamdus</strong></span> <span class='ocrx_word' id='word_1_494' title='bbox 1116 4058 1255 4106; x_wconf 68' lang='lat' dir='ltr'><strong>nundino-</strong></span> 
     </span>
    </p>
   </div>
   <div class='ocr_carea' id='block_1_18' title="bbox 51 4117 1255 4336">
    <p class='ocr_par' dir='ltr' id='par_1_18' title="bbox 51 4117 1255 4336">
     <span class='ocr_line' id='line_1_49' title="bbox 160 4117 1255 4199; baseline 0 -24"><span class='ocrx_word' id='word_1_495' title='bbox 160 4117 187 4175; x_wconf 80' lang='grc' dir='ltr'><strong><em>λιι</em></strong></span> <span class='ocrx_word' id='word_1_496' title='bbox 198 4129 301 4180; x_wconf 81' lang='grc' dir='ltr'><strong><em>πλοίων</em></strong></span> <span class='ocrx_word' id='word_1_497' title='bbox 310 4130 472 4199; x_wconf 75' lang='grc' dir='ltr'><strong><em>καλαμίνων</em></strong></span> <span class='ocrx_word' id='word_1_498' title='bbox 482 4119 656 4195; x_wconf 76' lang='grc' dir='ltr'><strong><em>ὁρμεόμενοι]</em></strong></span> <span class='ocrx_word' id='word_1_499' title='bbox 711 4148 770 4189; x_wconf 85' lang='lat' dir='ltr'><strong>cea,</strong></span> <span class='ocrx_word' id='word_1_500' title='bbox 798 4129 834 4179; x_wconf 91' lang='lat' dir='ltr'><strong>ad</strong></span> <span class='ocrx_word' id='word_1_501' title='bbox 858 4127 1001 4192; x_wconf 83' lang='lat' dir='ltr'><strong>sexaginta</strong></span> <span class='ocrx_word' id='word_1_502' title='bbox 1025 4126 1108 4190; x_wconf 90' lang='lat' dir='ltr'><strong>pedes</strong></span> <span class='ocrx_word' id='word_1_503' title='bbox 1133 4126 1255 4192; x_wconf 88' lang='lat' dir='ltr'><strong>adeoque</strong></span> 
     </span>
     <span class='ocr_line' id='line_1_50' title="bbox 51 4192 1254 4268; baseline 0.003 -26"><span class='ocrx_word' id='word_1_504' title='bbox 51 4225 53 4230; x_wconf 36' lang='lat' dir='ltr'><strong>f</strong></span> <span class='ocrx_word' id='word_1_505' title='bbox 133 4194 205 4246; x_wconf 76' lang='grc' dir='ltr'><strong><em>πλοῖα</em></strong></span> <span class='ocrx_word' id='word_1_506' title='bbox 214 4192 410 4268; x_wconf 76' lang='grc' dir='ltr'><strong><em>ααλάμινα,αλ</em></strong></span> <span class='ocrx_word' id='word_1_507' title='bbox 422 4200 495 4252; x_wconf 81' lang='lat' dir='ltr'><strong>inira</strong></span> <span class='ocrx_word' id='word_1_508' title='bbox 507 4201 540 4263; x_wconf 81' lang='lat' dir='ltr'><strong>V,</strong></span> <span class='ocrx_word' id='word_1_509' title='bbox 556 4198 602 4249; x_wconf 81' lang='grc'><strong>101</strong></span> <span class='ocrx_word' id='word_1_510' title='bbox 619 4192 659 4247; x_wconf 81' lang='grc' dir='ltr'><strong>οἰ·</strong></span> <span class='ocrx_word' id='word_1_511' title='bbox 711 4198 828 4265; x_wconf 80' lang='lat' dir='ltr'><strong>amplius</strong></span> <span class='ocrx_word' id='word_1_512' title='bbox 852 4200 880 4248; x_wconf 94' lang='lat' dir='ltr'><strong>in</strong></span> <span class='ocrx_word' id='word_1_513' title='bbox 899 4195 1071 4246; x_wconf 84' lang='lat' dir='ltr'><strong>altitudinem</strong></span> <span class='ocrx_word' id='word_1_514' title='bbox 1088 4198 1254 4263; x_wconf 75' lang='lat' dir='ltr'><strong>porrigatur.</strong></span> 
     </span>
     <span class='ocr_line' id='line_1_51' title="bbox 133 4261 1255 4336; baseline 0.003 -25"><span class='ocrx_word' id='word_1_515' title='bbox 133 4262 183 4314; x_wconf 81' lang='grc' dir='ltr'><strong><em>ιλαι</em></strong></span> <span class='ocrx_word' id='word_1_516' title='bbox 198 4261 358 4336; x_wconf 79' lang='grc' dir='ltr'><strong><em>καλάμιναι,</em></strong></span> <span class='ocrx_word' id='word_1_517' title='bbox 381 4271 571 4336; x_wconf 80' lang='lat' dir='ltr'><strong>intelliguntur</strong></span> <span class='ocrx_word' id='word_1_518' title='bbox 583 4285 661 4320; x_wconf 84' lang='lat' dir='ltr'><strong>nones</strong></span> <span class='ocrx_word' id='word_1_519' title='bbox 711 4270 861 4320; x_wconf 88' lang='lat' dir='ltr'><strong>Primarius</strong></span> <span class='ocrx_word' id='word_1_520' title='bbox 875 4267 908 4317; x_wconf 88' lang='lat' dir='ltr'><strong>dc</strong></span> <span class='ocrx_word' id='word_1_521' title='bbox 920 4266 1018 4316; x_wconf 88' lang='lat' dir='ltr'><strong>Indica</strong></span> <span class='ocrx_word' id='word_1_522' title='bbox 1032 4265 1165 4317; x_wconf 89' lang='lat' dir='ltr'><strong>arundine</strong></span> <span class='ocrx_word' id='word_1_523' title='bbox 1179 4267 1255 4317; x_wconf 91' lang='lat' dir='ltr'><strong>locus</strong></span> 
     </span>
    </p>
   </div>
   <div class='ocr_carea' id='block_1_19' title="bbox 41 4331 1255 4406">
    <p class='ocr_par' dir='ltr' id='par_1_19' title="bbox 41 4331 1255 4406">
     <span class='ocr_line' id='line_1_52' title="bbox 41 4331 1255 4406; baseline -0.004 -16"><span class='ocrx_word' id='word_1_524' title='bbox 41 4331 43 4352; x_wconf 76' lang='lat'>³</span> <span class='ocrx_word' id='word_1_525' title='bbox 134 4349 163 4384; x_wconf 68' lang='lat' dir='ltr'><strong>ex</strong></span> <span class='ocrx_word' id='word_1_526' title='bbox 179 4341 454 4406; x_wconf 67' lang='lat' dir='ltr'><strong>conservaturae,</strong></span> <span class='ocrx_word' id='word_1_527' title='bbox 476 4340 662 4404; x_wconf 83' lang='lat' dir='ltr'><strong>ubicogitsn-</strong></span> <span class='ocrx_word' id='word_1_528' title='bbox 712 4343 804 4390; x_wconf 81' lang='lat' dir='ltr'><strong>exstat</strong></span> <span class='ocrx_word' id='word_1_529' title='bbox 828 4336 900 4403; x_wconf 87' lang='lat' dir='ltr'><strong>apud</strong></span> <span class='ocrx_word' id='word_1_530' title='bbox 925 4335 1044 4387; x_wconf 80' lang='lat' dir='ltr'><strong>Ctesiam</strong></span> <span class='ocrx_word' id='word_1_531' title='bbox 1067 4337 1134 4387; x_wconf 78' lang='lat' dir='ltr'><strong>Ero.</strong></span> <span class='ocrx_word' id='word_1_532' title='bbox 1154 4335 1255 4386; x_wconf 83' lang='lat' dir='ltr'><strong>lnd..b</strong></span> 
     </span>
    </p>
   </div>
   <div class='ocr_carea' id='block_1_20' title="bbox 43 4395 1255 4543">
    <p class='ocr_par' dir='ltr' id='par_1_20' title="bbox 43 4395 1255 4543">
     <span class='ocr_line' id='line_1_53' title="bbox 43 4395 1255 4477; baseline -0.003 -21"><span class='ocrx_word' id='word_1_533' title='bbox 43 4441 46 4467; x_wconf 54' lang='lat'>3</span> <span class='ocrx_word' id='word_1_534' title='bbox 134 4401 187 4454; x_wconf 79' lang='lat' dir='ltr'><strong>dum</strong></span> <span class='ocrx_word' id='word_1_535' title='bbox 201 4407 232 4459; x_wconf 90' lang='lat' dir='ltr'><strong>de</strong></span> <span class='ocrx_word' id='word_1_536' title='bbox 250 4424 281 4460; x_wconf 88' lang='lat' dir='ltr'><strong>eo</strong></span> <span class='ocrx_word' id='word_1_537' title='bbox 299 4412 438 4463; x_wconf 86' lang='lat' dir='ltr'><strong>arundinis</strong></span> <span class='ocrx_word' id='word_1_538' title='bbox 456 4425 570 4477; x_wconf 76' lang='lat' dir='ltr'><strong>genere,</strong></span> <span class='ocrx_word' id='word_1_539' title='bbox 589 4407 661 4474; x_wconf 90' lang='lat' dir='ltr'><strong>qnod</strong></span> <span class='ocrx_word' id='word_1_540' title='bbox 714 4399 742 4474; x_wconf 77' lang='lat' dir='ltr'><strong>(d</strong></span> <span class='ocrx_word' id='word_1_541' title='bbox 754 4397 900 4472; x_wconf 77' lang='grc' dir='ltr'><strong><em>λεγόμενος</em></strong></span> <span class='ocrx_word' id='word_1_542' title='bbox 916 4395 1035 4463; x_wconf 80' lang='grc' dir='ltr'><strong><em>Ἰνδικὸς</em></strong></span> <span class='ocrx_word' id='word_1_543' title='bbox 1048 4399 1172 4469; x_wconf 85' lang='grc' dir='ltr'><strong><em>κάλαμος</em></strong></span> <span class='ocrx_word' id='word_1_544' title='bbox 1188 4395 1255 4468; x_wconf 79' lang='grc' dir='ltr'><strong><em>φάε-</em></strong></span> 
     </span>
     <span class='ocr_line' id='line_1_54' title="bbox 134 4464 1255 4543; baseline -0.002 -19"><span class='ocrx_word' id='word_1_545' title='bbox 134 4475 196 4538; x_wconf 81' lang='lat' dir='ltr'><strong>apud</strong></span> <span class='ocrx_word' id='word_1_546' title='bbox 207 4477 286 4530; x_wconf 89' lang='lat' dir='ltr'><strong>ludos</strong></span> <span class='ocrx_word' id='word_1_547' title='bbox 299 4484 396 4533; x_wconf 87' lang='lat' dir='ltr'><strong>crescit</strong></span> <span class='ocrx_word' id='word_1_548' title='bbox 408 4484 437 4532; x_wconf 88' lang='lat' dir='ltr'><strong>in</strong></span> <span class='ocrx_word' id='word_1_549' title='bbox 450 4494 581 4532; x_wconf 85' lang='lat' dir='ltr'><strong>summam</strong></span> <span class='ocrx_word' id='word_1_550' title='bbox 598 4476 661 4528; x_wconf 87' lang='lat' dir='ltr'><strong>alti·</strong></span> <span class='ocrx_word' id='word_1_551' title='bbox 712 4493 774 4543; x_wconf 79' lang='lat' dir='ltr'><strong>rus,</strong></span> <span class='ocrx_word' id='word_1_552' title='bbox 792 4468 883 4541; x_wconf 85' lang='grc' dir='ltr'><strong><em>πάχος</em></strong></span> <span class='ocrx_word' id='word_1_553' title='bbox 899 4467 949 4541; x_wconf 70' lang='grc' dir='ltr'><strong>μὲν</strong></span> <span class='ocrx_word' id='word_1_554' title='bbox 960 4464 1029 4526; x_wconf 81' lang='grc' dir='ltr'><strong><em>ὅσον</em></strong></span> <span class='ocrx_word' id='word_1_555' title='bbox 1042 4466 1094 4524; x_wconf 77' lang='grc' dir='ltr'><strong>δύο</strong></span> <span class='ocrx_word' id='word_1_556' title='bbox 1108 4473 1195 4538; x_wconf 77' lang='lat' dir='ltr'><strong>andos</strong></span> <span class='ocrx_word' id='word_1_557' title='bbox 1207 4486 1255 4522; x_wconf 82' lang='lat' dir='ltr'><strong>ne-</strong></span> 
     </span>
    </p>
   </div>
   <div class='ocr_carea' id='block_1_21' title="bbox 986 4555 1053 4620">
    <p class='ocr_par' dir='ltr' id='par_1_21' title="bbox 986 4555 1053 4620">
     <span class='ocr_line' id='line_1_55' title="bbox 986 4555 1053 4620; baseline 0.03 -2"><span class='ocrx_word' id='word_1_558' title='bbox 986 4555 1053 4620; x_wconf 82' lang='grc'><strong>13*</strong></span> 
     </span>
    </p>
   </div>
   <div class='ocr_carea' id='block_1_22' title="bbox 0 0 1526 5125">
    <p class='ocr_par' dir='ltr' id='par_1_22' title="bbox 0 0 1526 5125">
     <span class='ocr_line' id='line_1_56' title="bbox 0 0 1526 5125; baseline 0 1"><span class='ocrx_word' id='word_1_559' title='bbox 0 0 1526 5125; x_wconf 95' lang='lat' dir='ltr'><strong> </strong></span> 
     </span>
    </p>
   </div>
  </div>
 </body>
</html>
