3042 5125
485 342 691 411 ΤΗΑΙΛἈ.
715 346 774 406 111.
798 356 857 411 ne
882 358 942 412 129.
1221 352 1291 423 24⁷.

153 542 252 627 ρήναι
261 530 323 606 τόν
332 532 428 605 πόδα.
449 542 507 604 καί
518 562 585 632 κως
598 540 819 629 ἰσχυροτέρως
830 539 992 629 ἐστράφη·
1012 537 1030 611 ὁ
1043 540 1106 634 γάρ
1120 548 1155 615 οί
1161 541 1281 634 άστρά-

152 649 246 731 γαλος
265 636 450 728 ἐξεχώρησε
475 641 511 709 ἐκ
533 644 602 709 τών
628 637 779 730 άρδρων.
813 651 957 732 νομίζων
984 645 1020 715 δὲ
1043 646 1283 739 καὶπρότερον

152 745 222 832 περὶ
244 740 373 813 ἑωυτὸν
399 750 487 831 ἐχειν
505 751 703 832 Αἰγυπτίων
721 743 800 828 τούς
825 749 1002 828 δοκέοντας
1023 748 1109 820 εἶναι
1125 750 1282 840 πρώτους
1349 834 1351 837 ,

109 845 215 937 εωτήν
236 844 390 936 ἰητρικήν
414 845 558 917 τούτοισι
587 851 712 936 ἐχρᾶτο.
746 856 781 920 ολ
808 850 844 920 δὲ
869 856 1107 942 στρεβλοῦντες
1127 858 1182 925 καὶ
1201 857 1280 945 βιώ·

151 976 239 1040 μενοι
270 947 332 1020 τὸν
360 949 448 1020 πόδα
485 948 591 1021 κακδν
616 956 714 1041 με’ζον
740 952 922 1043 ἐργάζοντο.
962 950 1017 1024 ἐπ’
1047 955 1129 1026 ἑπτά
1151 960 1214 1049 μὲν
1240 959 1282 1049 δή
1375 956 1377 961 ’
1446 950 1456 977 ’

150 1051 266 1145 ἡμέρας
280 1055 339 1122 καλ
361 1051 443 1124 ἑπτά
460 1052 583 1135 νύκτας
602 1050 668 1125 ὑπὸ
691 1061 752 1126 τοῦ
773 1056 954 1145 παρεόντος
974 1064 1081 1129 κακοῦ
1099 1056 1117 1131 δ
1138 1074 1282 1150 Δαρεῖος

149 1155 349 1247 ἀγρυπνίῃσι
371 1168 491 1247 είχετο,
514 1163 557 1248 τῇ
578 1159 614 1228 δὲ
635 1157 677 1249 δή
698 1156 802 1250 ὀγδόη
821 1156 926 1251 ήμέρη
947 1168 1059 1249 ἔχοντί
1073 1171 1109 1235 oi
1124 1165 1282 1256 φλαύρως

151 1259 361 1351 ταραττούσας
388 1288 437 1342 τις
460 1259 624 1353 πρότερον
650 1270 698 1335 ἔτι
725 1267 763 1334 ἐν
787 1264 932 1353 Σάρδισι
961 1269 1022 1335 τοῦ
1041 1269 1280 1359 Κροτωνιήτεω

151 1363 363 1455 Δημοκήδεος
389 1363 451 1453 τήν
481 1369 602 1455 τέχνην
626 1362 780 1455 ἀγγέλλει
812 1373 861 1462 τῷ
887 1377 1040 1461 Δαρείῳ·
1077 1367 1095 1441 ὁ
1123 1373 1160 1442 δὲ
1185 1371 1282 1463 ἄγειν

181 1556 315 1633 δγάροῖ
333 1555 508 1631 ἀστράγαλος
525 1556 688 1634 ἐξεχώρησε]
738 1585 789 1635 pro
803 1559 917 1637 ἐχρῆτο,
942 1572 1014 1636 qnod
1032 1571 1103 1624 idem
1122 1572 1182 1625 tolli
1201 1576 1284 1627 iueeit

152 1639 187 1688 1⁴21
201 1635 344 1687 Herodoto
361 1635 430 1687 haec
448 1637 548 1700 refert,
574 1643 689 1691 notante
739 1639 858 1692 Bredov.
871 1657 898 1706 p.
909 1640 971 1692 380.

152 1706 268 1769 werae„
282 1706 341 1755 Dio
355 1704 496 1770 Chryeoet.
511 1705 557 1758 Or.
570 1708 643 1759 XIV.
660 1724 687 1772 p.
775 1707 969 1778 στρεβλοῦντες
994 1705 1044 1760 καλ
1073 1702 1204 1778 βιώμενοι
1232 1705 1282 1763 τὸν

151 1776 239 1828 2313.
256 1775 401 1827 LXXVII.
422 1791 448 1840 p.
466 1776 517 1828 652
535 1778 567 1826 Ε.
600 1777 689 1843 Signi·
739 1770 827 1846 πόδα]
847 1781 865 1831 i.
880 1797 904 1832 e.
920 1789 1064 1846 torquentes
1079 1784 1167 1847 pedem
1183 1786 1278 1850 οἰοιραι

150 1846 240 1897 icatur
254 1849 349 1896 autem
360 1854 459 1896 ertnwn
469 1851 603 1908 λαναλατα,
617 1863 689 1913 quae
739 1849 892 1912 inserentes,
905 1853 936 1900 nt
949 1849 1056 1901 ecilicct
1069 1852 1098 1900 in
1111 1857 1215 1904 rectum
1226 1858 1283 1903 eta-

151 1916 212 1966 alibi
236 1916 340 1966 dicitur
364 1905 464 1981 ἐκβολή
491 1913 542 1965 τοῦ
565 1904 688 1982 άρθρου,
740 1923 797 1968 tum
812 1919 981 1996 redigerent,
994 1912 1282 1986 ἕλκοντεςκαλβιαζό-

151 1990 210 2039 orric
223 2003 237 2037 ι
248 1990 306 2038 loco
319 2001 369 2036 nuo
381 1988 471 2047 motio,
487 1990 518 2036 nt
533 2002 560 2036 v.
579 2002 602 2038 c.
615 1986 690 2053 apud
740 2000 820 2052 μενοι
835 1979 866 2037 τὸ
881 1986 1009 2054 αρδρον,
1028 1993 1061 2038 ut
1078 1990 1118 2049 eit
1130 1990 1185 2041 Dio
1199 1990 1282 2056 Chry·

150 2055 214 2106 Plnt.
229 2056 262 2107 dc
275 2054 421 2119 superstit.
440 2070 502 2121 pag.
516 2055 566 2107 194
575 2057 625 2119 E„
641 2056 690 2107 ubi
740 2062 891 2120 eoetomue,
910 2057 959 2123 qui
976 2056 1057 2123 haec,
1079 2064 1204 2111 monente
1217 2060 1283 2112 Val-

152 2125 283 2190 Wyttenb.
307 2124 340 2173 in
352 2124 642 2177 Animadvereienibun
661 2142 689 2191 p.
739 2125 831 2191 elren„
844 2126 863 2177 1.
876 2127 894 2177 1.
905 2126 1009 2192 attigit.

150 2194 210 2260 999,
221 2194 362 2246 Herodoti
378 2199 407 2246 et
418 2194 515 2245 Dionia
532 2210 586 2245 non
597 2196 689 2247 imme·
774 2187 944 2263 άγρυπνιήσι
959 2191 1060 2261 εἴχετο]
1079 2195 1098 2247 i.
1114 2212 1138 2248 e.
1159 2197 1282 2250 insomnii

150 2280 220 2327 mor,
238 2263 372 2329 Foeeium
388 2264 416 2314 in
436 2263 536 2316 Oecon.
555 2266 687 2331 Hippocr.
739 2267 874 2320 laborabat
886 2282 908 2318 s.
916 2268 1088 2332 premebatur.
1119 2267 1244 2319 Turoni.
1257 2267 1280 2330 1,

151 2340 175 2385 et
182 2334 282 2399 Upton.
295 2336 326 2383 in
341 2333 435 2384 Indice
444 2335 563 2399 Epictet
576 2350 597 2384 e.
606 2351 632 2387 v.
646 2326 688 2385 ίκ-
741 2336 874 2400 190.111‚
893 2337 937 2398 59,
955 2350 989 2387 ne
1005 2335 1092 2401 plura.
1121 2336 1184 2386 Alia
1205 2337 1283 2387 dabit

151 2396 254 2469 βάλλειν
265 2402 376 2454 laudat.
391 2462 397 2480 ἢ
739 2405 899 2456 Stallbaum.
914 2406 949 2455 ad
963 2405 1072 2456 Platon.
1084 2404 1281 2470 Ρ111101ο.ς,98.

182 2466 341 2537 Αἰγυπτίων
351 2484 417 2528 τους
427 2463 576 2528 δοκέοντας
585 2487 611 2523 κ.
623 2468 688 2535 et]
759 2511 766 2525 .
783 2474 832 2526 137
845 2490 862 2525 a
875 2476 921 2526 Gr.
936 2476 1083 2539 excitator.
1096 2502 1131 2511 —
1143 2474 1185 2526 Ad
1197 2475 1283 2528 verba

151 2545 244 2596 Persae
255 2558 316 2595 curn
332 2540 407 2593 nulla
419 2556 536 2607 unquam
551 2541 620 2592 artie
635 2556 689 2592 me·
739 2491 756 2596 ἐ

152 2615 224 2665 dicae
239 2614 343 2680 peritii
360 2612 497 2676 valerent,
514 2628 548 2663 cr
561 2627 614 2677 quo
626 2617 690 2662 tem·
739 2614 831 2666 influe
844 2616 982 2667 enuntiati
997 2615 1121 2666 coneulto
1137 2617 1282 2679 repetitum

151 2699 210 2748 pore
224 2699 271 2750 per
289 2682 454 2748 cambysem
472 2684 612 2748 Aegyptus
625 2683 689 2731 Per·
741 2686 776 2736 ob
788 2685 881 2749 priora
891 2683 975 2735 verba
987 2684 1068 2734 nimie
1079 2689 1184 2735 remota
1195 2700 1211 2734 a
1223 2701 1282 2736 ver-

151 2754 186 2806 rit
197 2754 305 2820 cognita
314 2757 345 2804 et
354 2767 439 2817 regno
449 2752 544 2803 addita
552 2751 615 2814 fuit,
625 2751 690 2801 hine
740 2756 776 2805 bo
787 2745 918 2818 άγγέλλει.

152 2824 262 2876 medicor
274 2839 342 2877 euos
353 2822 609 2889 petiiecevidentur.
621 2822 692 2873 Nam
777 2812 971 2888 παρακούσας]
991 2812 1181 2885 παρακούειν,
1202 2822 1283 2873 obiter

152 2894 285 2960 Aegyptus
300 2892 421 2958 cingulis
435 2892 691 2958 eingnloecorporia
739 2895 844 2953 audire,
871 2894 936 2956 poet
956 2890 1070 2942 Cattier.
1095 2888 1281 2956 Gazophylac.

154 2964 272 3028 partibor
300 2961 454 3013 adhibebat
477 2962 613 3024 medicos,
638 2976 692 3011 me·
739 2979 803 3029 pag.
817 2961 850 3014 93
861 2961 1008 3013 illustravit
1018 2959 1159 3012 Fritneobe
1167 2960 1280 3022 Qnaeet.

154 3032 228 3083 dandi
240 3038 301 3083 arte
312 3031 397 3083 vaide
412 3030 533 3083 exculta:
549 3031 583 3081 de
595 3046 649 3097 qua
661 3047 691 3080 re
740 3034 824 3084 Luce.
836 3047 862 3097 p.
878 3033 918 3083 15.

155 3103 204 3154 vid.
216 3107 286 3155 nott.
300 3102 395 3165 adll,
413 3101 458 3154 84.
482 3100 550 3152 Inde
559 3100 690 3166 Aegyptii
775 3098 825 3150 τοῦ
860 3090 1057 3165 Κροτωνιήτεω
1083 3093 1279 3164 Δημοκήδεος]

155 3172 245 3226 medici
264 3188 333 3237 prae
352 3172 470 3223 eaeterie
489 3175 549 3222 arte
569 3171 691 3236 insignes
739 3173 774 3223 ln
786 3171 883 3222 Dionis
902 3170 963 3222 loeo
978 3169 996 3220 l.
1018 3174 1134 3235 utroque
1153 3167 1200 3219 ilie
1217 3167 1283 3218 dici-

155 3240 273 3307 iamtque
285 3241 420 3294 celebrati
433 3241 494 3294 cese
504 3241 638 3302 videntur,
649 3256 693 3290 ua·
742 3248 787 3293 tur
800 3232 983 3305 Δημόδοκος,
1000 3240 1073 3305 quod
1092 3238 1233 3299 nimirum,
1253 3242 1284 3287 ut

156 3326 202 3376 qne
220 3312 296 3376 dum,
316 3311 405 3362 Dario
421 3326 485 3377 rege
502 3311 601 3376 qnippe
622 3308 691 3359 mele
742 3314 815 3361 recte
833 3307 1141 3375 iudieatWyttenbeeh.
1159 3308 1193 3358 ad
1209 3307 1282 3359 Plut.

157 3385 282 3444 tractato,
307 3381 410 3433 Graeci
430 3381 530 3432 medici
553 3395 645 3431 eorum
663 3380 694 3429 in
741 3383 810 3431 Mor.
825 3381 848 3430 Ι.
868 3396 894 3445 p.
910 3381 977 3441 550,
998 3378 1228 3430 eSocraticorum
1247 3376 1284 3428 le·

155 3449 236 3502 ioenrn
262 3452 450 3504 succederent.
486 3450 519 3501 Id
545 3449 618 3515 quod
644 3464 692 3513 per
742 3452 833 3501 ctione
845 3451 982 3504 Denodoci
991 3448 1175 3500 nomenDioni
1190 3447 1282 3497 notius

156 3520 330 3572 Democedern
353 3522 394 3572 ita
417 3522 588 3586 potissimum
608 3519 694 3570 iniere
742 3520 826 3571 suerit
842 3535 923 3584 qnam
933 3521 1096 3578 Denocedr'e,
1109 3522 1140 3567 ut
1153 3520 1227 3568 recte
1237 3515 1282 3567 ille

157 3590 289 3653 effectum,
314 3590 397 3642 valde
414 3593 445 3641 iit
465 3589 615 3655 probabile.
649 3589 692 3638 Tn
743 3589 898 3656 appellatur
924 3588 959 3638 ab
985 3588 1141 3650 Herodoto,
1170 3587 1283 3636 Timaeo

157 3660 206 3711 vid.
218 3660 340 3713 Brieeon.
353 3659 371 3711 1.
384 3660 438 3712 1.1.
450 3664 474 3724 fi.
488 3659 549 3710 232.
562 3656 613 3711 ‘233
627 3657 690 3709 coll.
742 3676 787 3725 ap.
802 3660 901 3709 Athen.
917 3658 981 3708 XII.
994 3673 1021 3723 p.
1034 3655 1282 3708 obtectionem

159 3728 242 3780 Valeo.
262 3735 291 3782 et
305 3730 489 3793 Lindenbrog.
509 3729 544 3779 ad
557 3727 692 3780 Ammian.
740 3730 774 3778 V.
785 3729 821 3780 H.
832 3728 908 3790 VIII,
924 3715 1282 3790 17.Add.1(urtsprenges:

158 3797 271 3852 Marcell.
284 3801 381 3861 xx11‚
398 3799 439 3862 16,
454 3801 526 3850 Knrt
543 3797 691 3863 Sprcngel:
741 3794 1284 3864 PragmatiecbeGeechichteetc.'1¹.l.p.

159 3867 356 3935 Pragmatiscbe
376 3868 539 3921 Geeohichte
560 3868 586 3921 d.
608 3867 692 3918 Aren.
742 3868 795 3920 349
808 3871 836 3917 et
847 3866 975 3918 Krische:
994 3863 1180 3929 Forechungg.
1195 3862 1284 3915 auid.

162 3943 209 3988 etc.
223 3940 254 3989 Τ.
268 3941 291 3992 Ι.
307 3956 333 4005 p.
351 3938 384 3991 79
399 3944 427 3992 et
444 3954 514 4005 quac
536 3936 592 3988 alia
610 3938 693 3988 attuli
743 3936 892 3991 (iebieted.
900 3935 948 3985 alt.
956 3932 1284 3999 Philoaodh.l.p.7¹leeq.

162 4007 193 4056 ad
206 4007 324 4060 Cteeiam
334 4025 395 4074 pag.
409 4008 451 4060 ld.
477 4006 580 4070 Quibus
592 4007 693 4058 addere
745 4009 779 4058 dc
790 4004 953 4066 Democede‚
965 4002 1191 4069 quiPythagorae
1204 4003 1285 4054 dicei-

162 4073 221 4127 licet
238 4078 399 4142 Choerodm‚
426 4079 473 4144 qui
493 4077 597 4143 insigni
614 4077 694 4129 modo
745 4076 837 4143 plinae
850 4090 957 4141 quoque
975 4075 1029 4124 fuit
1046 4072 1187 4136 addictus,
1203 4089 1286 4125 eccu-

162 4145 289 4199 medieum
303 4149 436 4200 Graecum
444 4151 487 4199 eet
497 4154 696 4209 remuneratae,
745 4151 805 4198 rate
835 4146 1017 4211 diepntantea.
1059 4145 1101 4194 De
1132 4144 1285 4194 medicinae

163 4218 228 4267 teste
240 4219 353 4283 Procop.
370 4220 399 4268 in
411 4218 555 4278 Goth.IV,
576 4216 618 4267 10.
633 4216 694 4266 Vid.
745 4217 839 4269 schole
860 4231 908 4279 ea,
931 4229 1003 4281 quae
1019 4213 1238 4265 Crotoniensium
1257 4213 1286 4262 in

165 4283 449 4339 GibbontGeachichte
461 4293 512 4339 etc.
526 4288 560 4337 X.
572 4304 598 4352 p.
607 4288 640 4338 45
653 4287 695 4338 ed.
746 4286 812 4338 urbe
825 4287 879 4336 iam
893 4281 998 4336 mature
1016 4284 1107 4335 eedem
1125 4283 1234 4346 babuit,
1253 4297 1287 4333 ex
1319 4329 1323 4336 .

164 4368 277 4417 germen.
291 4385 326 4395 —
337 4348 436 4421 ἐχρᾶτο
446 4373 462 4408 e
471 4357 612 4409 Saneroiti
627 4356 696 4407 libro
748 4372 801 4422 qna
816 4360 844 4408 et
856 4355 1005 4408 Alcmaeon
1021 4359 1048 4406 et
1059 4355 1213 4406 Democedea
1226 4367 1287 4415 pro-

167 4421 299 4492 tlieroque
321 4427 383 4479 dedi
406 4443 467 4479 enm
494 4431 610 4479 recentt.
637 4426 697 4478 edd.
748 4426 861 4492 dierint‚
877 4432 991 4492 uterque
1004 4421 1287 4476 mediceae-telibere-

754 2543 834 2609 χοντί
843 2537 873 2594 ολ
882 2539 1015 2610 φλαύρως
1027 2545 1147 2612 pertinet
1159 2543 1281 2610 Δαρείῳ,
