3042 5125
255 408 317 469 706
648 405 912 467 EXCURSUS
934 406 998 467 VH

255 598 320 651 dere
336 595 476 667 potuisse,
497 594 562 665 quia
584 601 639 647 tum
661 594 707 647 illa
727 594 850 647 scribere
870 593 986 662 amplius
1010 610 1065 645 nou
1078 590 1236 663 potuerit*)
1256 625 1292 635 -
1306 625 1342 635 -
1355 626 1389 634 -

256 682 379 753 quamvis
394 680 538 733 multorum
549 679 648 749 plausu
661 686 803 749 exceptum
816 694 899 750 quum
908 677 1117 748 haudquaquam
1128 678 1247 731 iudicet:
1261 678 1335 732 aliud
1347 688 1389 731 est

255 766 362 833 clades,
381 781 462 834 quam
476 764 569 816 eodem
586 763 645 816 loco
659 770 688 816 et
700 772 822 833 tempore
837 765 935 816 factam
949 781 1013 816 esse
1028 769 1095 814 tunc
1110 763 1249 816 maximam
1263 763 1387 816 Herode

255 858 302 902 tus
319 856 428 915 narrat3
446 848 521 901 aliud
537 848 643 914 clades,
662 864 732 918 quae
750 866 805 900 non
821 856 989 901 mortuorum
1003 847 1091 901 solua
1105 847 1155 901 sed
1169 848 1251 900 etiam
1266 848 1387 917 captivo—

256 952 316 987 rum
332 950 443 986 numero
462 940 667 1003 apparatusque
687 931 777 984 bellici
798 933 905 985 iactura
926 932 1106 999 cernebatur,
1129 932 1192 984 licet
1212 932 1326 986 maxime
1345 932 1388 984 vel

256 1018 402 1086 sanguinis
417 1017 500 1070 eh'usi
514 1018 599 1070 maior
613 1018 641 1069 in
659 1016 752 1070 Sicilia
768 1032 848 1087 quarn
930 1016 1009 1086 copia
1027 1016 1161 1070 inerit-
1176 1018 1258 1070 cuius
1276 1017 1316 1069 rei
1331 1033 1387 1069 mn-

257 1103 356 1156 tandae
372 1102 527 1156 facultatem
542 1101 650 1154 omnino
664 1100 780 1170 amphus
802 1118 856 1153 nou
878 1101 1059 1154 habemus-
1072 1100 1142 1154 mille
1157 1117 1258 1154 musae
1272 1101 1387 1170 cogitari

257 1192 390 1257 possunt,
415 1203 486 1256 quae
509 1185 679 1239 Herodotum
702 1194 757 1238 tum
781 1185 998 1255 impediverunt,
1025 1187 1172 1255 quominus
1192 1186 1266 1239 illam
1286 1202 1388 1253 vocem,

257 1278 401 1342 postquam
417 1271 506 1323 minus
521 1270 634 1340 propria
648 1272 721 1323 facts
735 1278 811 1337 erat,
827 1270 854 1322 in
871 1269 1017 1340 exemplari
1029 1286 1091 1340 suo,
1102 1270 1200 1323 nedum
1211 1270 1388 1335 inmunibus,

257 1372 329 1425 quae
344 1360 401 1407 tum
418 1355 538 1407 fortasse
555 1355 607 1407 ism
628 1355 656 1407 in
677 1354 779 1423 vulgus
795 1355 934 1421 exierant,
957 1357 1120 1423 corrigeret.
1152 1354 1272 1408 Omnino
1289 1362 1389 1409 temere

256 1444 344 1508 agunt
359 1439 406 1508 qui
429 1455 461 1491 er
481 1438 641 1508 imperfecta
656 1439 770 1493 extnmi
783 1438 846 1493 libri
863 1440 949 1492 torma
965 1440 1053 1492 totius
1069 1439 1161 1509 operis
1179 1445 1298 1493 setaum
1314 1439 1388 1493 colli·

257 1528 328 1592 gunt
351 1522 568 1595 scriptoremque
589 1522 666 1577 velut
686 1523 816 1577 calamum
834 1539 913 1577 manu
934 1530 1074 1576 tenentem
1093 1524 1121 1577 iu
1142 1524 1204 1594 ipso
1220 1542 1306 1595 opere
1320 1542 1388 1578 mor·

255 1616 333 1660 tuum
346 1625 410 1660 esse
424 1614 565 1660 statuunt:
581 1609 663 1679 quasi
677 1607 790 1661 aliorum
801 1608 932 1662 librorum
947 1608 1070 1677 exempla
1079 1608 1179 1677 desint,
1194 1625 1314 1678 quorum
1328 1627 1389 1678 par·

256 1693 332 1745 tibus
348 1690 431 1745 editis
446 1692 598 1761 scriptores
618 1711 668 1762 per
688 1693 797 1761 longam
816 1709 949 1746 annorum
966 1693 1064 1745 seriem
1084 1693 1252 1762 superstites
1273 1693 1387 1755 fuerint,

257 1794 308 1829 nec
323 1784 411 1828 umen
425 1776 504 1830 linem
520 1777 597 1845 operi
612 1777 784 1830 admoverint
803 1777 864 1830 sive
879 1776 981 1829 aetatis
1004 1794 1072 1830 suae
1085 1776 1177 1830 taedio
1193 1777 1254 1830 sire
1268 1778 1332 1830 aliis
1346 1794 1387 1828 oc-

256 1861 450 1930 cupationibus
474 1861 642 1931 praepediti3
670 1878 760 1932 neque
786 1862 821 1915 de
841 1861 982 1914 Herodoto
1009 1862 1158 1932 quidquam
1182 1857 1387 1929 agnoscere*⁶)

256 1954 367 2015 praeter
381 1961 473 1998 eorum
488 1952 638 2014 temporum
649 1946 784 2015 vestigia,
800 1952 864 1999 ante
879 1962 950 2015 quae
965 1945 1092 2013 singulos
1108 1945 1194 1998 libros
1208 1946 1319 1998 absolvi
1336 1963 1387 1997 nou

257 2029 383 2098 potuisse
401 2035 430 2082 at
444 2028 574 2083 Schoellii
596 2037 623 2083 et
643 2030 758 2099 aliorum
779 2030 922 2099 diligentia
944 2029 1042 2097 evicit3
1065 2030 1228 2083 contrariam
1250 2030 1387 2083 defiuitio-

257 2130 326 2181 uem,
340 2130 396 2184 quo
415 2119 537 2183 tempore
555 2131 638 2167 unum
653 2115 824 2184 alterumque
839 2114 936 2167 librum
952 2114 1107 2167 absolutum
1121 2115 1210 2167 luisse
1221 2122 1327 2168 certum
1343 2114 1385 2178 sit,

256 2206 305 2250 sut
326 2198 435 2250 omniuo
456 2215 511 2250 uon
533 2199 652 2251 concedo
674 2206 722 2251 aut
739 2206 813 2253 certe
834 2216 890 2251 non
917 2199 956 2251 ita
982 2198 1110 2265 admitto,
1139 2206 1183 2264 ut,
1214 2200 1296 2270 quusi
1319 2215 1388 2251 nune

260 2281 366 2334 demum
386 2281 456 2333 illam
477 2283 538 2335 mihi
555 2283 745 2353 quaestionem
757 2283 915 2336 solvendam
929 2283 1139 2352 proposuisses,
1161 2300 1210 2336 ess
1224 2289 1331 2336 tantum
1348 2299 1386 2335 ra-

256 2366 346 2419 tiones
361 2383 508 2435 saquerer,
523 2384 592 2437 quas
608 2368 688 2420 hodie
703 2368 815 2421 maxime
828 2367 985 2438 probabiles
1001 2368 1189 2422 existimarem.

342 2450 432 2520 Atque
453 2450 504 2503 hoc
525 2452 634 2522 quidem
657 2452 773 2522 primum
789 2452 859 2505 satis
881 2458 1009 2504 constare
1023 2453 1152 2521 videtur,
1176 2452 1346 2505 Herodotum
1361 2460 1387 2505 ct

256 2534 415 2607 Sophoclem
432 2552 486 2589 non
497 2537 635 2591 aetatibus
647 2544 752 2591 tanturn
766 2553 911 2607 suppares,
923 2536 973 2590 sad
988 2539 1067 2591 etism
1079 2537 1152 2591 inter
1166 2554 1197 2590 se
1212 2544 1294 2591 notos
1309 2537 1386 2591 adeo-

257 2638 311 2693 que
325 2619 518 2674 familiaritatis
529 2622 622 2694 aliquo
636 2621 746 2676 vinculo
759 2623 869 2676 iunctos
884 2623 983 2686 luisse,
999 2623 1024 2674 si
1040 2623 1149 2692 quidem
1165 2630 1245 2692 pater
1258 2623 1387 2674 historiae

256 2706 362 2774 isfuit,
385 2705 465 2758 cuius
481 2707 577 2759 honori
592 2707 743 2777 Sophocles
757 2723 863 2759 carmen
881 2706 994 2776 aliquod
1012 2707 1169 2760 destinasse
1182 2707 1303 2759 traditur
1318 2707 1386 2775 apud

256 2789 429 2843 Plutarchum
447 2790 487 2843 hu
501 2791 561 2844 seni
578 2792 616 2844 sit
630 2809 704 2861 resp.
720 2792 834 2859 gereud.
846 2807 905 2860 cap.
918 2793 949 2844 3:
963 2789 1041 2845 tonsi
1056 2787 1086 2845 dl
1099 2785 1325 2861 ὁμολογουμένως
1336 2793 1387 2844 Σο

256 2873 390 2942 modiove
405 2869 462 2929 luti
476 2869 507 2930 ud
522 2869 755 2946 ἐπιγραμμάτιον·

492 2954 569 3033 ᾠδὴν
578 2956 719 3034 Ἡροδότῳ
735 2959 831 3026 τεῦξεν
846 2960 996 3030 Σοφοκλῆς
1009 2954 1090 3016 bulon
1106 2952 1147 3015 oio

492 3038 570 3099 πέντ’
582 3039 628 3100 tut
641 3040 823 3116 πεντήκοντα,

256 3128 329 3182 unde
345 3128 489 3180 subductis
504 3128 631 3195 calculis,
653 3147 736 3200 quum
753 3129 914 3200 Sophoclem
933 3146 958 3182 a.
976 3132 1028 3183 luo
1043 3140 1107 3183 ante
1122 3130 1189 3183 Chr.
1212 3136 1306 3182 ustum
1328 3147 1387 3183 esse

256 3211 476 3265 verisimillimum
489 3213 540 3280 sit,
565 3229 590 3264 a.
606 3217 656 3266 441
673 3232 721 3267 eos
738 3215 778 3266 ita
792 3231 847 3267 una
862 3214 951 3267 luisse
967 3215 1164 3284 consequitur,
1185 3223 1217 3268 ut
1229 3214 1387 3267 Herodotus

256 3295 384 3366 Sophocli
398 3294 477 3348 lusus
492 3296 594 3366 poitici
606 3298 777 3352 occasionem
793 3299 948 3368 praeberet.
972 3299 1041 3351 Nam
1056 3299 1131 3369 quod
1147 3300 1277 3366 luerunt,
1293 3297 1387 3368 quide

256 3396 430 3434 numerorum
440 3381 558 3433 veritate
573 3381 763 3435 dubitaverint
771 3384 865 3454 ,quia
878 3401 965 3437 oenem
976 3383 1138 3452 Sophoclem
1149 3383 1290 3436 Plutarchi
1307 3384 1387 3435 rerba

255 3467 417 3537 requirunt,
441 3465 516 3518 obliti
534 3473 614 3534 sunt,
640 3468 791 3520 Graecos
782 3486 860 3537 ipsos
876 3468 1142 3539 quinquagenarium
1162 3463 1321 3539 πρεσβύτην
1343 3485 1387 3537 ap·

255 3551 388 3621 pellnsse,
412 3559 442 3603 ut
455 3551 587 3621 Hippocr
606 3552 679 3622 apud
695 3552 803 3605 Philon
820 3552 860 3606 De
875 3553 969 3605 muudi
983 3554 1095 3622 opis
1066 3553 1080 3603 1
1114 3555 1164 3608 36:
1181 3545 1389 3622 ἆνήρδὲᾶχρις

253 3631 316 3698 ἑνὸς
336 3634 435 3690 δέοντα
457 3630 631 3705 πεντήκοντα
648 3631 726 3699 ἔς
695 3655 731 3690 τα
752 3630 867 3699 ἑπτάκις
886 3632 956 3691 ἔπτὰ
962 3592 1229 3709 ,πρεοβοξτηςΓ
1208 3655 1272 3706 αχρι
1291 3631 1390 3704 πεπή-

254 3738 341 3774 aceto
354 3717 395 3786 ἐξ,
411 3718 450 3782 εἰς
465 3740 499 3775 τα
489 3713 655 3783 ἐποίης’
640 3716 729 3790 carni,
750 3714 826 3776 cdd'
843 3715 976 3777 ἐντεῦθεν
990 3718 1085 3792 γέρων,
1102 3722 1251 3792 eodemque
1267 3720 1387 3789 exemplo

255 3805 371 3857 Latinos
391 3823 494 3874 senem,
519 3806 740 3877 quemadmodum
755 3807 854 3859 Cicero
872 3807 906 3859 ad
925 3807 1006 3860 Attio.
1031 3807 1117 3872 1V‚o
1139 3806 1185 3858 vix
1200 3824 1249 3859 ser
1265 3810 1295 3859 et
1308 3805 1386 3874 quin-

255 3889 387 3960 quaginta
408 3906 496 3941 annos
518 3898 600 3942 natus
620 3899 779 3946 senectutem
803 3909 880 3945 suum
906 3897 1049 3958 memorat3
1077 3891 1138 3944 sive
1157 3890 1272 3943 maxime
1300 3890 1384 3956 Berg-

254 3973 327 4026 kium
355 3990 547 4042 sequeremur,
576 3976 623 4045 qui
643 3975 721 4027 Post.
744 3976 845 4028 Graec.
872 3974 951 4042 lyric.
980 3992 1008 4043 p.
1035 3978 1096 4030 459.
1127 3976 1208 4043 φίλος
1233 3972 1385 4045 supplendo

255 4073 308 4108 non
325 4058 422 4109 aetatis
442 4058 585 4111 terminum
605 4058 653 4112 sed
669 4059 876 4113 diuturnitatem
890 4059 1024 4113 amicitiae
1040 4060 1191 4127 significari
1212 4059 1317 4122 voluit,
1339 4058 1384 4109 hu·

253 4140 297 4191 ius
319 4140 467 4209 primordia
491 4143 571 4195 etiam
598 4143 730 4197 decennio
751 4143 830 4213 prius
849 4143 877 4195 in
906 4161 939 4196 ea
960 4149 1081 4214 tempora
1102 4144 1301 4209 reiicereutur,
1327 4142 1384 4212 qni·

253 4223 306 4275 hus
330 4223 439 4275 omnino
459 4226 573 4292 primum
593 4227 752 4281 Herodotus
774 4228 847 4281 inter
864 4230 987 4282 Graecos
1007 4228 1164 4282 innotuisse
1189 4227 1273 4296 vulgo
1300 4225 1383 4278 credi·

253 4355 461 4367 ....-..--—-—

336 4422 365 4484 *l
383 4422 517 4473 Relictam
530 4427 573 4473 cst
585 4422 706 4488 spatium
719 4441 835 4477 vacuum
850 4431 913 4492 post
924 4426 993 4477 haec
1003 4422 1109 4492 verba]

334 4491 377 4557 **)
393 4492 530 4558 Scriptum
542 4499 601 4543 erat
612 4500 786 4560 moenem,
797 4497 845 4547 sed
857 4497 977 4548 deletum
991 4495 1055 4563 est]
