3042 5125
475 377 803 441 MELPOMENE.
825 376 882 441 IV.
902 392 947 446 35.
1218 378 1280 445 367

135 593 226 656 ματα
246 568 287 637 ἐν
305 572 354 662 τῷ
366 566 479 664 ὕμνῳ,
499 569 559 641 τόν
573 594 634 660 σφι
647 566 750 661 Ὠλὴν
768 567 854 660 ἀνὴρ
867 568 992 651 Λύκιος
1011 573 1160 661 ἐποίησε·
1190 570 1280 663 παρὰ

137 670 175 739 δὲ
188 671 307 757 σφέων
326 673 496 761 μαθόντας
516 673 680 764 νησιώτας
701 702 737 743 τε
758 677 815 744 καὶ
826 672 947 755 Ἴωνας
971 669 1109 764 ὑμνέειν
1123 666 1224 747 Ὦπίν
1244 704 1280 746 τε

135 772 345 864 saluom,
368 774 610 867 οὐνομάζοντας
628 805 664 848 τε
677 781 734 848 καὶ
746 774 942 867 ἀγείροντας
961 769 1072 862 (οὗτος
1093 775 1161 848 dii>
1180 777 1281 870 Ὠλὴν

135 876 288 957 καὶτοὺς
307 874 429 962 ἄλλους
448 878 526 963 τοὺς
543 878 707 963 παλαιοὺς
725 877 853 971 ὕμνους
872 885 1005 971 ἐποίησε
1030 885 1067 952 ἐκ
1080 889 1207 973 Λυκίης
1226 887 1279 953 et·

134 978 214 1049 θῶν
241 978 323 1062 τούς
340 979 557 1075 ἀειδομένους
572 989 610 1056 ἐν
623 983 756 1078 Δηίμ)·
792 987 848 1056 καὶ
871 991 940 1054 τῶν
959 992 1090 1073 μηρίων
1108 996 1278 1076 καταγιζο-

133 1087 251 1173 μένων
273 1086 328 1156 ἐπὶ
348 1092 398 1181 τῷ
417 1094 521 1184 βωμῷ
545 1087 608 1179 τὴν
627 1086 755 1159 σποδὸν
776 1087 901 1177 ταύτην
927 1090 983 1160 ἐπὶ
1008 1087 1069 1178 την
1092 1088 1204 1179 θήκην
1222 1095 1280 1180 τῆς

135 1252 272 1320 intelligit
293 1255 395 1307 Noster
417 1256 531 1308 nomina
547 1258 634 1324 Argos
654 1262 682 1310 et
733 1269 788 1307 nae
799 1256 860 1307 sire
872 1254 1002 1307 lominum
1013 1257 1188 1319 coelestium,
1206 1256 1279 1309 Solis

134 1322 218 1398 Opis.
298 1381 304 1392 Ι
353 1385 360 1402 ι
409 1382 452 1403 Η
522 1383 529 1402 ι
734 1327 885 1387 etLunae,
902 1325 1020 1391 cultum,
1034 1343 1113 1393 quern
1130 1343 1163 1378 ex
1180 1326 1278 1378 iisdem

170 1407 223 1442 τον
236 1405 288 1456 σφι
301 1390 382 1457 ilino
398 1408 473 1459 ανηρ
486 1394 592 1452 Λυιιιυς
607 1384 683 1444 inci·
734 1396 884 1461 superioris
898 1396 980 1448 Asiae
994 1397 1076 1448 terris
1087 1396 1279 1463 religionibus·

134 1460 199 1528 ησε]
222 1461 313 1512 Simili
328 1463 408 1513 modo
428 1463 551 1529 loquitur
565 1464 685 1515 Pansan.
734 1481 802 1531 que,
817 1465 854 1517 ad
869 1481 937 1532 ques
949 1467 1120 1533 Hyperborei
1133 1482 1279 1533 eorumque

133 1532 185 1595 lx,
201 1533 252 1594 27,
265 1534 291 1594 2,
304 1531 365 1582 loeo
378 1548 460 1599 supra
470 1533 506 1584 ad
520 1533 563 1596 11,
578 1532 612 1584 53
626 1533 685 1598 (ubi
734 1551 816 1587 sacra
831 1535 912 1601 vulgo
924 1536 1096 1602 relegentur,
1110 1536 1175 1588 illue
1184 1552 1279 1602 perve-

133 1602 194 1654 rid.
214 1603 328 1653 Excute.
352 1603 384 1651 Τ.
398 1604 422 1653 1.
441 1603 683 1667 pessumdato.
733 1606 808 1656 nisse
822 1606 986 1672 suspiceris,
1004 1608 1046 1658 ita
1054 1612 1087 1656 ut
1098 1605 1193 1657 Olenia
1203 1608 1281 1672 Lycii

133 1670 207 1722 Add.
224 1671 684 1752 gsmso.vll,·23.§.2‚u01²sm5
733 1675 956 1726 commemoratio
987 1677 1016 1727 in
1040 1676 1278 1741 Hyperboreorum

132 1740 204 1806 pbo,
221 1756 254 1798 ος
273 1739 431 1805 Αθηιάίυις
447 1735 512 1799 τοὺς
533 1756 684 1808 oppetere·
733 1745 819 1795 saeris
833 1745 922 1796 minus
938 1750 1012 1796 certe
1027 1745 1157 1796 offendat.
1186 1746 1277 1810 Expo-

132 1823 202 1869 τους
216 1803 317 1875 ὕμνων
328 1803 343 1860 ί
350 1825 372 1860 τι
381 1809 510 1876 οίησεν.
732 1813 789 1864 suit
806 1814 933 1866 Creuzer.
950 1814 1071 1878 Symbol.
1091 1815 1129 1865 11.
1150 1829 1212 1879 pag.
1226 1815 1274 1865 521

169 1881 214 1931 Ad
223 1885 414 1946 argumentum
423 1881 476 1932 loci
489 1881 561 1948 quod
573 1880 684 1944 attinet,
731 1899 809 1949 seqq.
816 1883 930 1948 deseq.
937 1885 989 1934 540
995 1884 1037 1935 ed.
1045 1889 1108 1934 tert.
1119 1883 1181 1934 coll.
1187 1883 1276 1934 Bode:

131 1966 197 2002 eum
206 1950 375 2002 Herodoteis
389 1951 462 2001 coni.
473 1949 636 2003 Callimsoh.
645 1951 681 2000 H.
731 1952 830 2004 (lesch.
843 1953 869 2003 d.
880 1951 987 2005 Hellen.
998 1952 1167 2005 Dichtkunst
1180 1954 1202 2004 Ι.
1213 1968 1276 2019 pag.

133 2018 683 2086 inDel.3l)4atquePausan.X,5.§.4.
731 2023 1037 2088 477.11‚1.psg.30
1055 2037 1131 2088 seqq.
1160 2022 1277 2073 Cautius

130 2090 165 2153 I,
186 2091 227 2142 18.
247 2092 274 2152 ἕ.
285 2090 312 2140 5.
336 2090 412 2152 Quae
427 2089 608 2142 Schnbsrtnm
626 2089 645 2140 l.
664 2087 683 2139 l.
732 2090 766 2144 de
784 2091 827 2143 his
844 2092 979 2143 iudicavit
995 2091 1155 2158 Bernhardy
1172 2090 1278 2143 Grund-

130 2175 198 2226 psg.
211 2159 247 2211 59
266 2165 423 2223 moverunt,
440 2165 471 2211 ut
485 2161 568 2211 etism
581 2159 681 2209 Home·
730 2163 794 2214 ries.
806 2161 833 2217 d.
844 2161 947 2227 grieoh.
960 2162 1016 2212 Lit.
1031 2164 1053 2214 l.
1067 2177 1094 2227 p.
1109 2162 1172 2213 248.

129 2230 187 2280 rici
200 2228 298 2294 hymni
308 2244 403 2280 versus
419 2229 556 2282 lto-loe
573 2228 609 2279 ad
621 2227 683 2279 Ole·
764 2218 847 2290 οὖτος
858 2223 888 2280 δὲ
898 2222 913 2281 ὁ
924 2221 1021 2297 Ὠλὴν]
1031 2224 1131 2283 dicum
1139 2230 1276 2315 Schweig-

131 2300 179 2350 nis
193 2299 256 2351 sive
269 2297 494 2351 aliuscuinsdam
504 2299 682 2365 poiitaeenti-
732 2299 829 2353 basus.
859 2305 887 2353 et
911 2301 1001 2352 Gaias.
1030 2300 1131 2367 scripsi
1156 2317 1204 2367 pro
1227 2299 1275 2368 δη,

129 2368 265 2436 qnissimi
278 2383 387 2420 carmen
397 2368 433 2420 de
445 2368 630 2434 Hyperboreis
641 2384 682 2419 re·
733 2369 919 2436 quodllstth.
932 2371 1056 2425 retinuit.
1084 2371 1137 2434 Qui
1151 2370 1276 2423 hocloco

130 2440 209 2490 terre
225 2437 319 2491 vellet.
344 2440 387 2490 De
405 2438 467 2504 ipso
482 2439 682 2504 Olenepraeter
732 2440 864 2506 antiquos
891 2439 1005 2505 hymnos
1033 2433 1111 2506 (τοὺς
1136 2434 1276 2499 παλαιοὺς

128 2509 211 2561 locos
222 2506 242 2562 l.
262 2507 337 2560 coni.
349 2510 467 2560 Psussn.
477 2509 512 2573 V,
526 2510 552 2561 7.
568 2509 594 2571 ᾗ.
604 2510 630 2559 4.
640 2508 680 2572 11,
729 2497 862 2576 ὕμνους),
889 2512 985 2577 quiin
1005 2510 1075 2562 Delo
1096 2509 1276 2576 canebantur,

131 2579 174 2632 lu.
191 2583 221 2644 ὅ.
233 2577 325 2632 3coll.
336 2579 421 2644 VIII,
433 2580 476 2632 21.
494 2583 522 2643 3.
535 2580 552 2630 2
565 2583 594 2630 et
610 2592 681 2645 qaae
730 2580 918 2645 composuisse
936 2580 1053 2644 dicitur,
1076 2581 1099 2632 is
1117 2582 1190 2646 apud
1203 2582 1275 2632 Peu-

127 2651 190 2702 slis
209 2649 396 2701 recentiorum
416 2650 520 2714 scripte
543 2648 578 2699 de
595 2648 680 2700 Otene
729 2649 1275 2729 saniemlX,2l,2sutiquissimosbym·

130 2718 395 2772 excitatScbubsrt.
407 2734 435 2784 p.
444 2719 479 2770 59
489 2719 517 2768 in
527 2722 586 2770 not.
599 2717 679 2770 Unde
729 2735 779 2771 nos
806 2709 883 2784 (sobe
903 2710 1012 2783 ὕμνους
1034 2732 1101 2776 τους
1124 2710 1275 2783 ἅρχαιοτα-
1379 2768 1383 2773 ,

131 2788 294 2855 colligitur,
313 2788 425 2839 Olenem
439 2789 468 2839 in
488 2787 618 2852 Ilithyiss
635 2787 682 2840 bo-
732 2787 807 2854 τους)
830 2787 944 2840 Greeois
968 2789 1153 2854 composuisse
1177 2788 1274 2839 sertor.

129 2875 248 2921 norem,
268 2873 340 2924 quas
353 2857 503 2923 Latonam,
520 2857 584 2909 dum
598 2858 682 2923 Apol·
732 2858 818 2910 Cuius
835 2856 942 2925 hymni,
960 2857 997 2908 ad
1015 2856 1170 2922 Ilithyiam,
1192 2858 1275 2909 Lato

128 2929 218 2981 linem
229 2929 404 2993 Dianamque
420 2927 585 2993 parturiret,
605 2928 682 2979 ediu-
731 2944 794 2980 nam
805 2927 918 2994 eiusque
928 2931 1010 2979 natos
1021 2931 1189 2994 spectantes,
1202 2943 1275 2979 oom-

129 2998 215 3062 verit,
225 3012 339 3049 carmen
348 2997 487 3064 pepigisse
501 2997 615 3063 iureque
628 2997 682 3049 ier·
730 3003 915 3051 memorentur
925 3013 942 3048 a
950 2998 1088 3048 Pausania
1101 2995 1169 3047 loeis
1180 2996 1274 3048 leuda·

130 3070 156 3119 ri
168 3070 295 3120 omnium
311 3067 532 3133 antiquissimum
544 3067 681 3120 Graeciae
731 3070 784 3119 tis:
801 3083 856 3118 uno
867 3066 929 3119 loco
941 3067 997 3131 (11,
1012 3065 1059 3131 13,
1074 3066 1103 3132 3)
1117 3066 1232 3132 hymnus
1244 3067 1274 3117 in

130 3140 266 3204 positam,
292 3137 339 3204 qui
363 3152 425 3188 cum
446 3137 550 3189 Phoebi
574 3137 681 3189 dicotur
729 3140 860 3190 lunonem
886 3151 996 3203 qnoque
1019 3136 1166 3189 iudicatur.
1193 3135 1275 3202 Apud

130 3210 264 3275 princeps
282 3205 417 3272 propheta
442 3206 574 3272 (Pausan.
595 3207 635 3270 X,
653 3207 678 3257 5.
729 3207 843 3259 Suidsm
869 3211 986 3258 vocatur
1009 3195 1158 3268 ἐποποιὸς,
1181 3221 1297 3273 quam·

131 3281 156 3341 5.
172 3281 202 3330 4.
218 3282 249 3328 et
262 3277 315 3336 lx,
332 3277 376 3340 27,
392 3278 435 3342 2),
455 3277 558 3342 primus
570 3276 680 3329 omnino
729 3292 812 3342 qnam
826 3275 905 3342 epioe
920 3292 991 3343 qnae
1008 3275 1136 3328 dicuntur
1151 3277 1274 3327 earmina

126 3348 223 3399 inisse
237 3347 381 3408 videatur,
406 3346 454 3411 qui
475 3348 567 3413 prisco
587 3345 680 3396 edmo-
730 3347 789 3398 sius
798 3345 872 3397 baud
881 3346 1105 3398 constantrunds
1114 3345 1151 3396 ad
1159 3344 1273 3410 hymnos

130 3417 198 3468 dum
213 3432 285 3469 aevo
298 3415 433 3482 Apollinis
451 3416 679 3468 s.Solissacrac
729 3416 964 3482 Lexioographum
994 3420 1135 3481 spectasse
1166 3416 1272 3467 credas.

130 3487 294 3554 regionibns
302 3485 482 3537 orientalibus
494 3486 554 3538 sive
564 3485 680 3537 boreali·
729 3512 765 3523 -
780 3487 814 3537 In
833 3486 956 3552 proxime
977 3485 1202 3537 antecedentibus
1224 3500 1273 3550 νη-

130 3557 186 3608 bns
203 3557 233 3606 in
243 3555 387 3607 Graeciam
401 3555 525 3607 intulerit
536 3570 680 3622 soprops·
730 3546 831 3613 σιώτας
842 3554 982 3621 intelligit,
995 3555 1101 3620 opinor,
1115 3554 1220 3607 incolas
1232 3556 1274 3606 in·

131 3627 220 3692 gerit.
248 3625 304 3688 Qui
320 3623 584 3693 idsmqnodLycius
597 3640 680 3677 roca·
730 3624 851 3677 solarum
875 3626 959 3677 maris
977 3625 1094 3690 Aegaei,
1114 3624 1272 3691 cycladem,

131 3701 179 3747 tar
191 3695 227 3746 ab
242 3694 398 3758 Herodoto,
413 3694 595 3759 Callimacho,
609 3696 680 3747 Pan·
729 3695 896 3761 Sporadum,
921 3710 938 3745 a
952 3694 1030 3753 ‚Delo
1053 3709 1109 3746 non
1126 3693 1272 3746 admodum
1385 3736 1391 3745 .

131 3766 231 3829 emis,
248 3765 382 3829 probante
392 3780 500 3831 quoqne
513 3764 599 3817 Soida
610 3780 632 3816 s.
641 3780 678 3829 v,
729 3770 850 3817 remotos
860 3769 888 3815 et
900 3768 1009 3829 propter
1020 3764 1176 3815 commercii
1186 3764 1272 3814 ratio

130 3835 182 3900 qni
205 3833 265 3885 alia
285 3833 366 3885 simul
390 3833 470 3887 affert
493 3834 551 3886 eius
578 3850 679 3902 coguo-
730 3850 779 3886 nes
798 3850 831 3886 so
850 3834 1056 3899 navigationem
1077 3849 1139 3884 curu
1159 3833 1273 3885 Ionibus

131 3905 211 3955 mina
225 3904 354 3969 Δυμαῖος
371 3903 460 3969 (cuins
477 3903 538 3956 loco
552 3903 680 3970 Κυμαῖος
729 3919 814 3971 prope
830 3902 1022 3954 babitantibus
1041 3902 1070 3954 in
1089 3907 1164 3954 terra
1187 3903 1274 3954 eonti-

129 3974 233 4039 reponi
246 3973 308 4024 vult
321 3973 443 4027 Klaussn
453 3974 482 4025 in
494 3974 680 4040 Encyclopee·
728 3975 806 4026 uenti
816 3972 896 4025 valde
905 3972 1075 4026 coniunctos.

133 4042 184 4093 dia
200 4042 313 4094 lirscbii
335 4047 364 4095 et
385 4043 501 4096 Gruberi
524 4044 597 4096 Soet.
624 4044 678 4095 111.
766 4039 815 4093 set
840 4039 895 4094 τῶν
919 4038 1030 4108 μηρίων
1052 4034 1273 4108 καταγιζομένων

131 4111 198 4164 Vol.
213 4112 266 4163 111.
278 4128 307 4178 p.
316 4113 363 4177 48)
373 4100 616 4181 ἢὟπεηβοήειος,
632 4113 681 4163 mi·
729 4104 779 4165 int
794 4109 834 4181 τῷ
845 4110 939 4181 βωμῷ]
958 4111 1137 4178 intelligimus
1155 4112 1221 4165 baec
1239 4113 1273 4164 de

131 4196 188 4233 rsus
198 4182 295 4248 utique
305 4183 401 4248 probs,
412 4183 440 4234 id
448 4183 609 4237 documento
620 4197 681 4240 esse
727 4184 867 4249 semoribus
877 4187 903 4235 in
915 4200 965 4234 aro
974 4186 1097 4244 mereatu,
1107 4198 1221 4249 qnorum
1235 4185 1274 4234 oi-

129 4251 256 4316 ridetur,
268 4252 381 4319 eLycia
389 4251 458 4304 haec
468 4269 549 4306 secra
560 4255 589 4304 lu
597 4253 681 4306 Grce·
730 4268 809 4306 neres
821 4251 947 4320 sepulcro
958 4253 1046 4319 Argea
1060 4258 1088 4305 et
1097 4254 1166 4319 Opis
1175 4253 1274 4305 iniece

130 4323 208 4372 ciam
224 4320 382 4374 introducta
401 4337 476 4385 esser
503 4324 604 4391 quippe
625 4338 680 4389 que
729 4324 797 4376 rint.
825 4323 866 4375 Ac
885 4319 971 4375 uemo‘
981 4328 1084 4389 nescit,
1104 4329 1273 4390 quantopere

129 4392 162 4442 in
176 4395 253 4442 tem
272 4392 426 4459 antiquitus
445 4392 570 4446 floruisse
584 4393 682 4444 volunt
730 4394 802 4445 inter
819 4395 893 4445 viros
907 4393 1004 4445 doctos
1022 4392 1204 4459 disceptatum
1215 4392 1273 4443 tus·

130 4460 274 4528 puriorem
284 4462 422 4528 quendam
433 4462 568 4529 Apollinis
577 4469 605 4516 et
614 4464 682 4514 Dis·
731 4464 768 4515 rit
787 4463 822 4515 de
842 4462 1042 4530 significatione
1057 4463 1134 4517 vocis
1152 4458 1271 4529 μηρίων,
