3042 5125
222 366 264 429 86
660 353 928 418 HERODOTI

225 558 281 632 καὶ
294 552 361 646 νόφ
375 549 504 642 λαβὼν,
519 548 563 631 ὥς
576 555 612 619 oi
621 539 661 619 εὖ
673 545 852 618 ὑπετίθετο
861 545 1018 634 Ἀμοισις,
1041 546 1185 630 ἐδίζητο,
1200 539 1254 611 ἐπ’
1272 533 1300 634 ᾦ
1312 537 1418 614 o't'vtlr

225 659 366 750 μάλιστα
386 653 448 745 τὴν
470 653 581 744 φυγὴν
594 650 737 758 ἇσηδείη
751 648 948 740 ἀπολομένῳ
963 652 1031 718 τῶν
1044 652 1241 736 κειμηλίων·
1273 645 1363 735 διζή-

226 789 325 854 μενος
340 757 374 830 δ.’
392 758 525 848 εὕρισκε
539 757 624 828 τόδε.
660 758 702 844 ἠν
715 762 750 826 oi
761 755 922 845 σφρηγὶς,
942 751 1004 841 τὴν
1018 749 1137 840 ἐφόρεε
1152 745 1364 839 χρυσόδετος,

260 957 309 1011 καὶ
320 950 376 1025 νόῳ
392 949 496 1023 λαβὼν]
519 958 538 1008 i.
551 975 575 1008 e.
593 974 698 1026 cumque,
707 959 770 1010 doec
820 955 940 1020 lapidem
952 952 1118 1019 simplicem,
1131 951 1284 1016 integrum,
1296 967 1367 1002 suro

226 1036 309 1084 aninco
326 1030 524 1087 recondidisset,
550 1029 716 1079 intellexisset
739 1043 771 1076 oc
821 1026 964 1077 inclusum.
994 1023 1089 1089 Neque
1099 1022 1170 1074 enim
1183 1021 1366 1085 Theodorum,

226 1109 377 1168 reputasset.
393 1099 493 1148 Exstat
503 1096 597 1147 eadem
606 1096 709 1147 locutio
717 1096 771 1157 111,
823 1097 870 1162 qui
893 1100 951 1146 tum
974 1096 1004 1144 in
1025 1109 1088 1144 aere
1107 1091 1279 1154 elaborasse,
1305 1097 1366 1143 tum

227 1172 270 1222 51.
288 1169 346 1223 143,
361 1170 396 1230 V,
409 1168 451 1220 91.
468 1166 547 1228 VIII,
561 1166 603 1216 19.
619 1164 772 1228 SchweIgh.

227 1240 334 1293 confert
346 1238 396 1302 lx,
406 1238 446 1301 10,
455 1236 502 1288 ubi
512 1240 566 1286 est:
579 1230 663 1300 φρενὶ
673 1228 772 1300 λαβόν-

228 1325 273 1368 τες
285 1301 335 1358 τὸν
347 1301 438 1372 λόγον.
466 1306 526 1366 Quo
538 1304 631 1356 eodem
646 1304 701 1355 iere
714 1318 774 1370 per·

228 1379 352 1430 tinebant
364 1378 447 1428 haece
465 1365 512 1424 ἐπὶ
522 1366 589 1423 νόον
598 1368 710 1439 τρέπειν
719 1373 772 1436 ΙΙΙ,

228 1452 276 1512 21,
291 1448 338 1499 ubi
350 1448 422 1508 vid,
441 1435 471 1494 ἔν
484 1435 541 1509 νόῳ
553 1437 627 1508 ἔχειν
639 1446 662 1506 I,
677 1443 718 1494 10.
728 1443 772 1492 27.

228 1515 361 1578 111‚143.
381 1508 412 1565 ἐν
430 1505 488 1581 νόῳ
502 1512 634 1578 γίνεσθαι
653 1513 708 1574 IX,
727 1511 773 1562 40.

228 1585 298 1639 Δδδ.
312 1586 420 1635 Arrium
433 1583 539 1649 Erped.
553 1585 577 1646 1,
593 1583 637 1644 23,
653 1584 669 1632 2
681 1582 774 1646 ibique

228 1655 347 1708 Ellendt.
360 1682 396 1690 —
413 1655 478 1705 Mox
490 1653 600 1714 retinui,
610 1642 772 1714 ὑπετίθετο,

231 1725 303 1792 qued
322 1722 443 1789 plerique
467 1722 531 1772 libri
548 1723 678 1783 afferunt3
704 1721 774 1771 Diu-

229 1794 300 1848 dori.
315 1791 432 1845 Aldinae
444 1790 589 1844 lectionem
602 1787 772 1849 duosidosso

229 1865 380 1917 revocavit.

269 1926 321 1999 τὴν
346 1923 442 1997 ψυχὴν
467 1921 604 1997 ἀσηθείη]
637 1931 775 1981 Observat

229 2001 344 2055 Wessel.
355 1993 430 2051 οἷσοῖν
444 2006 472 2051 et
483 1990 612 2050 οἲσοῖσδαι
623 1999 698 2065 apud
708 2001 775 2065 Hip·

229 2077 370 2139 poc-ratem
382 2071 493 2136 saepius
506 2071 560 2122 dici
573 2070 606 2121 de
621 2072 730 2132 fastidio
746 2074 775 2120 et

229 2145 332 2195 tristitie
340 2144 461 2207 itemque
470 2139 773 2206 apudTheognid.659,

823 1165 990 1216 architectus
1015 1162 1130 1228 insignis
1159 1161 1245 1214 tuisse
1268 1162 1367 1224 fertur,

823 1233 966 1298 sculpendi
977 1233 1094 1297 peritum
1109 1231 1164 1281 dici
1180 1231 1367 1292 aveteribus3

824 1319 875 1354 nce
896 1302 1020 1358 omnino,
1047 1306 1117 1353 teste
1133 1300 1223 1352 Plinio
1243 1302 1272 1352 in
1289 1301 1367 1351 Hist.

824 1374 889 1423 Neu
899 1371 1051 1435 XXXVII,
1073 1372 1103 1433 1,
1132 1375 1197 1421 autc
1212 1371 1367 1435 Polycratis

824 1447 947 1507 tempora
955 1455 1074 1506 gemmae
1084 1440 1206 1491 caelatas
1216 1440 1368 1502 exstitisse,

824 1528 886 1564 eum
904 1510 988 1561 multo
1006 1516 1070 1575 post
1087 1511 1208 1571 demum,
1232 1509 1369 1560 Ismeniae

824 1586 954 1646 tempore,
965 1579 1116 1644 smaragdis
1125 1579 1206 1644 signa
1215 1578 1369 1643 insculpere

824 1650 971 1716 coeperint,
997 1649 1033 1702 st
1044 1648 1111 1700 illud
1123 1653 1322 1714 argumentum,
1334 1648 1369 1698 de

824 1719 968 1772 Theodoro
982 1719 1181 1784 depromptum,
1196 1717 1368 1776 nihilvelere

825 1795 917 1841 monet
928 1787 1115 1855 Esehenburg.
1128 1787 1146 1838 l.
1158 1787 1194 1851 1.,
1213 1804 1267 1853 quo
1279 1790 1368 1853 magis

824 1876 880 1910 non
899 1859 927 1912 in
947 1873 1003 1909 una
1026 1863 1100 1923 arte,
1126 1858 1174 1909 sed
1196 1858 1225 1907 in
1245 1857 1369 1922 pluribus

824 1931 894 1982 bene
920 1932 1046 1979 versatos
1073 1944 1133 1980 esse
1161 1932 1280 1984 constet,
1295 1926 1370 1977 haud

825 2014 927 2066 paucos
949 1998 1114 2052 Graecorum
1138 1997 1273 2061 artifices,
1296 1999 1369 2063 ipsa·

825 2086 877 2136 quc
889 2069 1060 2130 Herodotus,
1082 2084 1143 2122 eum
1160 2067 1307 2120 scriberet:
1331 2082 1370 2132 ην

826 2131 857 2192 δὲ
876 2131 958 2202 ἔργον
979 2128 1144 2204 Θεοδώρου,
1165 2137 1290 2204 profecto
1313 2153 1372 2192 non

230 2212 277 2263 ubi
289 2211 400 2262 additur·
414 2202 522 2274 φρένα,
544 2215 571 2259 et
583 2209 649 2269 983,
669 2209 716 2258 ubi
728 2208 775 2257 ad·

230 2281 305 2331 ditur
317 2271 420 2341 θυμόν.
450 2278 492 2329 Cf.
507 2283 579 2329 nott.
591 2279 627 2329 ad
639 2279 692 2340 111,
704 2278 747 2328 40.
825 2280 873 2330 sed
886 2279 953 2328 artis
966 2278 1101 2343 quoddam
1113 2293 1181 2344 opus
1189 2277 1370 2329 intellexerit.

266 2335 302 2413 ἦν
316 2342 346 2398 oi
358 2344 489 2413 σφρηγὶς,
501 2339 554 2412 τὴν
565 2338 663 2412 ἐφόρεε
675 2337 774 2410 χρυσό-
826 2350 918 2411 Quare
931 2348 1023 2402 malim
1037 2364 1099 2400 cum
1110 2347 1297 2414 Escbenburg.
1309 2346 1337 2399 h.
1350 2346 1369 2397 1.

231 2415 321 2484 δετος]
343 2418 405 2468 Hae
423 2417 457 2467 de
476 2433 582 2481 gemme
600 2422 722 2467 veterum
735 2415 774 2467 1ο-
825 2415 970 2482 σφραγῖδα
987 2420 1112 2483 accipere
1131 2419 1164 2469 de
1183 2434 1291 2484 gemma
1307 2432 1370 2468 cse-

230 2502 278 2538 cos
300 2485 411 2552 collegit
430 2487 558 2536 Penofka
582 2486 625 2535 De
642 2485 773 2536 Samiorr.
823 2488 883 2538 lata
903 2503 926 2537 s.
944 2488 976 2539 dc
994 2489 1108 2550 annulo,
1131 2489 1208 2540 euius
1224 2487 1312 2553 lapidi
1333 2488 1368 2540 si·

231 2556 306 2608 rebb.
320 2573 384 2623 pag.
397 2554 440 2608 34.
459 2557 541 2608 not.l
564 2560 591 2607 ct
605 2553 690 2607 multo
708 2561 774 2607 ante
826 2574 908 2624 guum
928 2558 1065 2624 quoddam
1086 2559 1169 2610 inerit
1189 2556 1369 2624 insculptum,

231 2626 408 2678 Kircbmanu.
444 2628 487 2677 De
508 2624 612 2677 annull.
637 2642 699 2692 pag.
724 2626 775 2677 170
825 2629 959 2694 probante
976 2628 1082 2679 Polluc.
1100 2630 1139 2693 V,
1160 2627 1224 2692 100,
1247 2630 1370 2681 Pausau.

231 2712 308 2762 seqq.
333 2696 502 2760 Quibuscum
513 2698 560 2747 Gr.
576 2696 694 2762 coqierri
705 2697 774 2758 vult,
824 2696 874 2749 1.1.
907 2698 954 2748 nbi
966 2697 1052 2749 verba
1065 2690 1214 2763 Θεοδώρου
1233 2691 1316 2763 ἔργον
1332 2682 1369 2761 ἦν

230 2782 300 2833 quac
316 2767 391 2832 apud
401 2768 521 2818 Pausan.
537 2766 566 2827 1,
581 2768 621 2818 17.
636 2769 660 2830 5.
675 2764 692 2816 3
710 2767 774 2817 coll.
825 2762 874 2816 aul
906 2763 939 2816 πὶ
958 2764 1008 2817 τοῦ
1026 2766 1111 2817 titios
1131 2765 1182 2833 τῆς
1206 2759 1370 2832 σμαράγδου

230 2837 333 2902 Hygin.
353 2838 432 2887 Poit.
452 2837 526 2891 Astr.
541 2838 583 2899 11,
597 2838 613 2886 h
629 2841 776 2888 narrentur
826 2832 948 2903 σφραγὶς
968 2854 1001 2888 ex
1018 2838 1079 2903 ipso
1091 2837 1232 2889 Herodoto
1249 2837 1369 2889 deducta

230 2906 264 2958 de
280 2907 381 2958 Minois
397 2922 519 2969 gemma,
545 2921 625 2971 quam
650 2907 679 2957 in
700 2921 776 2957 mare
825 2906 915 2961 videri
944 2911 1018 2959 recte
1049 2909 1149 2958 statuit
1177 2905 1305 2969 Siebelis)
1341 2910 1369 2956 et

230 2975 366 3028 deiectam
378 2976 515 3036 Theseus,
534 2991 589 3039 quo
606 2976 729 3040 Neptuni
745 2976 776 3026 fi-
826 2979 921 3028 Tzetr.
935 2976 1017 3043 (Chil.
1029 2977 1093 3041 VII,
1109 2979 1168 3041 121,
1179 2978 1226 3027 ubi
1239 2977 1369 3043 legimus:

229 3045 296 3095 lium
310 3061 340 3096 se
355 3060 415 3097 esse
428 3046 567 3111 probaret,
583 3045 709 3097 retulisse
723 3046 776 3096 isr-
825 3033 860 3095 ὃν
871 3044 1002 3110 τεχνικῶς
1014 3037 1210 3112 ἔσφροὶγισενὸ
1224 3044 1369 3097 δακτυλιο-

231 3120 290 3173 tur,
312 3118 339 3164 et
356 3129 426 3179 quae
447 3114 514 3164 ibid.
533 3115 572 3175 X,
589 3113 632 3165 30.
651 3118 675 3176 ἕ.
689 3117 705 3165 2
720 3120 776 3165 tra·
826 3108 932 3180 γλύφος
945 3106 1126 3180 Θεόδοροςὸ
1144 3107 1274 3181 Σάμιος).
1304 3118 1370 3180 Qui-

231 3184 332 3233 duntur
349 3183 381 3233 de
399 3183 507 3245 Phoco,
531 3184 616 3235 Aeaci
634 3183 704 3243 tilio,
731 3185 776 3234 cui
824 3186 939 3238 buscum
968 3185 1040 3238 conl.
1067 3185 1198 3239 Glement.
1222 3186 1369 3238 Alexandr.

230 3255 326 3304 lassus
339 3267 471 3316 gemmam
485 3253 557 3303 dono
569 3253 646 3304 dedit
655 3267 723 3304 auro
735 3255 777 3305 in·
825 3256 948 3321 Paedag.
964 3255 1018 3307 111.
1038 3272 1064 3321 p.
1083 3255 1134 3311 289
1152 3258 1231 3308 Tora.
1245 3257 1268 3308 Ι.
1285 3259 1369 3319 Pera,

230 3322 334 3373 clasem
347 3336 386 3383 s.,
406 3326 437 3371 ut
451 3322 511 3386 ipss
529 3323 615 3374 verba
628 3338 774 3388 apponam,
826 3327 897 3377 unde
908 3331 990 3391 lyraru
999 3325 1101 3377 annulo
1109 3326 1273 3391 insculptam
1284 3327 1370 3380 luisse

232 3388 318 3468 iidoc
337 3388 482 3454 σφραγῖδα
503 3381 689 3456 ἐνδεδεμένην
709 3408 774 3457 χρυ·
826 3395 1008 3447 οτεδοεῙίοοΙι
1036 3398 1094 3448 Nec
1106 3397 1191 3447 aliam
1201 3396 1303 3447 Minois
1317 3414 1370 3449 nec

231 3472 280 3527 σῳ.
308 3460 410 3510 Nostra
421 3464 515 3510 aetate
527 3462 588 3525 quis
601 3462 709 3527 ignorat
723 3462 776 3515 ele·
827 3465 913 3516 Phoci
926 3465 1012 3517 fuisse
1023 3481 1171 3532 gammam,
1183 3467 1241 3518 inre
1251 3468 1370 3532 quodam

231 3529 423 3594 gautisslmum
430 3528 555 3579 Schilleri
564 3547 674 3583 carmen
684 3532 775 3584 dePo-
825 3536 891 3586 mihi
901 3551 1006 3587 sumere
1015 3552 1097 3601 posse
1108 3537 1213 3589 videor.
1235 3537 1272 3588 Et
1283 3537 1370 3589 multo

230 3597 774 3666 lycratisunnnloiDequoipsoennulo
825 3609 890 3657 ante
914 3604 1069 3668 Polycratis
1097 3610 1222 3672 tempora
1247 3607 1370 3658 Mnesar-

232 3684 264 3721 ετ
277 3668 411 3719 Herodoti
428 3668 490 3718 loco
508 3668 661 3735 disputavit
673 3673 774 3725 Facies
825 3675 900 3737 chus,
910 3675 1083 3741 Pythagorae
1092 3681 1180 3743 pater,
1193 3681 1311 3728 vocatur
1320 3676 1370 3727 δοι-

231 3740 258 3789 iu
272 3736 387 3789 Miscell.
407 3753 432 3788 s.
445 3737 543 3789 Gesch.
561 3740 587 3790 d.
602 3739 698 3791 Cultur
717 3743 773 3793 und
825 3735 1027 3808 κτολιογλύφος
1047 3747 1120 3812 apud
1138 3748 1255 3813 Diogen.
1275 3746 1370 3799 Laerta

231 3810 321 3858 Kunst
345 3823 407 3874 pag.
426 3807 462 3859 00
482 3824 557 3874 seqq.
581 3814 695 3862 notante
713 3813 772 3871 Cr..
824 3815 902 3877 VIII,
915 3816 944 3878 1,
962 3820 1077 3867 notante
1090 3818 1138 3869 Or.
1161 3815 1371 3883 Accedit,quod

230 3878 348 3943 itemque
357 3878 474 3944 Lessing
484 3879 524 3928 in:
538 3879 773 3945 Antiquitaliriei.
824 3884 885 3948 ipss
902 3900 962 3934 vox·
978 3883 1100 3951 σφρηγὶς
1119 3888 1248 3939 annulum
1270 3886 1371 3953 signifi·

229 3947 312 4012 (Opp.
328 3949 362 3998 T.
376 3948 423 3997 Xl.
437 3963 499 4011 pag.
513 3947 645 4002 153--101
661 3955 688 4000 et
698 3950 773 4001 eddi·
824 3959 880 4016 eat,
894 3970 946 4019 quo
958 3954 1059 4007 utimur
1072 3957 1233 4021 signatorio,
1248 3957 1295 4023 qui
1305 3958 1373 4008 inde

231 4020 345 4066 tament.
358 4017 544 4082 Eschenburg.
563 4018 629 4069 ibid.
644 4034 707 4084 pag.
724 4021 772 4072 183
824 4026 934 4088 siguum
944 4026 1081 4089 quoddam
1095 4028 1155 4078 sire
1167 4027 1314 4093 imaginem
1328 4028 1370 4078 in-

230 4088 258 4166 et
272 4085 336 4135 XII.
355 4102 380 4150 p.
396 4086 477 4147 253),
503 4087 538 4136 ad
559 4104 638 4153 quem
656 4090 771 4140 eundem
824 4092 959 4158 sculptam
975 4095 1071 4158 habet,
1090 4096 1316 4162 quemadmodum
1335 4096 1369 4147 de

230 4168 289 4204 sure
301 4160 434 4219 provocat
444 4155 532 4221 Sillig.
547 4158 575 4211 in
586 4158 712 4224 Cetalog.
723 4160 771 4209 Ar·
822 4162 981 4227 Babylouiie
988 4167 1087 4217 Noster
1097 4167 1193 4218 scribit
1204 4167 1227 4230 Ι,
1241 4167 1291 4217 1οῖ)
1303 4160 1368 4217 ἕκα-

229 4221 311 4273 tifiec.
324 4239 387 4288 pag.
401 4226 462 4276 442.
486 4226 526 4275 Ac
539 4226 699 4292 Lessingins
712 4230 771 4294 qai·
823 4244 887 4290 στος
895 4226 928 4281 ol
940 4233 1120 4300 σφρηγῖδα
1133 4228 1202 4300 ἔχει,
1216 4236 1367 4302 nequehue

228 4291 290 4343 dem
302 4290 374 4342 hunc
385 4293 540 4357 Polycratis
553 4296 683 4349 annulum
696 4314 770 4363 gem·
823 4319 876 4353 non
890 4304 1009 4366 pertinet
1021 4306 1092 4357 alter
1104 4307 1200 4357 Nostri
1212 4306 1291 4357 locus
1302 4307 1367 4365 VII,

228 4376 299 4411 mam
320 4361 470 4426 caelatam,
496 4380 570 4430 quaa
587 4366 704 4432 effigiem
723 4368 771 4419 ba·
821 4372 868 4435 00,
882 4373 1167 4427 ubicommemorstur
1181 4374 1279 4441 λίθος,
1299 4365 1368 4437 ὀξὺς

227 4430 317 4481 buerit
328 4431 503 4499 insculptam,
518 4435 603 4488 fuisse
612 4442 710 4504 negat,
721 4439 770 4490 sed
821 4439 1025 4509 πεποιημένος,
1038 4442 1077 4513 τῷ
1087 4440 1136 4495 καὶ
1147 4437 1197 4504 τὰς
1211 4458 1256 4511 σφ
1265 4448 1365 4511 ρηγῐ-

825 2209 976 2274 simplicem
1001 2207 1119 2273 lapidem
1135 2224 1203 2258 auro
1223 2207 1370 2270 inclusum,
