3042 5125
444 374 770 437 MELPOMENE.
793 376 848 438 IV.
872 385 900 439 8.
918 382 944 434 9.
1202 373 1262 437 363

108 564 284 656 coelorumve}
297 593 330 636 τε
345 570 403 637 καὶ
415 566 560 658 κρομόν·
588 566 852 658 ἐπειρυσάμενον
873 564 909 635 dt
929 562 990 653 τὴν
1010 564 1168 656 λεοντέην
1184 595 1262 637 κατ-
1288 591 1292 596 ’

149 674 302 756 verdon,
322 668 381 751 τὰς
396 669 434 741 δέ
448 677 483 740 oi
498 677 622 754 ἵππους
636 670 693 753 τὰς
707 669 773 741 ἀπὸ
791 673 852 741 τοῦ
871 665 1016 758 ἅρματος
1030 669 1212 759 νεμομένας
1225 675 1263 741 ἑν

147 772 238 864 τούτῳ
258 778 305 866 τῷ
328 772 439 867 χρόνῳ
461 770 693 866 ἀφανισθῆναι
715 783 795 864 θείη
820 771 912 861 τύχη.
947 768 1004 853 Ὡς
1028 769 1058 842 d’
1082 777 1289 863 ἐγερθῆναι9

145 874 195 945 τὸν
205 873 381 966 Ἡρακλέα,
406 883 576 966 δίζησθαι·
606 878 716 950 πάντα
731 879 767 949 di
781 875 821 947 ιὰ
838 880 895 964 τῆς
914 874 1022 966 χώρης
1043 876 1262 960 ἐπεξελθόντα

144 979 223 1060 τέλος
239 977 418 1052 ἀπικέσθαι
441 985 474 1062 ἐς
493 981 554 1071 τὴν
570 980 705 1072 Ὑλαίην
724 978 930 1071 καλεομένην
949 984 1021 1068 γῆν.
1056 983 1203 1050 ἐνθαῦτα
1226 982 1263 1051 δὲ

143 1186 187 1232 etc.
202 1177 249 1239 τὰς
265 1173 322 1232 απὸ
343 1181 394 1233 τοῦ
409 1174 535 1250 ἅρματος
555 1177 668 1250 νεμομέ-
719 1181 1041 1248 Scythes,quiHyleeem
1053 1186 1177 1232 venetam
1188 1181 1262 1232 inhe-

143 1266 187 1309 νας
197 1267 276 1318 equos
285 1252 363 1316 dicit,
376 1254 424 1319 qui
433 1254 559 1319 pieustro
571 1256 668 1317 iuncti,
717 1254 815 1313 bitent,
829 1256 975 1304 testentur.
998 1250 1163 1316 intelligitur
1172 1258 1262 1303 eutem

142 1323 200 1385 iem,
213 1338 270 1373 cnm
282 1322 415 1374 Hercules
427 1325 456 1374 in
465 1339 588 1375 somnum
602 1325 670 1375 inci·
720 1324 744 1372 is
761 1327 849 1373 terrae
861 1324 980 1384 tractus,
993 1320 1040 1386 qui
1050 1319 1125 1372 bend
1138 1321 1233 1386 procul
1245 1338 1262 1373 s

141 1390 228 1455 disset,
246 1393 331 1443 soluti
347 1409 365 1443 a
383 1392 505 1459 plaustro
519 1395 670 1460 poscebant
719 1392 840 1443 Taurica
859 1390 1027 1442 Chersoneso
1042 1390 1163 1457 cingitur
1179 1392 1264 1455 Bory-

141 1476 198 1511 erre
208 1466 287 1528 etque
298 1454 331 1512 ἐν
340 1460 429 1528 τούτῳ
438 1463 477 1531 τῷ
494 1458 586 1532 χρόνῳ
598 1465 628 1528 (ἰ.
643 1480 667 1519 e.
721 1461 831 1525 sthene,
859 1462 948 1517 Ponto
975 1461 1096 1525 Euxino,
1125 1460 1262 1512 Carcinite

141 1530 193 1580 dum
220 1531 371 1598 poscebant
396 1533 508 1600 ipseque
537 1534 669 1585 Hercules
720 1532 781 1584 sinu
807 1535 835 1582 et
851 1531 994 1596 Hypooyri
1014 1531 1112 1593 fluvio,
1131 1530 1262 1596 silvisque

140 1615 221 1651 somno
233 1601 419 1668 premebatur)
440 1604 535 1655 divine
552 1605 670 1670 quadem
717 1599 831 1667 (quibus
855 1600 958 1665 relique
985 1599 1113 1666 Scythia,
1137 1601 1262 1652 orborum

140 1670 234 1722 fortune
246 1677 426 1724 evanuerunt.
442 1673 533 1724 Minus
543 1680 671 1726 accurate
719 1671 837 1721 maxime
849 1670 939 1735 inops,
961 1674 1050 1731 πνοὴ
1070 1670 1106 1722 cf.
1119 1669 1171 1734 IV,
1187 1671 1219 1724 19
1233 1675 1261 1721 et

140 1743 163 1789 in
174 1757 202 1792 es
217 1744 383 1806 narratione,
394 1757 474 1808 quam
484 1759 518 1794 ex
529 1744 670 1795 Herodoto
718 1739 764 1805 61)
777 1740 881 1807 repleta
894 1740 1007 1790 dicitur:
1026 1754 1059 1790 ex
1077 1755 1129 1805 quo
1141 1741 1200 1805 ipso
1213 1757 1260 1792 no-

140 1809 234 1861 ductam
251 1811 365 1863 exhibet
379 1813 501 1864 Iustinus
517 1812 535 1862 1.
556 1812 584 1877 1.,
609 1813 668 1865 1οαο
719 1825 782 1860 men
795 1809 905 1860 ductum
919 1824 998 1860 nemo
1010 1824 1064 1860 non
1075 1809 1159 1860 vider.
1182 1812 1261 1861 Nunc

139 1880 252 1944 plaustri,
271 1882 346 1948 quod
359 1884 388 1933 in
399 1881 441 1932 hie
453 1882 612 1948 regionibns
625 1899 670 1950 pe·
719 1878 789 1931 haec
807 1894 913 1946 quoque
927 1878 1003 1944 regio
1017 1877 1160 1929 arboribus
1179 1880 1262 1930 nuda·

138 1951 326 2015 regrinentibus
354 1952 488 2003 usitatum
512 1958 569 2013 est,
585 1969 670 2019 equus
718 1954 761 2011 ta3
774 1964 938 2014 quemquam
949 1948 1070 2013 vestigia
1081 1948 1208 1999 dicuntur
1218 1964 1262 1999 su·
1368 1948 1373 1958 '

137 2019 248 2093 adertur,
268 2037 323 2087 quo
338 2026 433 2073 vectus
447 2013 507 2085 (ἐφ’
527 2008 562 2073 οὖ
581 2023 669 2073 uude·
719 2033 844 2084 peream,
864 2019 964 2084 quibus
977 2017 1040 2068 olim
1053 2033 1112 2068 eam
1125 2017 1211 2069 fuisse
1224 2023 1263 2069 te·

136 2086 358 2156 {omremterrem
369 2094 557 2157 peragraverit
565 2093 668 2144 Hercu·
718 2093 793 2139 ctam
819 2091 963 2154 apparent.
999 2087 1093 2139 Omnis
1124 2087 1195 2138 enim
1214 2087 1263 2138 ilie

134 2156 175 2209 ies.
183 2161 212 2210 In
225 2161 267 2223 iis,
278 2176 353 2227 queo
361 2163 483 2226 proxime
493 2162 668 2226 antecedunt,
718 2158 807 2224 regio,
823 2173 893 2223 quae
905 2157 940 2207 eb
950 2172 998 2207 ora
1010 2158 1093 2207 Ponti
1106 2158 1208 2207 Euxini
1220 2173 1263 2208 ee-

135 2220 178 2278 τὸν
197 2222 336 2295 Ἠρακλέα
361 2220 519 2294 ἀφικέσθαι
548 2224 582 2290 ἐς
607 2225 668 2298 την
717 2227 878 2293 ptentrineli
886 2228 1031 2277 introrsum
1042 2227 1196 2278 extenditur
1205 2227 1261 2279 lon-

135 2296 190 2347 νῦν
214 2299 351 2365 Σκυθίην
368 2290 465 2376 χώρην
485 2296 668 2367 καλεομένην,
717 2313 751 2363 ge
771 2297 881 2364 letoque
902 2302 1015 2363 petens,
1042 2296 1121 2348 silvis
1139 2297 1262 2364 adeoque

134 2370 229 2421 centius
241 2371 377 2421 Nostrum
393 2370 515 2421 locutum
533 2387 593 2423 esse
611 2388 668 2423 mo-

133 2443 173 2488 net
183 2439 292 2492 Staulei.
307 2440 347 2491 ad
360 2439 475 2503 Accbyli
488 2441 625 2492 Prometb.
640 2444 666 2505 2,

133 2523 199 2573 cum,
224 2525 293 2576 qnae
313 2524 389 2560 nunc
412 2515 528 2562 vocetur
543 2511 667 2577 Scythia,

133 2578 253 2632 Herodoti
263 2597 303 2631 se.
319 2585 423 2644 aetate,
436 2580 555 2632 nondum
567 2583 608 2633 sio
619 2597 668 2647 ap·

133 2649 331 2713 penetraret,
357 2666 410 2716 quo
426 2654 547 2715 tempore
564 2653 669 2702 Hercu-

131 2718 176 2769 lem
191 2721 279 2772 edisse
296 2721 448 2785 tingebant.
477 2722 573 2787 Neque
585 2721 667 2773 telem

132 2791 275 2842 cantionem
291 2790 423 2841 adhibuit
442 2791 578 2857 Aeohyius
603 2791 623 2843 1.
647 2791 666 2844 1.

131 2857 258 2923 Scythiam
265 2860 415 2927 ¹appellans
429 2864 550 2926 tempore
559 2864 668 2912 Prome·

132 2927 195 2991 thei,
209 2947 287 2996 quem
307 2935 404 2981 aetete
421 2929 507 2981 multo
522 2931 666 2983 Herculem

132 3002 303 3053 sumsisse
316 3000 394 3051 ieme
407 2999 517 3052 tulerat.

331 3172 398 3224 Cer.
411 3172 459 3223 IX.

160 3268 301 3340 δίζησθαι]
315 3275 361 3325 Ita
374 3276 433 3326 iure
442 3274 597 3325 melioribus
611 3291 626 3325 e
639 3274 669 3323 ii-

132 3339 179 3391 bris
194 3359 266 3395 nunc
281 3346 434 3411 repositum
457 3360 507 3409 pro
530 3340 667 3404 δίζεσθαι.
690 3366 694 3371 -

130 3410 183 3528 {id
195 3419 261 3465 nott.
273 3415 312 3465 ed
327 3415 351 3480 1,
363 3415 406 3468 65.
423 3415 457 3465 94
474 3412 536 3465 coll.
551 3413 604 3478 lv,
619 3411 667 3465 139

146 3495 169 3534 u.

158 3540 184 3609 ἐς
197 3543 247 3618 τὴν
257 3543 379 3616 ’Τλαίην
393 3547 576 3617 καλεομένην]
602 3552 667 3603 Ter-

130 3633 169 3670 rae
180 3623 296 3688 leoeae
307 3622 410 3673 Noster
423 3622 546 3672 meminit
559 3622 611 3684 IV,
623 3621 665 3673 18.

132 3686 166 3740 is.
175 3692 217 3742 55.
230 3693 265 3744 76
275 3694 399 3758 itemque
411 3691 517 3742 Plinius
530 3691 567 3739 Η.
580 3691 613 3742 Ν.
627 3691 666 3741 IV

129 3756 191 3823 (26),
204 3760 249 3811 12;
276 3761 363 3825 „inde
376 3759 510 3813 silvestris
522 3764 598 3826 regio
608 3760 665 3825 Hp-

128 3830 199 3878 iaeum
210 3847 301 3894 mare,
316 3846 371 3897 que
383 3829 508 3893 alluitur,
527 3830 665 3896 cognomi-

129 3898 227 3951 navit.“
245 3902 307 3952 Nec
321 3900 391 3964 elie,
404 3901 517 3965 opinor,
535 3901 612 3965 regio
626 3898 668 3948 in-

129 3966 228 4019 dicetur
244 3972 397 4035 Pomponio
416 3969 508 4021 Melae
532 3969 575 4033 II,
595 3970 626 4030 1,
649 3969 665 4018 4

129 4033 164 4085 his
180 4039 281 4090 verbis:
309 4068 359 4102 „—
378 4040 533 4105 IIypeceris
551 4054 598 4104 per
612 4039 666 4088 No·

129 4107 213 4158 medas
221 4108 368 4161 evolvitur.
380 4108 474 4160 Silvae
485 4109 583 4160 deinde
592 4112 668 4171 sunt,

128 4189 189 4239 ques
206 4179 341 4229 maximas
361 4178 413 4229 hee
433 4184 524 4229 terrae
545 4178 666 4229 ferunt.“

717 2369 785 2433 ipsis
801 2368 944 2419 arboribus
964 2382 1035 2417 nunc
1054 2382 1166 2432 prorsus
1185 2373 1262 2418 ceret

716 2436 838 2504 lignique
859 2437 974 2488 materia
991 2437 1053 2488 inde
1072 2438 1181 2488 omniuo
1193 2437 1262 2488 indi-

717 2512 780 2574 get:
800 2523 854 2575 que
869 2508 903 2558 de
912 2523 942 2557 re
955 2506 1067 2557 muitum
1080 2512 1175 2558 nostra
1187 2513 1262 2558 eete-

718 2582 746 2628 te
759 2578 913 2643 quaesitum
925 2592 984 2629 esse
996 2577 1089 2628 video:
1104 2577 1177 2630 ceni.
1190 2579 1262 2630 Beer

718 2648 747 2697 in
762 2648 834 2698 Beer
852 2652 879 2697 et
897 2646 1069 2698 Helmerscn:
1089 2648 1217 2711 Beitriige
1236 2664 1260 2701 κ.

717 2717 867 2768 Kenntnise
885 2716 932 2766 des
945 2714 1084 2767 Russisch.
1096 2714 1196 2767 Reichs
1209 2721 1260 2767 etc.

718 2786 765 2837 Ν.
775 2802 801 2851 p.
813 2786 861 2838 166
872 2801 949 2851 seqq.
962 2783 1021 2850 (qui
1032 2785 1092 2849 ipse
1103 2801 1129 2849 p.
1146 2785 1192 2835 161
1205 2786 1262 2851 Hy-

717 2856 806 2907 leeem
831 2861 952 2908 veterem
978 2853 1168 2920 paeninsulam
1187 2854 1261 2904 iiiam

718 2941 779 2977 esse
797 2926 888 2988 dicit„
904 2939 974 2990 quae
990 2925 1064 2974 intre
1083 2924 1261 2989 Borysthenis

718 2995 818 3047 ostium
833 3000 860 3047 et
875 2996 993 3046 Pontum
1006 2994 1141 3044 Euxinum
1160 2993 1262 3059 promi-

717 3064 776 3130 net)
797 3065 912 3126 etalio,
932 3079 1002 3130 quee
1019 3062 1115 3113 ettuiit
1133 3064 1260 3115 Hersen:

717 3135 872 3200 Osteurope
882 3138 966 3200 etcp.
975 3132 1009 3184 36
1017 3149 1074 3199 seq.
1082 3131 1143 3184 coll.
1151 3132 1262 3184 Kolster

720 3205 749 3255 in
768 3204 881 3256 Jebrbb.
904 3203 924 3254 f.
941 3202 1038 3254 Phiioi.
1058 3218 1084 3253 u.
1105 3204 1260 3269 Peedegog.

718 3273 815 3339 Suppl.
826 3274 890 3326 XII.
911 3290 939 3339 p.
950 3273 1098 3338 611-615,
1115 3273 1162 3323 ubi
1180 3274 1262 3323 Lind-

718 3341 1137 3477 instituentium·
1146 3341 1262 3477 thir

717 3489 786 3549 gnat
796 3484 930 3549 Hylaeum
950 3498 967 3533 e
982 3482 1167 3548 septentrione
1178 3486 1206 3534 et
1217 3497 1261 3532 oc·

717 3554 826 3604 cidente
841 3551 1019 3618 Borysthenis
1036 3551 1174 3602 inferioris
1190 3550 1261 3602 feleo

718 3623 889 3689 quaerentie3
916 3625 947 3670 tu
967 3622 1025 3672 vid.
1053 3622 1135 3672 etiem
1156 3621 1261 3672 Uhertz

717 3694 813 3758 Geogr.
826 3692 851 3743 d.
861 3690 971 3744 Griech,
981 3705 1007 3741 u.
1019 3690 1113 3742 Reem.
1127 3691 1179 3741 111.
1196 3691 1221 3741 2.
1234 3706 1260 3755 p.

717 3764 771 3814 452
790 3778 862 3826 seq..
878 3759 1167 3826 Mureview-Apostol.
1181 3761 1262 3810 Reiee

719 3831 805 3883 durch
827 3832 950 3881 'renrien
975 3844 1039 3894 ρας.
1067 3828 1110 3880 39.
1130 3826 1262 3879 Tchihet·

717 3900 804 3952 cheff:
827 3900 894 3950 Aeie
912 3901 1032 3951 minente
1057 3898 1094 3949 11.
1117 3912 1180 3963 pag.
1198 3899 1259 3952 554.

717 3971 796 4022 Nunc
810 3969 929 4034 regioni,
950 3985 1020 4034 quae
1035 3967 1071 4018 ed
1083 3967 1191 4018 deserte
1208 3968 1262 4018 No·

717 4042 807 4106 geion,
819 4055 837 4089 a
848 4040 978 4104 Nogeirie
991 4038 1117 4089 Terteris
1128 4036 1261 4101 habitote,

717 4111 846 4176 pertinet,
858 4124 955 4158 nomen
969 4108 1124 4172 Iemboyluk.
1136 4106 1178 4156 Cf.
1192 4107 1262 4158 Ren-

718 4177 771 4231 nel.
782 4179 801 4229 1.
812 4178 831 4229 1.
844 4177 1094 4243 proeminente.
1108 4176 1126 4226 1.
1142 4176 1172 4239 1.,
1184 4177 1262 4226 hien-

45 4262 46 4279 ι
127 4236 228 4307 boymh.
241 4247 328 4299 Chius
339 4248 404 4298 Orb.
419 4247 547 4313 descript.
561 4248 612 4298 645
628 4248 669 4297 in·
720 4254 793 4300 nert:
805 4249 904 4312 Geogr.
916 4247 961 4297 IV.
970 4263 997 4312 p.
1007 4246 1116 4312 80seq.‚
1129 4245 1260 4297 Koehler:

46 4328 47 4337 ³
128 4310 208 4379 deque
222 4316 314 4367 Anon.
329 4317 430 4382 Peripl.
445 4320 470 4380 ξ.
484 4316 500 4368 3
517 4315 626 4379 (1111.
639 4332 666 4381 p.
718 4316 842 4368 Mdmoir.
859 4331 904 4367 sur
915 4316 942 4367 le
961 4332 1039 4367 ceurs
1053 4315 1179 4366 d’Achill.
1197 4330 1261 4380 peg.

128 4381 174 4434 ²09
193 4384 280 4450 uait.)
310 4387 441 4438 orientem
467 4401 561 4436 versus
581 4386 667 4451 Bory-
721 4385 854 4447 129.130‚
875 4384 1262 4450 Heerenrldeen1,2.psg.

128 4450 244 4504 sthenem
276 4458 449 4521 transgresso
480 4456 575 4506 obvios
608 4470 668 4505 csse
718 4456 783 4519 272,
803 4471 856 4521 quc
871 4460 985 4506 auctore
1003 4453 1151 4513 incertum,
1172 4458 1262 4503 utrum
