3042 5125
492 450 556 509 ΑΙ)
579 448 834 510 HERODOT.
856 450 915 523 iv,
937 457 979 512 44.
1243 446 1304 509 725

168 636 338 691 celeberrimi
354 654 451 689 nomen
467 655 483 690 a
499 639 614 691 serioris
628 639 729 691 aetatis
744 640 882 709 scriptore
898 637 1031 708 opusculo
1050 654 1101 691 suo
1117 638 1305 707 praepositum
1367 632 1372 639 ’

170 722 259 774 luisse
277 721 356 773 valde
367 722 399 774 lit
408 722 548 775 credibile.
580 722 619 775 Ac
630 724 725 775 mirum
737 740 848 794 quoque
860 724 971 776 videtur
981 722 1156 775 Rohertsono
1168 722 1304 795 (Kenntn.

169 806 195 860 d.
212 806 291 857 Alten
310 824 363 857 ron
378 806 439 859 lud.
457 825 519 875 pag.
539 811 588 862 tou
603 807 707 878 seqq),
727 810 802 878 quod
819 826 870 861 nec
884 807 1039 875 Nearchus,
1055 825 1105 859 nec
1123 806 1305 873 Ptolemaeus,
1383 810 1387 815 “

170 909 221 943 nec
237 890 430 958 aristobulus,
451 909 502 943 nec
520 894 581 963 ipse
606 893 726 962 denique
744 893 880 946 Arrianus
903 891 1026 960 Scylacis
1047 891 1081 943 de
1100 890 1200 943 itinere
1225 890 1306 944 ullam

170 975 288 1028 iecerint
304 975 485 1042 mentionem,
506 977 580 1047 quod
601 994 661 1029 cum
680 995 713 1029 ex
737 977 896 1045 ignorantia
915 977 976 1029 ficri
999 976 1045 1028 rix
1061 974 1215 1045 potuisset,
1241 978 1306 1047 quia

170 1059 286 1113 omnium
301 1059 330 1111 in
346 1077 394 1112 ore
408 1060 591 1131 manibusque
606 1069 787 1115 versarentur
800 1062 951 1115 Herodotei
974 1060 1051 1127 iibri,
1075 1061 1144 1112 hanc
1162 1060 1208 1113 ille
1224 1061 1307 1112 affert

169 1160 294 1209 causam,
318 1143 393 1214 quod
413 1145 447 1197 da
462 1145 585 1213 Scylacis
606 1146 660 1198 fide
682 1147 708 1197 hi
723 1152 865 1211 auctores,
886 1163 957 1216 quos
977 1146 1049 1211 dixi,
1071 1145 1182 1198 maxime
1198 1145 1306 1197 dubita-

169 1230 234 1280 rint.
268 1229 368 1297 Neque
385 1229 435 1281 hoc
451 1231 510 1282 med
525 1231 635 1300 quidem
653 1229 793 1283 sententid
808 1230 1096 1301 praetermittendum,
1115 1229 1142 1280 in
1162 1229 1237 1299 quod
1252 1247 1306 1282 me-

171 1315 224 1366 rito
239 1313 291 1365 iarn
310 1311 409 1365 incidit
428 1314 567 1368 Mannert.
583 1315 602 1366 Ι.
618 1315 637 1367 Ι.
655 1332 717 1383 pag.
737 1320 787 1381 59,
810 1316 995 1382 Herodotum,
1017 1307 1172 1382 Scylacem,
1194 1315 1241 1366 ubi
1259 1332 1307 1366 ro-

170 1406 228 1464 cat,
248 1397 356 1451 minime
371 1399 503 1469 scriptum
518 1399 669 1469 quoddam,
686 1401 758 1469 quod
776 1400 821 1453 ille
831 1400 981 1453 coniecerit
998 1399 1174 1469 posterisque
1189 1400 1307 1470 relique-

171 1484 222 1550 rit,
243 1499 467 1551 commemorare3
485 1485 559 1554 quod
575 1484 600 1536 si
614 1500 732 1554 unquam
752 1485 921 1550 exstitisset,
946 1485 980 1537 ab
993 1483 1135 1536 Herodoto
1151 1500 1307 1537 commemo·

171 1576 258 1619 ratum
275 1576 350 1619 certe
364 1567 454 1620 luisse
472 1569 559 1621 omnis
575 1568 639 1621 mihi
655 1570 806 1639 persuadet
828 1570 909 1621 ratio.
941 1568 993 1620 Vix
1014 1568 1084 1620 eninr
1105 1568 1236 1620 credibile
1255 1574 1307 1635 est,

169 1651 225 1703 tale
241 1651 389 1720 scriptum,
413 1652 491 1705 modo
513 1652 597 1706 ullius
619 1653 721 1705 luisset
742 1653 883 1717 momenti,
908 1653 1022 1705 latuisse
1036 1659 1148 1721 patrem
1166 1653 1307 1720 historiae,

172 1753 251 1805 quem
272 1736 360 1787 omnia
376 1737 472 1789 sedulo
495 1738 702 1809 conquisivisse
723 1739 824 1791 scimus
842 1755 931 1807 neque
948 1738 975 1789 in
992 1736 1222 1789 commemorando
1239 1737 1307 1804 Scy·

172 1821 229 1873 lace
244 1819 298 1871 tale
313 1821 380 1888 quid
392 1823 648 1890 praetermissurum
662 1821 751 1875 luisse
767 1830 910 1893 putamus,
933 1822 1010 1873 modo
1029 1821 1111 1872 huius
1126 1820 1187 1872 libri
1205 1820 1259 1873 ulla
1273 1820 1308 1873 ad

173 1906 262 1974 ipsum
278 1905 453 1973 pervenisset
468 1907 574 1958 notitia.
608 1906 725 1959 Multum
741 1908 811 1960 enim
827 1908 920 1975 abest,
941 1912 971 1957 ut
987 1923 1047 1958 curn
1062 1904 1197 1958 Muellero
1213 1905 1231 1961 l.
1250 1906 1267 1959 Ι.
1280 1924 1307 1975 p.

170 1988 270 2042 XXXV
285 1996 418 2055 statuam,
440 1991 609 2044 Herodotum
624 1990 658 2043 de
675 1991 724 2043 hac
739 1991 863 2059 Scylacis
882 1990 1057 2058 navigatione
1074 1990 1163 2042 literis
1182 1990 1309 2043 mandata

172 2091 242 2143 „pro
262 2090 335 2125 more
358 2078 428 2126 sno¹‘
450 2075 515 2127 nihil
537 2076 698 2127 tradidisse:
724 2076 801 2129 immo
824 2076 890 2128 nihil
911 2075 1060 2127 tradidisse
1083 2073 1157 2125 illurn
1173 2075 1308 2140 existimo,

172 2158 246 2228 qood
264 2157 338 2209 illius
363 2159 447 2210 libelli
470 2161 568 2212 nullam
591 2161 718 2212 hebuerit
733 2160 940 2228 cognitionem3
964 2176 1053 2228 neque
1069 2159 1096 2209 id
1113 2176 1230 2228 unquam
1245 2159 1307 2211 mihi

173 2241 337 2312 persuaderi
360 2244 464 2312 patiar,
490 2251 521 2295 ut
538 2261 609 2315 quae
626 2245 660 2297 de
676 2245 800 2314 Scylacis
819 2246 869 2296 hac
891 2244 1065 2312 navigatione
1088 2242 1235 2296 tradiderit
1249 2245 1307 2296 No-

173 2322 240 2395 ste'r,
257 2343 317 2378 cum
332 2326 416 2379 altera
432 2327 478 2378 illa
489 2329 599 2381 Africae
611 2329 900 2397 circumnavigatione,
918 2327 1060 2381 Nechonls
1074 2328 1153 2379 iussu
1170 2328 1309 2395 instituta,

172 2412 211 2463 ita
227 2412 374 2463 cohaerere
393 2420 499 2480 putem,
513 2421 543 2465 ut
564 2414 690 2465 consulto
713 2410 817 2466 etcum
839 2414 956 2465 artificio
980 2412 1096 2482 quodam
1112 2413 1177 2463 haec
1192 2413 1308 2464 conficta

97 2548 102 2557 ,
174 2496 377 2566 perhibeantur.
414 2496 585 2570 Quamquam
600 2498 670 2549 enirn
687 2499 783 2569 utique
798 2498 908 2564 mirum,
925 2499 1057 2567 scriptum
1072 2497 1155 2562 illud,
1170 2514 1224 2567 quo
1241 2496 1309 2564 Scy-

175 2584 255 2633 lacem
273 2582 341 2632 hanc
360 2581 562 2650 navigationem
577 2583 777 2652 perscripsisse
793 2591 937 2653 putamus,
959 2583 1100 2634 Herodoto
1122 2600 1176 2633 non
1198 2582 1308 2633 innotu-

173 2667 230 2718 isse
244 2665 364 2734 indeque
383 2667 462 2718 etiam
485 2667 555 2718 haud
571 2669 769 2720 commemorari
786 2670 819 2720 ab
837 2669 899 2737 ipso
913 2669 939 2720 in
959 2666 1036 2719 ltalia
1052 2667 1121 2719 haud
1138 2666 1195 2717 scio
1212 2666 1309 2719 ande·

174 2750 265 2816 genti,
284 2766 406 2816 cumea,
432 2768 502 2819 qaae
524 2751 625 2804 dudum
640 2759 704 2804 ante
726 2760 822 2822 parata
838 2752 979 2817 habuerit,
1004 2751 1090 2803 literis
1114 2751 1309 2820 perscriberet,

174 2835 270 2886 libram
286 2842 374 2886 tamen
393 2835 545 2888 huiusmodi
561 2838 595 2888 ab
610 2838 660 2888 hoc
675 2837 789 2904 Scylace
801 2837 993 2904 Caryandensi
1009 2835 1141 2904 scriptum
1156 2835 1308 2901 exstitisse,

174 2919 256 2971 dubio
273 2926 348 2970 caret
364 2927 446 2987 atque
462 2938 494 2972 ex
512 2921 597 2990 ipsis,
620 2937 691 2989 quae
707 2927 869 2990 supersunt,
887 2921 1049 2988 fragmentis
1068 2919 1157 2971 adhuc
1172 2920 1308 2989 supersti-

173 3004 248 3055 tibus
272 3013 299 3053 et
319 3003 410 3054 ionica
427 3004 543 3056 dialecto
560 3005 724 3073 conscriptis
740 3006 816 3056 cerni
835 3012 939 3073 potest:
962 3002 1103 3056 Aristotel.
1121 3003 1228 3055 Politic.
1247 3004 1309 3070 Vll,

132 3101 140 3110 '
176 3092 222 3152 13,
248 3091 269 3139 l.
289 3088 453 3155 Harpocrat.
474 3094 511 3159 (s.
527 3109 553 3141 v.
569 3082 624 3142 ὑπὸ
643 3091 695 3157 γῆν
711 3088 881 3160 οἰκοῦντες),
904 3088 1063 3140 Philostrat.
1078 3087 1134 3138 vit.
1151 3087 1238 3156 hpoll.
1257 3088 1308 3154 lll,

172 3177 215 3225 ll.
234 3172 332 3223 Tzetz.
349 3170 423 3222 Hist.
438 3172 498 3238 Vll,
515 3177 576 3225 (tau.
596 3174 691 3225 Athen.
709 3173 745 3225 ll.
769 3191 832 3243 pag.
845 3177 879 3224 70
896 3173 944 3224 Ca
970 3189 1041 3243 (quae
1065 3179 1129 3240 post
1148 3170 1217 3223 alios
1235 3180 1309 3224 recte

173 3257 297 3310 exhibuit
313 3255 440 3307 Mueller.
459 3256 476 3308 Ι.
495 3257 553 3326 lp.
570 3256 698 3323 xxle,
720 3258 772 3309 alia
789 3275 900 3328 quoque
913 3258 946 3308 de
962 3258 1011 3307 hoc
1025 3256 1139 3323 Scylace
1154 3256 1309 3309 testimonia

172 3343 294 3394 afferens
309 3339 410 3392 Saldae
426 3360 449 3391 s.
468 3360 510 3405 v.‚
528 3341 658 3410 Stephani
675 3342 807 3409 Byzant,
823 3341 951 3404 allorum,
971 3347 999 3392 ct
1013 3340 1123 3407 singula
1140 3342 1200 3392 eius
1218 3359 1309 3410 opera,

174 3432 304 3495 quantam
334 3425 442 3494 quidem
474 3426 500 3476 id
525 3425 602 3492 licet,
621 3444 804 3496 persequens.
844 3426 926 3488 Quod
948 3427 1010 3477 item
1037 3442 1125 3493 nuper
1151 3425 1217 3476 fecit
1238 3426 1309 3477 Gut

175 3510 289 3561 schmidt
309 3509 337 3559 in
353 3509 428 3561 Mus.
444 3509 531 3561 Rhcn.
552 3510 587 3563 N.
606 3512 638 3563 F.
660 3510 706 3562 lX.
723 3529 749 3579 p.
766 3514 812 3563 141
837 3529 915 3579 seqq.
950 3510 1033 3560 Hunc
1051 3526 1117 3560 vcro
1133 3509 1226 3560 librum
1242 3508 1309 3577 Scy·

174 3593 240 3646 lacis
256 3592 464 3659 Caryandensis
486 3602 590 3646 mature
617 3595 667 3645 ianr
685 3596 820 3664 perditura
842 3612 919 3661 csse,
942 3600 1070 3657 nonest,
1094 3593 1168 3661 quod
1183 3592 1309 3660 pluribus

173 3679 382 3742 admoneamns3
406 3695 495 3747 neque
516 3678 542 3730 in
565 3685 641 3731 tanta
661 3680 873 3746 fragmentorum
895 3678 1032 3748 paucitate
1054 3676 1218 3729 concludere
1238 3676 1309 3746 licet,

174 3771 306 3832 quantum
322 3761 386 3812 inde
403 3762 547 3815 transierit
562 3763 588 3815 in
607 3779 666 3815 eum
685 3764 833 3833 periplurn,
856 3763 902 3833 qui
919 3762 998 3814 hodie
1017 3769 1147 3830 superest
1162 3761 1231 3813 lalso
1243 3761 1310 3829 Scy-

175 3846 241 3898 lacis
267 3845 375 3897 nomine
400 3847 568 3916 inscriptus,
596 3848 645 3900 sed
674 3846 755 3916 longe
777 3847 926 3917 posteriori
954 3845 1069 3913 tempori
1099 3846 1310 3898 adscribendus.

175 3930 264 4000 Ipsam
278 3947 345 3982 vero
359 3929 559 3998 navigationem
575 3950 590 3984 a
602 3931 717 3998 Scylace
728 3932 882 3984 institutam
895 3931 1044 4001 essequod
1055 3937 1163 3999 ponunt
1176 3929 1248 3981 circa
1263 3948 1311 3983 an·

176 4031 238 4067 num
252 4017 304 4067 509
315 4019 379 4065 ante
392 4015 457 4067 Chr.
477 4035 515 4080 n.,
536 4016 622 4084 igitur
638 4016 824 4085 compluribus
842 4017 923 4068 annis
945 4021 1010 4085 post
1025 4014 1194 4082 Babylonem
1208 4023 1311 4084 captam

175 4116 246 4150 antro
263 4099 314 4150 518
335 4097 406 4166 (vid.
422 4106 492 4150 nott.
509 4100 543 4151 ad
559 4100 614 4164 ill,
641 4101 704 4165 150)
726 4107 754 4152 et
773 4106 837 4169 post
851 4100 1005 4168 Scythicam
1029 4099 1229 4169 expeditionem
1247 4116 1310 4152 ann.

174 4185 313 4235 ola-513
336 4183 433 4234 factam
454 4182 524 4252 (rid.
541 4184 659 4236 Excurs.
674 4185 708 4236 ad
719 4184 774 4250 IV,
793 4186 837 4250 1),
857 4185 929 4237 unde
944 4200 1119 4253 consequens
1136 4190 1195 4248 est,
1214 4184 1311 4236 librum

174 4284 189 4318 a
209 4266 324 4333 Scylace
342 4265 375 4318 de
394 4267 444 4319 hoc
461 4267 561 4319 itinere
582 4274 647 4321 ante
668 4268 696 4320 id
715 4274 824 4338 tempus
846 4269 1030 4338 conscriptum
1050 4286 1112 4320 esse
1136 4285 1189 4319 non
1211 4285 1309 4337 posse:

176 4350 221 4401 vix
238 4358 311 4402 recte
328 4350 390 4402 mihi
409 4351 538 4403 videntur
554 4359 693 4420 statuere,
716 4370 779 4404 cunr
794 4353 962 4421 probabilius
979 4360 1053 4404 certe
1068 4351 1211 4421 rideatur,
1235 4352 1311 4404 nari·

175 4434 311 4501 gationem
325 4434 396 4488 illam
410 4443 565 4504 susceptam
581 4454 658 4501 esse,
675 4453 730 4507 quo
743 4444 864 4506 tempore
875 4437 977 4490 Darius
993 4445 1021 4488 et
1031 4436 1167 4503 Scythicis
1184 4446 1212 4487 et
1224 4437 1311 4489 Grae-

175 4519 214 4569 cis
231 4519 315 4570 rebus
330 4537 361 4570 se
378 4538 430 4570 non
450 4537 566 4588 prorsus
581 4520 714 4585 dedisset,
731 4521 818 4588 igitur
829 4528 892 4573 ante
908 4538 1005 4573 annum
1020 4523 1079 4572 513.
1102 4519 1183 4582 Quod
1200 4520 1312 4572 sirecte
