3042 5125
218 335 279 397 588

655 326 926 391 HERODO'I'I

218 537 282 598 ίεω
296 519 314 594 ὃ
330 540 408 604 ταῖς
421 521 563 608 Βάττος,
585 518 690 610 χωλός
710 547 746 588 τε
764 517 831 589 ἑῶν
843 519 899 588 καὶ
914 514 976 588 οὐκ
988 516 1157 607 ἀρτίπους.
1187 523 1222 587 οῖ
1233 519 1270 590 δὲ
1284 525 1360 587 Κυ-

219 646 350 719 ρηναῖοι
365 624 446 714 πρὸς
460 624 522 715 τὴν
534 628 791 714 καταλαβοῦσαν
804 620 982 713 συμφορὴν
992 629 1141 711 ἔτεμνον
1153 625 1187 702 ἐς
1196 620 1374 711 Δελφοὺς.

218 734 513 820 ἐπειρησομένους,
532 727 573 797 ὅν
593 756 668 797 τινα
688 726 813 814 τρόπον
832 725 1116 815 καταστησάμενοι
1132 725 1293 795 κάλλιστα
1311 722 1359 794 σ’ἱν

218 840 369 907 οἰκέοιεν.
392 832 412 924 ἡ
427 834 462 904 δὲ
478 840 596 919 Πυθίη
610 835 742 902 ἐκέλευε
755 833 794 900 ἐκ
809 832 1004 918 Μαντινέης
1017 834 1075 917 τῆς
1091 826 1262 916 Ἀρκάδων
1275 857 1355 898 κατ-

218 943 398 1030 αρτιστῆρα
412 933 610 1025 ἀγαγέσθαι.
641 946 755 1006 αἴτεον
768 924 817 1003 οἷν
831 939 865 1002 οί
876 940 1082 1022 Κυρηναῖοι,
1096 934 1152 1003 καὶ
1165 936 1202 1002 οί
1213 940 1410 1004 Mum-³³8

397 1173 464 1225 Otr.
481 1173 576 1224 CLXI.

253 1270 366 1342 Βαίττος]
383 1276 435 1327 Est
446 1277 539 1329 Battus
553 1277 654 1333 ιανίιιν,
677 1289 758 1338 quem

215 1363 345 1414 segussse
369 1348 448 1411 ponit
464 1346 540 1397 Reiz.
557 1342 710 1395 uuo-530
730 1359 756 1396 ιι.

215 1417 278 1467 Chr.
295 1431 339 1477 u.‚
359 1415 424 1479 ulii,
442 1416 470 1466 iu
484 1413 581 1480 quibus
593 1412 756 1474 Lsrchcrun

214 1485 361 1538 ess-ert.
383 1485 440 1536 Nec
450 1500 515 1536 seue
525 1487 588 1550 post
597 1497 697 1533 cunum
706 1482 758 1535 529

214 1556 260 1607 ills
273 1555 374 1607 obiisse
385 1555 508 1616 uidetur,
523 1567 601 1619 quem
615 1557 757 1618 perpersm'

214 1624 349 1685 nonnulli,
366 1625 413 1689 qui
425 1626 535 1675 Battum
551 1618 659 1673 felicem
675 1621 757 1672 huius

213 1695 331 1747 nominis
344 1693 449 1745 ssoiuut
462 1696 574 1753 tertium,
586 1700 700 1756 quartum
709 1706 756 1756 po·

213 1770 282 1815 uuut
308 1778 422 1829 eumque
448 1761 700 1838 conlunduutcum
723 1776 756 1812 eo

213 1836 311 1895 Brito,
332 1833 378 1899 qui
395 1837 510 1884 vocetur
529 1820 544 1880 ὁ
565 1828 657 1886 Καλος
677 1845 710 1879 uc
727 1846 756 1880 re

212 1919 278 1956 vers
296 1914 401 1968 quartus
415 1908 457 1954 est
473 1902 526 1952 hcc
540 1899 568 1949 in
585 1899 663 1952 serie.
692 1898 756 1951 vid.

213 1973 316 2034 Thrige
326 1972 345 2024 l.
356 1972 374 2024 1.
387 1988 414 2056 p.
430 1973 488 2024 107.
505 1970 554 2022 lue
565 1983 642 2034 seqq.

248 2037 296 2092 καὶ
312 2031 363 2091 οὖν
377 2037 526 2106 αρτίιιους]
545 2040 564 2089 ἰ.
578 2052 602 2089 e.
621 2054 667 2088 nec
680 2040 755 2102 pedi·

212 2112 258 2163 bus
267 2116 375 2176 inteper,
390 2115 434 2178 qui
441 2110 549 2176 pedibus
560 2108 677 2160 incedere
688 2108 758 2158 laud

212 2186 285 2233 ualet.
324 2182 383 2243 Quo
398 2182 461 2245 ipso
480 2177 633 2242 explicatur
648 2181 756 2228 antece·

212 2250 279 2301 deus
292 2239 386 2313 χυλός.
413 2249 455 2299 cf.
470 2248 560 2313 Apite.
576 2246 612 2296 ud
626 2244 754 2310 Sophocl.

212 2317 342 2371 Trachin.
355 2318 398 2370 58.
411 2334 437 2383 p.
453 2316 496 2368 86.
525 2317 601 2365 Voce
619 2307 755 2378 ἀρτίπους

211 2391 312 2440 Noster
321 2388 404 2440 etium
414 2401 496 2451 supra
506 2385 558 2448 111,
569 2384 618 2436 130
627 2399 693 2435 usus
704 2389 756 2437 est.

211 2457 343 2508 Claudum
361 2456 446 2508 fuisse
465 2456 577 2506 Buttum
597 2457 625 2503 st
645 2458 756 2519 propter

212 2530 331 2580 setutem
343 2528 527 2590 contemptum
536 2540 553 2575 ιι
561 2522 686 2576 Learcho
695 2539 756 2574 ner·

211 2602 255 2649 ret
275 2612 382 2663 quoque
399 2595 561 2648 Plutarchus
579 2593 597 2645 l.
614 2591 633 2643 l.
665 2593 756 2644 Verbs

210 2659 282 2731 node
301 2658 354 2733 τὴν
369 2662 583 2731 καταλαβοῦσαν
596 2656 753 2728 συμφορὴν,

211 2752 283 2803 ques
297 2735 450 2802 Schweigh.
463 2736 503 2785 sic
517 2732 649 2785 reddidit:
667 2734 699 2784 ol
708 2736 754 2784 ιη’-

209 2818 270 2859 stem
279 2824 363 2858 rerron
370 2823 472 2859 ναονιαιι
481 2814 580 2861 statur,
588 2802 696 2866 proprie
707 2818 754 2852 vs·

210 2877 281 2929 lent:
302 2878 338 2927 ad
351 2891 373 2926 s.
388 2877 512 2927 aduersus
529 2875 706 2932 mimitatur,
728 2875 753 2922 ιἰι

227 2963 282 2997 euru
299 2948 449 2997 inciderant.
481 2944 522 2994 De
539 2940 752 2993 verberaretu-

210 2964 272 3081 δεῖν
285 3014 357 3065 conf.
371 3018 442 3064 nott.
457 3010 494 3062 ud
506 3013 549 3073 11,
562 3010 605 3062 00.
624 3008 677 3069 lv,
692 3010 753 3060 105.

208 3078 641 3148 ApudPlnterchumlegimus(p.
650 3078 699 3130 201
708 3077 752 3142 Β),

208 3152 330 3203 Learcho
344 3149 453 3202 subluto
464 3151 577 3201 Battum
592 3146 753 3214 productum

207 3222 284 3286 regni
302 3220 409 3286 psterui
427 3234 613 3271 successorem
629 3232 689 3268 esse
706 3218 753 3269 de·

206 3290 342 3341 claretum
359 3294 441 3355 utque
460 3285 654 3352 rempublicam
673 3286 754 3349 Cyre·

207 3360 284 3410 useis
302 3375 362 3411 esse
381 3359 536 3409 restitutum
556 3372 573 3407 ο
591 3355 754 3418 Polyaeno,

207 3430 292 3480 lrstre
307 3430 430 3495 Eryxus:
454 3421 502 3476 καὶ
521 3418 573 3491 τὴν
592 3415 646 3474 ἄνι’
663 3419 754 3491 ἀρχῆς

208 3493 374 3550 πολιτείαντί
383 3486 684 3561 Πολύαρχοςᾶτέδιοκε
694 3498 754 3553 τοῖς

210 3568 391 3635 Κυρηναίοις.

206 3626 752 3771 ..ἔικενυνιινιιιέκι

206 3796 261 3828 rem
273 3780 400 3843 publicam
415 3780 607 3833 constituerent,
622 3783 649 3826 ut
663 3780 753 3839 ουσίαν

206 3843 754 3911 urbemltuhiturepoesent,sutSchweigh.

206 3916 310 3967 reddit:
329 3934 400 3983 „quc
414 3920 476 3967 inita
493 3918 593 3967 ratione
610 3918 700 3979 optime
711 3932 754 3965 res

206 4001 268 4036 suas
285 3988 498 4037 ministrarent.
506 3987 525 4010 “
561 3982 640 4033 Ceut.
659 3983 688 4044 1,
705 3983 753 4033 tile

208 4044 388 4118 ἐπειρώτεον,
404 4056 469 4101 τίνα
481 4041 518 4101 ἂν
534 4050 612 4101 θεῶν
624 4045 753 4116 ίλασοὶμε-

209 4136 253 4172 νοι
263 4149 297 4159 -
308 4120 451 4185 γενοίατο,
463 4121 512 4171 ubi
523 4121 621 4198 similis
636 4122 754 4187 optetivi

207 4193 288 4256 ratio,
295 4191 405 4243 adiecit
415 4188 550 4255 particule
557 4206 601 4239 αν.
616 4190 658 4241 Ae
668 4191 753 4256 ipsum

208 4277 273 4312 vero
285 4278 340 4311 rem
356 4259 407 4310 hoc
421 4257 502 4309 velim
515 4259 618 4322 teneri,
634 4259 753 4322 Cyrenes

208 4330 402 4387 rempublicam
415 4328 567 4394 antiquitus
579 4327 692 4378 eundem
703 4329 755 4379 ler-

211 4415 253 4451 me
266 4400 351 4453 luisse
366 4397 469 4462 videri,
485 4412 555 4464 quse
570 4396 685 4463 Spartae
699 4398 755 4450 lue-

808 1137 860 1199 rit,
876 1151 1008 1202 regesque
1021 1135 1085 1186 olim
1097 1135 1194 1187 iisdem
1206 1133 1281 1196 fere,
1297 1136 1357 1201 qui·

810 1205 861 1255 bus
881 1205 1016 1272 Spartae,
1039 1220 1104 1256 usos
1120 1204 1270 1256 honoribus
1289 1206 1357 1255 iuri-

808 1274 930 1340 busque,
958 1290 1021 1326 mox
1048 1278 1182 1342 peteststi
1210 1274 1358 1339 sugeudss

808 1344 960 1406 studuisse,
974 1349 1005 1395 ut
1015 1345 1126 1410 tyranni
1136 1346 1229 1411 potius
1241 1346 1357 1395 exsiste·

808 1417 885 1476 rent,
902 1412 978 1464 nulls
995 1429 1046 1465 uec
1060 1414 1151 1479 legum
1166 1431 1216 1465 nec
1232 1414 1357 1480 ipsorum

807 1485 910 1534 civium
929 1482 1160 1536 habitatatione.
1191 1484 1265 1534 Hinc
1282 1483 1357 1534 sedi·

807 1553 897 1604 tiones
917 1568 951 1603 uc
969 1552 1134 1614 discordiset
1161 1552 1226 1604 hinc
1246 1553 1288 1604 rei
1309 1568 1359 1618 pu·

807 1621 896 1673 blicse
909 1625 998 1674 stutus
1014 1623 1199 1675 labefactatus
1211 1623 1359 1689 omnisque

808 1691 874 1743 ordo
886 1692 1021 1743 turbatus.
1047 1693 1152 1755 Quibus
1165 1692 1245 1743 melis
1255 1708 1358 1743 umu-

808 1762 851 1813 dis
874 1761 1012 1826 veterique
1036 1763 1137 1813 civium
1158 1761 1359 1828 sequubilitsti

808 1831 899 1896 (quem
910 1831 938 1880 iu
948 1831 1065 1882 omnium
1076 1832 1178 1883 Dorum
1188 1832 1357 1884 civitstibus

807 1898 921 1950 multum
931 1899 1051 1953 rslulsse
1061 1900 1196 1965 novimus)
1205 1902 1356 1954 restitueu·
1383 1885 1406 1934 ¹

807 1969 858 2021 dee
872 1968 1005 2034 Cyrenaei
1023 1970 1127 2022 croculi
1145 1971 1221 2023 iussu
1239 1973 1359 2022 arcessi-

807 2043 904 2090 reruut
916 2040 1003 2090 virum
1015 2040 1241 2103 Mmtineensem,
1256 2041 1306 2107 qui
1318 2042 1357 2092 ci·

805 2106 886 2159 vibus
899 2109 959 2160 iure
971 2125 988 2160 n
1002 2109 1113 2174 regibus
1128 2126 1177 2176 per
1188 2111 1245 2161 rim
1259 2116 1358 2175 erepte

806 2177 931 2228 redderet
950 2194 1109 2243 omnemque
1125 2196 1181 2232 rem
1205 2179 1357 2245 publicem,

806 2262 898 2311 regum
915 2247 1030 2313 imperio
1045 2248 1143 2301 finibus
1164 2251 1222 2302 suis
1238 2250 1357 2300 circum·

806 2316 925 2381 scripto,
937 2318 1103 2370 restitueret.
1134 2320 1205 2369 Nem
1216 2319 1357 2370 Msutiue-

807 2400 886 2437 enses
909 2388 981 2437 inter
1004 2387 1119 2452 populos
1140 2379 1358 2454 εὐνομωτάτους

806 2460 981 2506 recensentur
995 2456 1031 2507 ub
1044 2456 1149 2509 Aelisu.
1162 2460 1196 2509 V.
1209 2459 1247 2510 H.
1259 2459 1306 2521 11,
1320 2462 1357 2511 22

805 2524 1356 2649 lll⁰lllllll:⁰‘ll⁸³tunel·

805 2631 902 2716 testds.
925 2666 968 2716 'l'u
979 2666 1035 2716 vid.
1050 2614 1178 2720 generi.)
1187 2615 1257 2719 lgm.
1270 2614 1355 2732 ILpg.

807 2734 855 2787 173
866 2749 933 2798 seq..
941 2735 1068 2787 Kortiim:
1079 2737 1207 2803 Beitrlige
1216 2755 1241 2788 τ.
1250 2738 1352 2790 Geseh.
1404 2780 1407 2789 ,

805 2809 859 2855 etc.
873 2819 935 2869 ρος.
956 2804 1004 2856 131
1021 2822 1079 2871 seq.
1119 2807 1237 2859 Factum
1257 2814 1353 2860 sutem

804 2874 831 2923 id
842 2888 905 2956 esse
917 2873 1024 2925 ridetur
1040 2877 1135 2927 stetim
1147 2882 1212 2938 post
1227 2879 1353 2940 Battum,

804 2944 1355 3081 llllttlllltslzllllltltlsli

803 3086 866 3147 post
878 3097 941 3132 suu.
958 3082 1010 3134 530
1021 3099 1048 3135 s.
1059 3083 1122 3137 Chr.
1134 3102 1177 3146 u.‚
1192 3088 1218 3136 si
1227 3087 1282 3138 hoc
1292 3089 1353 3153 qui·

804 3152 865 3202 dem
874 3166 948 3202 cuno
958 3169 1069 3219 reguum
1078 3154 1235 3207 estttum
1245 3156 1353 3209 huncce

806 3219 926 3271 delutum
938 3238 998 3273 esse
1011 3226 1147 3288 ponimus.

840 3289 1059 3358 καταρτιστῆρα]
1079 3295 1099 3347 i.
1112 3312 1136 3346 e.
1147 3298 1221 3359 ροοίε
1232 3300 1350 3348 reconci-

804 3363 932 3417 liatorem.
946 3366 988 3428 qui
1001 3366 1113 3428 iprorrun
1124 3367 1234 3416 διὀνίδίιι
1248 3381 1353 3431 eompu-

805 3439 885 3480 κεναί.
904 3430 978 3481 Hinc
988 3431 1061 3496 upud
1072 3433 1184 3484 Diodes.
1196 3432 1352 3497 (Excerptt.

804 3498 894 3550 Vcles
904 3515 930 3564 p.
939 3499 990 3551 23³
1000 3502 1059 3552 slve
1068 3503 1188 3565 Vl11‚4tt
1198 3504 1242 3554 ed.
1250 3505 1352 3569 Bekk.)

804 3569 948 3619 Dsmousx
975 3570 1076 3621 dicitur
1102 3568 1152 3637 τῆς
1174 3570 1232 3622 τῶν
1257 3573 1352 3639 Κυρη

804 3634 893 3685 ναίων
910 3631 1032 3697 στάσεως
1055 3633 1216 3707 διαιτητὴς,
1233 3637 1351 3693 ’συνέσει

803 3702 852 3787 κρῖ
880 3703 1047 3787 δικαιοσύνη
1071 3708 1164 3760 δοκῶν
1192 3707 1351 3777 διαφέρειν.

803 3789 887 3829 ουτος
900 3790 952 3826 ουν
966 3762 1087 3837 κλείσας
1097 3774 1139 3838 είς
1151 3779 1290 3848 Κυρήνην
1304 3780 1351 3832 καί

804 3838 882 3924 παρὰ
909 3839 1024 3897 πάντων
1049 3841 1141 3916 λαβὼν
1161 3844 1214 3915 τὴν
1240 3842 1351 3915 ἐπιτρο-

804 3930 863 3979 ιιην
890 3910 998 3967 διέλυσε
1021 3910 1071 3976 τοὶς
1096 3915 1195 3977 πόλεις
1218 3913 1267 3971 ἐπὶ
1291 3915 1352 3971 τοί-

804 3998 862 4042 τοις
874 3983 905 4050 (1.
917 4002 940 4036 s.
951 3988 1026 4039 cives
1038 3988 1134 4039 intres
1149 3981 1243 4049 φυλὰς
1253 3992 1352 4045 dissol-

804 4052 866 4119 vit).
898 4054 975 4107 luiru
995 4059 1033 4120 V,
1052 4056 1087 4111 39
1100 4059 1208 4119 ‚Milesii
1229 4060 1286 4112 sibi
1304 4060 1352 4113 eli-

803 4128 872 4189 gunt
885 4124 982 4177 Parios
994 4125 1225 4193 καταρτιστῆρας.
1254 4130 1351 4194 Ipsum

804 4197 966 4247 perenaeos
974 4194 1062 4259 (cuius
1074 4198 1157 4248 etism
1168 4198 1242 4263 spud
1250 4198 1350 4251 Athen.

805 4263 853 4325 1v,
872 4262 903 4313 13
915 4281 938 4316 s.
951 4266 980 4316 41
998 4281 1060 4331 psg.
1083 4267 1131 4318 lus
1142 4268 1177 4318 D.
1191 4271 1294 4320 mentio
1308 4270 1350 4329 fit)

806 4347 903 4382 nomen
916 4334 1039 4401 insigne,
1059 4336 1159 4401 quippe
1174 4352 1227 4403 quo
1245 4355 1298 4389 rem
1315 4341 1351 4390 si·

805 4400 953 4468 unificatus
967 4409 1071 4471 populi,
1089 4408 1162 4461 demi.
1195 4407 1236 4458 Ac
1250 4423 1349 4461 memo·
