3042 5125
254 372 317 435 294
689 364 956 429 HERODOTI

256 566 316 633 τοῦ
331 561 367 632 dl
385 558 573 649 Ταργιτάον
593 556 713 629 τούτου
734 556 811 638 τοὺς
830 559 946 637 τοκέας
962 558 1096 645 λέγουσι
1117 555 1220 642 εἶναι,
1245 557 1312 643 ἐμοὶ
1325 555 1378 642 μὲν

257 663 298 736 οὐ
317 662 417 734 πιστὰ
436 665 607 752 λέγοντες,
630 664 764 751 λέγουσι
788 666 809 730 d
814 656 821 682 ’
845 652 912 746 ὦν,
941 669 1010 731 Δία
1031 689 1066 730 τε
1088 662 1143 730 καὶ
1163 660 1379 748 Βορυσθένεος

257 773 319 841 τοῦ
332 772 483 856 ποταμοῦ
495 769 676 855 θυγατέρα.
704 769 818 854 γένεος
831 765 894 854 μὲν
906 764 1061 834 τοιούτου
1075 763 1117 852 δή
1130 791 1220 844 τινος
1234 765 1379 851 γενέσθαι

258 872 318 944 τὸν
334 877 535 960 Ταργίταον·
563 867 683 938 τούτου
708 869 744 938 dl
767 871 927 956 γενέσθαι
949 873 1072 947 παῖδας
1092 884 1197 957 τρεῖς,
1216 864 1381 949 Λειαόξαῑν

259 978 316 1047 καὶ
334 972 510 1066 Ἀρπόξαϊν
524 973 579 1041 καὶ
600 971 766 1042 νεώτατον
781 971 959 1056 Κολάξαῑν.
997 967 1069 1041 Ἐπὶ
1082 970 1211 1041 τούτων
1225 967 1382 1060 ἀρχόντων

249 1174 358 1238 dissat,
374 1173 450 1240 genti
460 1187 559 1223 nomen
570 1171 683 1224 dederit.
707 1173 741 1223 In
749 1171 802 1235 his,
853 1177 1002 1237 auctorem,
1013 1190 1030 1223 a
1038 1175 1105 1225 Iove
1115 1178 1199 1238 atque
1210 1172 1330 1224 Echidna
1339 1172 1384 1222 rir-

260 1259 331 1310 quae
342 1245 412 1294 satis
424 1248 501 1293 certo
514 1242 582 1292 mihi
593 1245 659 1307 poni
669 1258 751 1308 posse
763 1242 803 1292 ri·
854 1246 917 1310 gine
929 1242 1015 1294 tradit
1027 1245 1209 1310 progenitum.
1239 1245 1297 1307 Qua
1309 1244 1340 1295 de
1351 1243 1385 1292 ia-

261 1314 375 1377 dentur,
389 1313 523 1363 subsisto:
540 1311 645 1378 reliqua
657 1313 749 1362 omnia
761 1313 803 1361 in·
854 1328 898 1364 ma
912 1313 978 1378 quid
990 1313 1164 1364 statuendum
1178 1315 1226 1377 sit,
1240 1313 1319 1379 paulo
1329 1318 1385 1363 anta

262 1388 338 1436 certa
349 1398 382 1433 ac
392 1382 490 1446 dubia,
505 1382 533 1431 in
543 1382 640 1448 quihus
649 1383 732 1433 etiam
741 1381 804 1446 hoc,
854 1384 1022 1434 monuimus:
1042 1384 1134 1434 lovem
1148 1385 1234 1448 igitur
1246 1384 1279 1435 de
1288 1385 1342 1436 Sole
1350 1387 1386 1432 at·

261 1452 333 1519 quod
347 1451 507 1517 Targitaum
523 1451 805 1502 huncBrandstaeter
855 1468 908 1519 qua
934 1451 1018 1502 liliam
1036 1453 1217 1517 Borysthenis
1239 1453 1313 1503 durii
1336 1453 1385 1516 (qui

262 1521 413 1586 (Scythico.
425 1537 453 1586 p.
466 1521 500 1573 68
513 1523 583 1586 seq.)
597 1522 633 1571 ad
645 1521 804 1572 Cimmerios
855 1525 926 1574 inter
936 1523 1001 1573 deos
1012 1522 1135 1574 fluviales
1144 1520 1386 1582 habetureomodo,
1472 1525 1473 1586 l

263 1591 358 1641 reterri
372 1590 431 1642 vult
443 1590 594 1657 agricolas,
618 1593 665 1656 qui
680 1591 805 1657 primitus
857 1609 910 1659 quo
928 1591 1001 1643 haud
1020 1592 1102 1657 pauci
1118 1592 1166 1642 alii
1184 1594 1263 1643 fluvii
1281 1593 1385 1644 Graeco·
1472 1597 1473 1600 ’

263 1659 455 1712 terramillam
473 1660 620 1721 coluerint3
644 1662 673 1711 in
691 1662 740 1712 hos
756 1661 806 1710 im·
856 1678 929 1713 rum:
948 1661 984 1712 ci.
1002 1663 1034 1713 Ο.
1047 1661 1169 1712 Mueller.
1181 1661 1292 1713 Handb.
1312 1661 1386 1712 dhr-

263 1736 356 1796 pctum
378 1731 476 1784 secisse
496 1730 557 1781 vult
578 1736 635 1781 tres
660 1730 807 1782 nomadum
857 1731 998 1798 chaeolug.
1015 1735 1040 1795 ς.
1051 1730 1118 1794 403,
1139 1732 1275 1783 Gerhard:
1293 1730 1386 1781 Griech.
1472 1733 1473 1786 ξ

263 1805 405 1861 catervas,
419 1800 515 1850 harum
527 1800 651 1851 ultimam
663 1800 744 1862 (duce
755 1800 807 1850 Co·
855 1800 1187 1867 Mytholog.§.542seqq.l
1195 1801 1387 1868 deapuosiqnis
1472 1791 1473 1829 l

263 1867 351 1934 laxai)
367 1875 466 1920 terram
482 1870 662 1936 occupavisse
671 1875 808 1922 caeteras·
857 1871 1008 1937 intelligere
1017 1871 1135 1936 indeque
1143 1872 1303 1937 Targitaum
1314 1885 1344 1921 ex
1353 1870 1388 1919 his
1472 1913 1473 1920 ,

265 1955 317 2007 qne
329 1954 421 1991 secum
435 1940 546 1990 duxisse
560 1943 710 1992 etauream
719 1947 807 1991 cater-
857 1947 951 1992 natum
974 1956 1022 2006 pro
1046 1950 1118 1992 terra
1138 1941 1217 2006 ipsa,
1241 1940 1388 2006 Scytharum

264 2025 328 2062 vam
351 2024 412 2060 esse
437 2010 550 2061 iactam.
589 2010 687 2075 ltaque
708 2011 807 2076 migra·
857 2012 937 2078 quasi
958 2014 1085 2075 parente,
1107 2010 1209 2063 habere
1226 2010 1306 2074 velit,
1327 2009 1389 2060 haud

265 2081 366 2131 tionem
379 2078 515 2144 quandam
527 2080 649 2145 gentium
661 2079 807 2130 nomadum
858 2081 1027 2146 refragabat.
1052 2080 1216 2144 Scytharum
1230 2081 1390 2131 iamamcnm

266 2167 280 2201 e
302 2149 436 2214 superiori
453 2149 520 2198 Asia
543 2149 646 2199 iactam
672 2149 724 2200 hac
748 2153 807 2199 tcta
857 2152 892 2202 iis
905 2165 1067 2216 congruere,
1083 2165 1153 2215 quae
1167 2151 1321 2202 Sinensium
1337 2149 1391 2200 scri·

266 2221 341 2269 sarna
351 2218 467 2268 indicari
477 2221 557 2283 putat
565 2219 677 2271 Hansen
687 2218 705 2269 l.
715 2217 733 2271 l.
744 2234 809 2284 pag.
858 2226 951 2286 ptores
963 2219 1094 2285 referant,
1102 2225 1195 2271 monet
1205 2221 1330 2272 Goerres:
1341 2220 1390 2284 lly-

269 2288 317 2340 108
330 2302 397 2351 seq„
410 2287 444 2337 ob
454 2302 522 2337 vasa
532 2302 631 2351 aurea,
644 2303 715 2353 quae
728 2288 810 2339 coeli·
859 2289 1017 2355 thengesch.
1031 2289 1054 2340 1.
1067 2306 1093 2355 p.
1110 2289 1168 2340 199.

267 2363 311 2407 tus
323 2354 437 2420 delapsa
449 2355 616 2420 ferebantur,
630 2357 663 2409 de
672 2358 754 2409 Asiae
768 2374 809 2409 re·
894 2353 994 2409 τούτου
1008 2353 1038 2409 dl
1051 2355 1185 2423 γενέσθαι
1199 2358 1307 2417 παῖδας
1317 2359 1390 2421 τρεῖς,

267 2426 349 2490 gione
362 2439 428 2475 auro
445 2425 547 2477 referta
566 2443 598 2477 ae
613 2428 760 2492 praecipue
777 2427 809 2478 de
861 2424 1016 2491 Λειπόξαϊν
1035 2425 1082 2478 καὶ
1101 2420 1252 2492 Ἀρπόξαϊν
1269 2426 1316 2478 καὶ
1337 2420 1392 2476 νεό-

267 2499 359 2546 monte
372 2493 448 2545 artai
463 2496 639 2561 cogitandum
650 2511 711 2549 esse
722 2501 808 2561 ratus,
860 2513 943 2549 τατον
960 2494 1113 2565 Κολάξαϊν]
1137 2501 1202 2550 Tres
1217 2498 1341 2565 Targitai
1353 2496 1393 2546 tilii
1472 2509 1473 2550 3

268 2566 291 2618 ai
368 2565 513 2631 primitivis
531 2568 627 2618 hurum
646 2568 809 2632 Scytharum
861 2567 1393 2636 quudcummemoranturtutiusScytha
1472 2614 1473 2633 ,

267 2651 281 2685 s
345 2640 546 2701 usquaeratur.
580 2638 647 2688 Cum
657 2638 810 2688 Esthonum
861 2641 1023 2706 rumgcntis
1040 2640 1136 2704 abavi,
1158 2640 1186 2690 id
1205 2640 1315 2705 quidem
1333 2639 1393 2689 satis

268 2706 343 2756 fama
354 2704 422 2756 haec
435 2707 526 2757 omnia
535 2708 576 2757 ita
588 2708 715 2773 componi
725 2723 742 2758 a
751 2709 811 2759 Fri·
861 2710 988 2776 congruit
1009 2725 1071 2762 cum
1089 2709 1139 2771 iis,
1161 2724 1234 2774 quae
1249 2710 1321 2775 apud
1334 2708 1394 2760 alias
1472 2708 1473 2725 ³

268 2775 469 2828 dericoKrusio
480 2777 534 2826 iam
547 2793 633 2844 supra
642 2777 770 2840 diximus,
779 2782 810 2829 ut
862 2794 969 2846 quoque
987 2780 1163 2845 antiquitatis
1176 2785 1275 2845 gentes
1289 2780 1350 2830 ferri
1361 2779 1394 2825 vi-

268 2845 491 2896 sanelisthonum
500 2861 567 2911 gens
577 2864 610 2899 ex
621 2847 673 2898 hac
680 2847 810 2913 Scythica
862 2850 970 2913 demus,
987 2851 1012 2900 si
1022 2849 1130 2916 quidem
1144 2859 1198 2901 trca
1207 2850 1297 2915 gentis
1312 2852 1394 2899 aucto

269 2914 395 2966 derivata
413 2915 500 2966 videri
515 2923 604 2981 queat.
862 2934 905 2970 res
925 2937 946 2971 s.
960 2920 1064 2970 abavus
1083 2935 1138 2970 uno
1160 2918 1310 2985 eodemque
1325 2922 1395 2983 patre

309 2976 418 3046 λέγουσι
442 2975 473 3033 d’
497 2973 546 3051 ὦν]
582 2987 623 3037 Ad
644 2984 811 3037 locutionem
862 2989 970 3056 genitos
989 2989 1147 3055 plerumque
1166 2988 1286 3054 proferri
1304 2987 1396 3038 inveni·
1472 3016 1473 3033 r

269 3051 342 3103 coni,
358 3052 416 3116 III,
434 3053 469 3104 80
486 3053 577 3121 ibique
591 3060 662 3108 nott.
700 3057 742 3106 Ex
759 3055 812 3106 hoc
862 3075 931 3112 mus.
954 3061 995 3110 Ut
1008 3064 1186 3123 praeteream,
1201 3075 1272 3125 quae
1283 3058 1396 3109 desidua

269 3127 360 3173 autem
371 3120 432 3172 locu
448 3123 546 3175 Ritter.
564 3124 705 3189 (Vorhalla
717 3130 769 3176 eto.
784 3140 812 3191 p.
862 3129 968 3180 Noachi
982 3128 1044 3180 filiis
1063 3130 1091 3180 in
1105 3144 1184 3180 sacra
1202 3131 1338 3194 scriptura
1349 3133 1397 3177 tra·

272 3190 332 3253 173)
359 3189 451 3256 colligi
478 3209 558 3257 posse
585 3199 691 3256 censet,
720 3195 813 3260 populi
863 3198 964 3249 duntur
975 3197 1086 3264 (Genea.
1098 3201 1133 3263 V,
1146 3199 1180 3252 32
1192 3204 1219 3249 et
1233 3201 1291 3261 x‚1
1306 3196 1395 3263 seii),

269 3260 340 3310 hanc
358 3264 432 3311 carte
451 3260 537 3313 luisse
552 3262 653 3313 famam
672 3265 742 3314 inter
760 3267 812 3315 Bo·
864 3270 983 3335 pertinet
994 3269 1047 3320 huc
1059 3268 1273 3334 Babyloniorum
1287 3269 1356 3318 tama
1367 3266 1395 3316 dc
1472 3318 1473 3321 ,

269 3328 406 3396 rysthenis
426 3330 729 3397 accolasdivulgatam.
759 3336 812 3398 Qui
863 3339 950 3389 tribus
974 3339 1100 3390 Xisuthri
1125 3337 1189 3390 tiliis
1219 3338 1288 3401 (vid.
1310 3336 1396 3389 Berosi
1472 3328 1473 3375 l

270 3398 341 3450 idem
353 3398 372 3450 1.
386 3398 404 3451 l.
418 3414 479 3465 pag.
492 3400 616 3453 1720011.
633 3403 691 3455 174.
704 3404 753 3454 177
769 3405 812 3456 Io·
863 3409 986 3474 iragmm.
1002 3407 1046 3460 ed.
1058 3407 1170 3459 Richter
1182 3425 1208 3473 p.
1221 3408 1288 3474 60),
1309 3410 1395 3459 Persa·
1472 3398 1473 3421 ³

270 3486 335 3529 vera,
351 3470 397 3534 qui
405 3468 451 3519 hic
464 3476 644 3534 memoratur,
661 3488 683 3524 s.
696 3472 753 3522 Δία
763 3490 811 3539 pro
863 3494 920 3528 rum
935 3478 1009 3528 fama
1022 3478 1055 3530 de
1065 3479 1216 3541 Feriduno,
1238 3479 1285 3544 qui
1298 3475 1396 3528 interfe-

269 3539 399 3588 lndorum
416 3540 488 3590 Deva
504 3539 600 3601 habet,
624 3543 813 3608 Borysthenis·
862 3553 908 3598 cto
926 3563 1015 3612 angue
1039 3553 1128 3600 terrae
1147 3548 1290 3614 imperinm
1310 3550 1396 3598 nactus

271 3623 323 3673 (111⁰
348 3607 408 3672 (qui
430 3624 507 3659 880οΓ
529 3610 566 3660 tit
584 3612 694 3676 fluvius)
718 3612 812 3675 filiam,
863 3619 934 3668 inter
958 3617 1027 3668 tilios
1057 3623 1112 3669 tres
1138 3618 1292 3679 distribuit3
1324 3621 1396 3680 atquc

271 3695 285 3730 e
305 3692 358 3744 qua
372 3677 477 3744 Iupiter
493 3679 656 3745 Scytharum
673 3687 813 3748 parentem
864 3687 941 3752 ipsae
957 3691 1013 3739 tres
1027 3688 1170 3739 Persarum
1189 3692 1286 3753 gentes
1302 3685 1396 3752 praeci·

271 3747 408 3814 genuerit,
434 3749 627 3802 eandem·esse
648 3751 707 3801 vult
730 3756 814 3817 atque
864 3772 950 3821 puae,
969 3772 986 3807 a
999 3757 1099 3808 Nostro
1112 3757 1139 3820 1,
1158 3758 1207 3808 125
1219 3757 1335 3819 allatae,
1351 3755 1396 3804 huc

272 3818 361 3883 Αρίανι
382 3835 404 3871 s.
422 3819 514 3871 Goeum
535 3820 598 3885 (lv,
618 3819 678 3884 59),
702 3821 816 3874 Maeotia
865 3826 1104 3892 relerripoterunt.
1119 3828 1221 3878 Eodem
1233 3838 1397 3894 quoquespe·

272 3885 337 3950 (IV,
348 3884 391 3950 3),
414 3888 541 3955 Magnam
558 3891 638 3942 dudm
651 3891 781 3955 Matrem,
801 3908 815 3943 e
865 3896 952 3946 ctabit
964 3896 1157 3947 Germanorum
1175 3898 1252 3948 fama
1269 3897 1301 3948 de
1318 3895 1396 3947 tribus

272 3955 354 4006 fluvio
380 3972 474 4021 sacro,
497 3965 528 4010 ut
549 3960 689 4023 ferebant,
717 3966 815 4024 ortam,
866 3966 960 4016 Manui
977 3964 1041 4016 filiis
1064 3968 1148 4031 (apud
1161 3968 1252 4018 Tacit.
1267 3967 1353 4017 Germ.
1363 3962 1395 4025 2).

273 4040 333 4074 cum
345 4040 416 4091 aqua
428 4027 487 4078 scil.
503 4030 718 4080 omniumrerum
730 4031 814 4081 habe·
867 4036 981 4099 ipsaque
992 4037 1155 4087 Graecorum
1175 4035 1250 4087 fama
1268 4036 1302 4087 de
1319 4034 1397 4085 tribus

272 4098 346 4143 retur
361 4096 534 4161 principium.
567 4100 698 4164 Koeppen
714 4100 816 4163 (Nord-
865 4104 987 4155 Hellenis
1000 4104 1076 4166 filiis,
1095 4106 1184 4170 Doro,
1196 4106 1301 4167 Xutho,
1312 4101 1395 4158 Aeolo,

273 4164 385 4227 gestade
398 4165 425 4215 d.
438 4165 519 4217 Pont.
533 4183 597 4231 pag.
615 4169 655 4218 1³.
670 4170 716 4233 14)
731 4171 815 4234 Bory-
866 4190 899 4224 ne
912 4173 991 4239 plura
1007 4174 1157 4239 proferam,
1176 4191 1247 4241 quae
1263 4190 1346 4243 nuper
1361 4174 1396 4221 at

274 4231 396 4282 stheuem
420 4234 541 4298 explicat
563 4237 674 4287 fluvium
704 4244 814 4304 septen·
866 4243 929 4293 tulit
947 4245 979 4294 E.
1000 4245 1034 4295 ab
1049 4245 1182 4295 Lasaulx:
1207 4240 1357 4309 Philosoph.
1372 4238 1394 4289 d.

273 4301 431 4363 trionalem,
459 4305 506 4369 qui
528 4307 752 4370 septentrionalis
777 4311 813 4359 sit
866 4313 1021 4365 Geschicht.
1036 4315 1211 4380 p.4080qq.,
1227 4314 1395 4381 quibuscom-

273 4373 390 4434 Avater‚
401 4372 605 4440 Diodorumque
615 4376 684 4427 citat
696 4376 755 4429 loco
770 4395 815 4429 eu·
866 4399 974 4434 munem
984 4385 1074 4436 videri
1087 4384 1157 4435 hanc
1166 4385 1265 4434 famam
1276 4383 1309 4434 de
1320 4380 1394 4431 tribus

274 4457 323 4507 pra
343 4440 469 4507 laudato,
491 4445 536 4509 qni
555 4444 698 4511 Scytham,
725 4450 815 4514 gentis
865 4453 995 4518 cuiusque
1005 4455 1094 4519 gentis
1105 4456 1263 4506 auctoribus
1275 4452 1310 4503 ad
1322 4463 1394 4501 unum
