3042 5125
532 376 738 440 THALIA.
760 380 819 439 111.
837 391 881 444 52.
1220 386 1278 448 103

131 573 214 654 βίον
228 571 336 651 εἵλευ,
352 562 576 637 άντιστατέων
589 596 625 638 τε
638 572 695 640 καί
707 567 794 661 ὀργῇ
806 570 1008 663 χρεόμενος,
1031 578 1065 655 ἐς
1080 576 1138 648 τόν
1151 599 1189 648 σε
1203 576 1275 668 ἥκι-

132 691 198 738 στα
210 674 306 758 χρῆν.
340 677 372 740 εί
384 668 449 759 γάρ
470 699 520 751 τις
533 672 689 764 συμφορὴ
703 678 741 745 ἐν
759 670 890 747 αότοῑσι
905 676 1073 767 ἐγεγόνεε,
1094 685 1127 765 ἐξ
1140 672 1179 770 ἧς
1192 678 1274 752 ὑποω

132 782 218 862 υίην
233 777 267 855 ἐς
280 773 337 863 ἐμὲ
352 781 452 861 ἐγεις,
468 778 542 864 ἐμοί
552 804 587 845 τε
600 774 686 866 αὕτη
699 781 835 868 γέγονε,
853 783 909 850 καὶ
923 779 989 869 ἐγω
1003 779 1105 873 αὐτῆς
1119 782 1155 854 τὸ
1169 793 1275 855 πλεῦν

130 876 273 966 μέτοχός
288 884 371 966 είμι,
393 875 462 969 dopo
475 877 574 960 αὐτός
595 902 683 970 σφεα
696 883 931 974 ἐξεργασάμην.
961 883 1004 955 σύ
1019 886 1055 956 δὲ
1068 885 1190 976 μαθων
1206 887 1274 983 ὅσῳ

129 984 350 1068 φθονέεσθαι
369 985 511 1069 κρέσσον
529 986 598 1054 ἐστὶ
618 980 897 1075 ἦοίκτείρεσθαι,
919 985 988 1078 ἅμα
1007 1017 1043 1059 τε
1059 987 1172 1063 ὁκοῖόν
1193 1022 1225 1062 τι
1241 999 1275 1075 ἐς

128 1083 210 1166 τοὺς
232 1088 351 1165 τοκέας
372 1087 429 1154 καὶ
449 1089 482 1167 ἐς
504 1086 582 1169 τούς
597 1092 779 1176 κρέσσονας
795 1097 1031 1182 τεθυμῶσθαι,
1057 1093 1158 1166 άπιθι
1179 1101 1212 1177 ἐς
1233 1096 1274 1167 τά

126 1196 230 1259 οἰκία.
266 1196 478 1279 Περίανδρος
490 1192 554 1281 μὲν
565 1191 712 1263 τούτοισι
725 1192 830 1265 αὐτόν
844 1197 1088 1286 κατελάμβανε·
1109 1195 1127 1268 ό
1142 1200 1178 1269 δὲ
1192 1199 1273 1271 άλλο

125 1295 191 1382 μὲν
204 1289 312 1363 οὐδὲν
329 1289 501 1382 ἀμείβεται
513 1293 573 1365 τὸν
587 1301 731 1386 πατέρα,
753 1307 819 1389 ἔφη
833 1302 873 1370 δέ
885 1329 944 1389 μιν
958 1299 1035 1390 ίρὴν
1047 1311 1166 1392 ζημίην
1178 1300 1271 1392 ὀφεί-

125 1405 201 1466 λειν
215 1401 267 1490 τῷ
278 1401 369 1490 θεῷ,
393 1400 507 1490 ἑωυτῷ
520 1402 553 1481 ἐς
569 1400 689 1489 λόγους
702 1399 915 1493 άπικόμενον.
956 1403 1097 1475 Μαθων
1116 1406 1153 1476 δέ
1171 1403 1270 1478 όΠε-

125 1508 308 1589 ριἀυδρος,
334 1495 378 1580 ὥς
395 1499 524 1591 ἄπορόν
537 1532 569 1573 τι
583 1501 621 1574 τό
637 1503 743 1576 κακόν
757 1518 809 1595 ελη
823 1512 884 1577 τοῦ
896 1506 1014 1588 παιδὸς
1029 1513 1085 1580 καὶ
1100 1507 1269 1600 άνίκητον,

124 1610 158 1690 ἐξ
173 1602 371 1694 ὀφθαλμοῖν
387 1634 446 1695 μιν
466 1600 712 1698 ἀποπέμπεται,
739 1618 868 1692 στείλας
886 1620 1004 1682 πλοῖον
1025 1616 1058 1693 ἐς
1073 1616 1271 1705 Κέρκυραν·

123 1709 311 1800 ἐπεκράτεε
335 1705 399 1797 γάρ
420 1713 475 1780 καὶ
494 1711 624 1800 ταύτης.
661 1710 858 1794 άποστείλας
886 1716 923 1785 δέ
945 1721 1065 1786 τοῦτον
1084 1714 1102 1785 ὅ
1122 1726 1269 1806 Περίαν-

124 1820 206 1904 δρος
230 1812 447 1903 ἐστρατεύετο
469 1817 522 1885 ἐπὶ
542 1813 600 1885 τὸν
615 1816 785 1907 πενθερὸν
798 1821 972 1909 Προκλέα,
989 1815 1032 1900 ὦς
1047 1825 1114 1890 τῶν
1126 1822 1268 1910 παρεόν·

157 2012 191 2072 ἐν
210 2010 327 2072 αὐτοῖσι
348 2012 481 2090 ἐγεγόνεε]
511 2013 543 2075 ἐν
564 2017 676 2075 αὐτοῖσι
726 2029 863 2080 sententis
881 2040 935 2092 σφε
953 2043 1002 2093 pro
1025 2018 1115 2094 αὐτὴν
1133 2031 1272 2096 occipien-

121 2091 284 2158 Schweigh.
302 2093 405 2158 occipit
419 2110 469 2158 pro
489 2084 521 2145 ἐν
541 2084 674 2157 ἑαυτοῖσι,
726 2099 789 2148 dum
805 2096 880 2149 etad
898 2102 1011 2150 matrem
1023 2099 1193 2150 referendum
1209 2100 1270 2164 erit,

121 2162 155 2213 de
173 2164 271 2228 prime
290 2178 425 2228 persons,
443 2164 626 2230 reddiditque:
649 2169 675 2216 in
726 2168 805 2218 cuins
821 2166 897 2218 nullu
912 2169 941 2217 in
952 2169 1179 2220 antecedentibus
1197 2185 1270 2223 meu-

121 2236 197 2285 domo
219 2241 327 2292 πσελνα,
351 2234 424 2285 unde
439 2233 502 2284 Elts
516 2235 535 2287 l.
554 2241 638 2285 untee
655 2235 674 2287 1.
691 2270 694 2274 >
725 2238 779 2297 tio;
794 2237 902 2288 sccedit
913 2238 1011 2301 etiam,
1025 2239 1096 2305 qnod
1110 2239 1172 2304 ipss
1184 2239 1270 2290 forms

122 2319 186 2368 μσς.
201 2303 256 2353 127
272 2303 387 2353 rescribi
397 2302 471 2354 vulti
495 2294 527 2355 ἐν
538 2293 674 2370 ἑωυτοῖσι,
725 2320 780 2371 σφε
792 2307 828 2358 eb
840 2307 982 2359 Herodoto
994 2308 1086 2360 eliens
1104 2312 1161 2370 est,
1180 2314 1211 2359 ut
1223 2309 1270 2361 do·

121 2374 197 2439 quod
211 2372 248 2422 de
262 2373 351 2437 primu
370 2389 586 2440 personssequc
602 2375 675 2426 ecci·
724 2377 783 2430 cuit
796 2376 914 2430 Bredor.
934 2377 954 2429 l.
970 2378 989 2429 l.
1019 2379 1118 2445 Itaque
1137 2379 1271 2431 Herodoti

120 2445 220 2509 pietur
240 2438 323 2509 (inter
339 2441 406 2509 ποι).
443 2445 541 2510 Negris
555 2444 676 2510 praefer·
723 2446 809 2499 verbs
833 2462 865 2498 eo
888 2463 970 2499 sensu
996 2450 1157 2514 accipiendo
1179 2455 1268 2513 erunt,

120 2517 162 2565 ret
181 2503 216 2562 ἐν
237 2508 369 2577 οἰκίοισι,
388 2514 467 2565 modo
482 2514 533 2567 hoc
548 2515 577 2565 in
596 2514 674 2567 libris
724 2531 805 2584 quem
815 2532 899 2585 suprs
911 2518 1039 2571 indicari.
1059 2519 1130 2571 Elts.
1141 2519 1161 2571 l.
1175 2520 1193 2572 l.
1204 2535 1266 2587 pug.

120 2584 240 2649 scriptis
253 2583 434 2636 inveniretur.
466 2585 599 2651 Equidem
612 2602 674 2637 cunr
725 2588 775 2640 128
797 2589 928 2653 scripturn
948 2586 1033 2640 fuisse
1056 2591 1182 2642 coniicit:
1210 2583 1268 2642 ὅσω

119 2657 243 2706 recentt.
257 2652 320 2704 edd.
338 2655 441 2705 retinui
457 2645 626 2721 ἐναότοίσι,
646 2659 673 2706 in
724 2647 807 2738 αὐτός
821 2672 857 2721 γε
872 2647 1071 2742 ἐξεργαηάμην,
1134 2721 1140 2738 ¹
1251 2645 1256 2657 ’

117 2725 673 2861 σακεκατωνάκην
723 2813 746 2846 ..
759 2721 1267 2862 uterrueruut:

118 2881 182 2915 cnm
194 2863 304 2925 Corae,
316 2865 377 2929 qui,
392 2865 417 2916 si
428 2864 493 2931 quid
504 2864 672 2928 mutandum,
723 2868 747 2929 Ι,
756 2866 806 2918 164
814 2864 885 2930 (85)ι
896 2859 1021 2930 κρέσσων
1031 2861 1181 2929 οἰκτιρμῶν
1189 2857 1268 2927 pod-

118 2935 174 2999 iegi
187 2931 301 2984 mavult
312 2925 342 2984 ἐν
354 2924 426 3000 αὐτῇ
439 2947 482 2984 σοι
500 2934 557 3002 (tibi
573 2936 604 2987 ob
619 2953 673 2987 emo
725 2941 787 2995 νος,
799 2936 847 2986 ubi
858 2935 931 2987 conf.
945 2935 1065 2987 Boeokh.
1080 2939 1107 2986 et
1119 2935 1228 2986 Iaccbs.
1241 2936 1269 2986 iu

119 3022 158 3056 sc.
173 3000 311 3071 narem),
333 3003 404 3070 quod
419 3005 515 3055 merito
532 3005 674 3071 displicuit
723 3005 844 3057 Delectt.
865 3006 960 3072 Epigr.
978 3022 1005 3071 p.
1020 3005 1080 3057 255.
1112 3005 1269 3069 Exscripsit

119 3073 277 3126 Lsrchero.
307 3075 366 3125 Nec
379 3074 466 3141 magis
479 3076 672 3138 necessarium,
722 3076 908 3127 Herodotecm
939 3076 1103 3126 sententium
1133 3073 1269 3126 Stobueus

120 3146 221 3196 eodem
234 3143 324 3220 Cerei}
336 3151 462 3208 auctore,
475 3161 524 3211 pro
537 3136 569 3195 τὸ
585 3141 673 3194 πλεῦν
724 3144 814 3209 Tit.3‚
826 3145 870 3200 09.
882 3162 910 3211 p.
921 3148 956 3197 42
969 3144 1167 3211 s.p.103.T.I.
1179 3144 1268 3197 Gsisf.

118 3228 257 3281 reponere
271 3226 345 3280 τοσῳ
363 3212 458 3265 πλεῦν.
491 3215 534 3265 Ad
553 3220 674 3266 structu·
723 3217 777 3267 Pro
790 3212 894 3279 τοκῆας
905 3231 965 3266 cum
975 3215 1063 3267 Guisi.
1075 3219 1104 3266 et
1113 3213 1213 3266 Metth.
1225 3230 1268 3265 re·

119 3301 179 3335 rem
198 3284 276 3336 coni.
291 3285 360 3335 Wex
380 3285 416 3337 cd
434 3284 562 3349 Sophoci.
580 3285 671 3349 Ant-ig.
722 3286 803 3352 posui
812 3278 919 3349 τοκέας,
927 3285 961 3336 dc
969 3300 1022 3349 quo
1031 3284 1088 3336 rid.
1096 3285 1269 3349 potissimum

120 3356 183 3410 782.
193 3369 260 3420 pag.
268 3352 330 3408 236.
343 3356 421 3418 Quae
431 3360 581 3420 sequuntur
590 3355 674 3405 verbo.
723 3357 823 3407 Struve
835 3355 952 3420 Specim.
963 3355 1002 3406 11.
1017 3356 1129 3418 Quaest.
1140 3355 1173 3404 de
1181 3354 1269 3405 Hero·

119 3416 178 3490 όσῳ
199 3414 289 3482 αὐτός
309 3436 382 3487 σφεα
400 3413 608 3490 ἐξεργασάμην,
634 3425 673 3475 sic
723 3423 1268 3490 dot.diel.psc.d.(Opuscc.11.p.331).

121 3495 225 3562 scripsi
234 3493 402 3545 Bredovium
412 3499 524 3546 secutus
535 3511 598 3560 pag.
611 3494 672 3557 283,
722 3495 755 3544 In
765 3510 841 3560 seqq.
850 3484 937 3544 αότόν
946 3485 1135 3560 κατελάμβανε
1145 3498 1202 3544 est=
1215 3512 1269 3545 eron

121 3567 170 3632 qui
184 3580 238 3630 pro
251 3576 321 3628 σφε,
337 3564 410 3630 qnod
422 3564 503 3630 vulgo
517 3565 616 3629 edunt,
631 3578 673 3615 re·
722 3566 836 3616 irrdibere
857 3566 1006 3616 conabatur.
1046 3565 1089 3616 De
1114 3563 1268 3629 imperfecti

120 3634 301 3687 scribendum
314 3649 375 3685 esse
388 3635 482 3686 docuit
494 3646 582 3698 σφεα,
602 3634 674 3701 quod
722 3649 775 3685 usu
788 3634 845 3684 dixi
861 3634 896 3684 ed
912 3634 942 3695 1,
955 3633 1005 3697 68,
1024 3634 1057 3686 de
1068 3633 1146 3685 verbi
1165 3634 1189 3683 si
1210 3633 1269 3683 nifi-

121 3707 214 3774 ipsum
227 3705 265 3756 ed
274 3695 305 3753 ἐν
312 3694 423 3754 αότοῐσι
434 3702 505 3768 (scil.
516 3694 671 3769 πρήγμασι)
723 3704 833 3755 eetioue
848 3704 883 3754 cd
897 3704 954 3766 111,
971 3702 1014 3755 36.
1045 3702 1088 3753 Ad
1104 3648 1268 3766 άποπέμπε-

122 3772 364 3837 estreiercndm,
377 3779 408 3826 ut
417 3773 485 3827 haec
496 3774 534 3824 sit
546 3773 601 3824 loci
612 3789 673 3825 sen·
722 3789 769 3823 ται
788 3774 824 3825 cf.
840 3777 910 3824 nott.
930 3774 966 3824 ed
984 3772 1042 3835 111,
1062 3773 1105 3823 50·
1133 3771 1269 3821 uictore

121 3846 228 3896 tentis:
241 3848 444 3911 quomopisipce
456 3862 487 3896 ec
494 3844 604 3909 perfeci.
625 3842 673 3893 At·
724 3843 862 3910 plerisque
881 3842 961 3895 libris
982 3856 1042 3892 cum
1069 3840 1129 3891 edd.
1152 3845 1268 3892 recentt.

122 3931 174 3983 quc
191 3915 266 3966 hene
279 3915 444 3966 sententiam
462 3913 672 3979 Schweighccu-
725 3913 787 3964 dedi
807 3929 856 3979 pro
872 3911 976 3977 πλοίῳ,
995 3914 1122 3961 monente
1133 3909 1269 3976 Schweig-

122 4000 202 4037 serus
223 3985 309 4036 etiem
333 3985 362 4034 in
387 3985 488 4034 Latine
511 3984 674 4049 interprete·
723 3980 1053 4045 hueuscr03vulctcnim:
1066 3983 1268 4032 inctructunavi.

122 4056 199 4107 tione
213 4054 350 4120 expressit
363 4050 469 4121 (‚‚quum
480 4072 497 4104 α
507 4071 545 4104 me
556 4054 619 4104 Ιισεο
630 4053 673 4109 fc-
723 4053 786 4104 Alie
799 4054 870 4103 enim
885 4059 929 4105 eet
946 4050 1017 4102 rutio
1032 4064 1124 4101 eorum
1138 4048 1268 4115 locorum,

123 4136 165 4177 ιλιι
174 4124 276 4191 σιτί’),
292 4139 355 4175 mor
365 4139 430 4174 vcro
444 4124 575 4175 inLexic.
586 4123 674 4173 Hero·
724 4138 792 4190 quos
806 4124 840 4174 ud
852 4122 905 4185 III,
918 4125 934 4173 4
949 4119 1102 4172 attulimus.

125 4196 183 4246 dot.
194 4196 218 4246 Ι.
231 4210 260 4260 p.
271 4193 324 4245 226
336 4193 433 4243 meluit
443 4208 504 4245 cnm
514 4193 603 4243 Core‘e
614 4192 675 4243 red·
753 4182 1116 4256 ἐστρατεύετο-Προκλέα]
1127 4190 1270 4243 DcProcie

126 4265 204 4316 dere:
230 4266 302 4331 quod
318 4280 364 4329 epo
383 4267 440 4329 ipsc
456 4280 508 4315 eam
528 4264 612 4315 occidi
629 4262 674 4312 vel
723 4261 780 4314 vid.
797 4266 867 4314 nott.
886 4262 923 4314 ud
938 4261 1051 4323 111‚oo.
1080 4260 1193 4324 Exstat,
1211 4277 1269 4312 mo·

124 4337 242 4399 perdidi,
258 4348 320 4384 eum
331 4334 408 4385 verbi
419 4323 619 4396 ἐξεργάζεσθαι
632 4348 674 4384 se·
724 4337 807 4383 nentc
818 4331 950 4384 Valckeu.
964 4330 1036 4396 epod
1048 4332 1164 4396 Diogen.
1173 4332 1267 4381 Lsdrt.

127 4410 206 4456 cutus
225 4404 379 4458 notionem,
399 4418 453 4469 qus
473 4418 557 4468 supro
572 4402 673 4465 edlll,
723 4402 752 4466 1,
777 4402 825 4453 100
850 4401 968 4468 epistole
989 4400 1065 4452 velut
1084 4416 1102 4451 a
1119 4399 1269 4449 Periandro

129 4473 161 4524 31
178 4479 300 4541 positum
312 4473 379 4524 illud
392 4488 558 4535 invenimus3
576 4474 605 4522 in
621 4487 674 4538 qus
725 4473 831 4538 scripte
847 4470 882 4523 ed
899 4471 1022 4523 Proclem
1038 4485 1172 4521 socerum.
1184 4494 1220 4504 —
1237 4468 1286 4538 In,
