3042 5125
258 369 316 433 198
688 365 954 431 ΗΕΒΟΒΟΤΙ

254 591 321 651 μην
334 560 456 651 (δήμου
475 555 539 647 γάρ
560 557 680 627 τούτου
699 548 775 648 ἦν),
794 553 831 638 δς
852 562 972 641 ξείνων
990 556 1127 627 πάντων
1143 554 1284 645 μάλιστα
1298 557 1398 643 ἐτίμα

255 696 289 737 τε
303 674 471 756 Σαμίους,
487 671 546 732 καί
555 669 591 732 οἱ
600 667 648 754 τῷ
661 666 762 750 πατρὶ
776 670 840 751 ἔφη
854 662 987 751 Σάμιον
1000 659 1148 750 τοῦνομα
1166 665 1325 747 τεθῆναι,
1342 656 1396 727 ότι

255 777 290 840 ol
300 766 318 839 ό
332 768 440 858 πατὴρ
457 764 586 855 Ἀρχίης
603 770 641 836 ἐν
655 767 762 858 Σάμῳ
782 762 980 854 ἀριστεύσας
1000 764 1208 853 ἐτελεύτησε·
1234 767 1336 852 τιμάν
1358 762 1397 831 δὲ

255 881 405 963 Σαμίους
426 880 507 959 ἔφη,
531 869 616 939 διότι
635 874 786 958 ταφῆναί
802 876 837 939 ολ
852 868 911 939 τόν
929 868 1066 940 πάππον
1081 875 1221 958 δημοσίῃ
1242 863 1307 937 ὑπό
1320 875 1395 935 Σα-

209 987 352 1068 beateae.
398 972 656 1062 Λακεδαιμόνιοι
686 974 740 1060 δὲ,
771 971 815 1055 ὥς
836 995 897 1063 σφι
925 973 1166 1061 τεσσεράκοντα
1194 968 1398 1060 ἐγεγόνεσαν

255 1191 323 1254 τῶν
337 1181 557 1272 πρηγμάτων,
573 1177 824 1252 ἀπαλλάσσοντο
839 1185 872 1262 ἐς
885 1181 1158 1271 Πελοπόννησον.
1186 1176 1230 1260 τός
1247 1180 1283 1248 δὲ
1298 1174 1316 1247 ό
1330 1207 1394 1268 μα-

254 1385 271 1436 l.
291 1385 327 1435 l.
328 1401 353 1450 p.
375 1383 439 1446 119,
460 1383 530 1434 satis
548 1382 704 1433 ostendunt
738 1386 798 1447 Quo
850 1384 937 1437 tarch.
950 1386 988 1437 ΙΙ.
997 1401 1024 1450 p.
1032 1384 1121 1438 8690.
1143 1384 1197 1434 Pro
1210 1371 1321 1447 ἕτιματο
1334 1383 1402 1466 pln

255 1456 339 1507 etiam
354 1453 423 1504 iacit
443 1453 535 1517 locus,
561 1453 607 1518 qui
625 1452 727 1518 legitur
744 1456 798 1518 111,
849 1472 893 1506 res
907 1455 970 1505 lrbrr
984 1445 1063 1519 ἒτιμα
1075 1468 1113 1505 τε
1149 1453 1192 1504 Ad
1205 1452 1289 1502 verba
1299 1445 1402 1501 καίοι

254 1526 297 1576 47
333 1523 500 1589 Intelligitur
518 1522 651 1573 antemh.
670 1521 688 1575 l
705 1492 799 1576 Ρίιαιιά
849 1523 888 1592 τῷ
901 1520 986 1589 πατρὶ
1001 1524 1140 1588 contin,
1154 1520 1188 1574 53
1204 1522 1248 1572 lin.
1270 1510 1400 1600 τοόνομα

154 1641 161 1653 ,
254 1595 291 1645 ad
302 1594 448 1656 Eurotam
464 1595 582 1658 Spartae
594 1607 672 1642 vicus
685 1609 755 1644 unus
765 1609 798 1645 ex
849 1580 982 1646 intactum
1004 1593 1117 1659 reliqni;
1144 1592 1270 1643 Dindori.
1293 1584 1326 1642 τό
1349 1579 1401 1641 σό-

255 1664 472 1728 antiquissimis,
500 1661 669 1713 occidentem
693 1679 798 1727 versus,
850 1679 938 1744 νομα,
956 1664 993 1715 σΙ.
1006 1662 1121 1716 Bredor.
1135 1678 1198 1728 pag.
1211 1663 1272 1712 291.

255 1733 420 1799 multumque
439 1733 592 1785 celebratus
605 1736 687 1797 atque
700 1733 798 1785 incolis
884 1726 956 1783 διότι
965 1731 1095 1799 ταφῆναί
1102 1725 1305 1798 οΙ-Σαμίων]
1316 1731 1398 1794 Quod

255 1805 393 1869 frequens.
422 1804 465 1856 De
490 1818 543 1869 quo
568 1802 604 1853 ci.
622 1803 762 1853 Kortiim
754 1819 796 1853 m:
849 1804 1013 1868 Wesseling.
1032 1802 1206 1854 Eustathium
1222 1803 1311 1853 citans
1329 1818 1397 1867 pag.

255 1873 405 1925 Schlosser.
417 1877 444 1924 et
456 1873 556 1924 Bercht
566 1871 676 1922 Archiv.
686 1878 737 1925 etc.
748 1874 797 1923 IV
850 1873 910 1937 579,
924 1874 955 1924 ΙΙ
970 1873 1139 1925 Herodotum
1157 1872 1301 1938 scripsisse
1314 1876 1400 1937 putat

254 1960 318 2009 pag.
338 1943 481 2004 142152,
500 1943 529 1993 G.
548 1942 580 1990 Ο.
598 1941 724 1994 Mueller:
745 1943 798 1994 Die
849 1941 1014 2008 ταφδῆναι,
1035 1943 1159 2010 equidem
1173 1958 1227 1993 non
1246 1943 1400 1993 assentior.

254 2015 342 2064 Dorer
354 2014 390 2064 ΙΙ.
407 2028 433 2077 p.
448 2013 491 2065 59.
504 2012 564 2064 451.
576 2011 670 2064 Lealre
683 2013 798 2065 Trarels
848 2013 911 2064 Vid.
929 2017 999 2064 nott.
1014 2013 1050 2063 'ad
1068 2014 1110 2074 II,
1130 2012 1175 2064 81.
1206 2011 1248 2062 Ad
1265 2011 1400 2062 infinitivi

254 2085 283 2133 in
300 2085 393 2134 Mores
408 2084 431 2134 1.
448 2099 474 2148 p.
490 2081 540 2132 176
560 2085 587 2131 et
601 2081 735 2134 Mdailres
755 2083 797 2133 iu:
849 2088 1012 2135 structuram
1025 2083 1053 2133 in
1067 2085 1193 2133 oratione
1205 2081 1317 2147 obliqua
1331 2086 1400 2147 post

254 2152 388 2203 Archires
401 2152 449 2203 des
467 2153 595 2202 missions
612 2151 796 2218 scientifiques
849 2152 1000 2219 particulas
1018 2151 1197 2218 temporales,
1223 2152 1401 2203 conditiona-

255 2226 309 2272 ctc.
320 2222 372 2272 ΙΙΙ.
385 2237 467 2287 pag.
461 2221 523 2279 399,
538 2221 663 2271 Curtius.
679 2223 735 2272 Der
745 2223 798 2272 Pe
847 2223 907 2286 les,
941 2222 1065 2274 causales
1094 2220 1167 2272 hand
1192 2221 1399 2287 infrequentem

253 2291 396 2356 loponnes
407 2291 444 2340 ΙΙ.
455 2306 489 2369 p.
491 2290 552 2341 231.
574 2290 799 2368 lnfraapudHe-
848 2263 922 2344 conl.
942 2292 1072 2356 model,
1098 2292 1158 2343 129.
1177 2291 1220 2354 ΙΙ,
1243 2292 1300 2343 121.
1323 2295 1349 2357 5.
1370 2295 1397 2343 2.

254 2360 343 2411 rodot.
359 2360 411 2422 IX,
427 2348 489 2410 53
476 2374 491 2409 ο
507 2352 691 2424 Πιτανητέων
705 2351 796 2426 λόχος,
848 2363 901 2445 ΙΙΙ,
910 2362 953 2414 29.
964 2363 1008 2417 35
1019 2363 1067 2414 195
1078 2362 1170 2427 rbrquc
1179 2365 1250 2412 nott
1261 2360 1400 2413 Voculam

254 2429 302 2479 ubi
313 2429 369 2482 vid.
383 2432 452 2478 nott.
471 2429 532 2478 Hoc
541 2427 602 2478 loco
614 2435 707 2480 nostro
718 2432 797 2483 ricus
847 2418 881 2482 εὖ
895 2438 957 2498 post
969 2430 1086 2497 Σαμίων
1099 2430 1189 2483 delevi
1201 2447 1262 2482 cum
1279 2437 1399 2483 recentt.

255 2501 361 2549 Pitanae
372 2496 547 2564 intelligitur,
559 2513 605 2562 qm
597 2499 649 2549 'ab
657 2500 797 2551 Herodoto
848 2501 910 2553 edd.
914 2504 1032 2570 ,qnippe
1041 2518 1112 2570 quae
1122 2518 1139 2553 a
1149 2502 1306 2552 melioribus
1315 2502 1399 2552 libris

254 2569 279 2617 h.
295 2568 314 2619 l.
329 2565 418 2633 δῆμος
437 2566 608 2645 appellatur,
629 2570 798 2651 ιιΤΙιιιιγδὶ-
850 2540 937 2625 abesl.
975 2574 1064 2635 Quam
1084 2578 1177 2623 tuetur
1195 2572 1333 2623 Schaefer.
1359 2574 1400 2625 ad

254 2639 296 2688 dis
312 2638 396 2690 schol.
406 2638 429 2703 I,
439 2639 473 2689 29
481 2654 572 2704 τωμη
587 2639 622 2689 ab
635 2639 698 2692 aliis
710 2632 798 2707 φυλὴ,
848 2643 964 2709 Dionys.
974 2642 1115 2695 Halicarn.
1126 2644 1160 2693 de
1170 2658 1289 2707 compos
1299 2643 1399 2695 vcrbb.

253 2724 367 2774 quarum
390 2677 520 2774 qn'attuor
544 2710 653 2761 omnino
680 2712 799 2776 Spartae
849 2728 910 2778 pag.
925 2713 974 2765 113
988 2710 1204 2777 (consiacum
1223 2718 1400 2780 quostamen

253 2779 339 2830 inisse
355 2778 464 2841 volunt,
485 2784 515 2829 ut
532 2778 601 2830 adeo
620 2781 693 2832 inter
706 2778 799 2847 δημον
849 2781 896 2834 ille
908 2782 988 2834 affert
1000 2782 1114 2848 locos,'
1094 2801 1115 2833 11
1125 2799 1142 2833 a
1152 2786 1246 2834 nostro
1256 2783 1318 2834 loco
1329 2800 1400 2835 non-

253 2855 281 2900 et
307 2839 404 2913 κάμην
430 2849 478 2899 vix
502 2848 650 2915 quidquam
679 2852 797 2916 intersit,
849 2852 917 2903 nihil
930 2822 1085 2934 discrepard
1099 2853 1236 2905 ridentur.
1266 2854 1325 2906 Nec
1340 2871 1400 2905 ma·

253 2924 326 2969 recte
346 2923 473 2970 monente
487 2921 521 2970 Κ.
533 2920 578 2971 W.
592 2921 727 2987 Krueger:
745 2922 799 2972 Le·
849 2923 891 2987 gis
904 2909 1072 2974 voculam
1043 2937 1075 2973 εν
1088 2924 1159 2974 tueri
1169 2928 1312 3004 poterunt
1326 2939 1400 2990 quae

251 2990 304 3040 ben
317 2988 364 3038 des
375 2987 529 3053 Thucydid
543 3003 608 3054 pag.
623 2989 667 3043 93.
702 2993 797 3057 Neque
847 2992 974 3073 leguntur
984 2994 1038 3056 ΙΙΙ
1051 2994 1085 3045 82
1097 2992 1156 3042 fin
1174 2986 1212 3057 μὴ
1227 2984 1304 3043 λνειν
1315 2987 1398 3058 ἕχον

251 3060 322 3109 enim
338 3057 467 3108 adunam
481 3058 601 3109 Atticam
618 3065 718 3112 terram
737 3077 798 3124 per·
848 3078 898 3120 τας
912 3048 959 3112 εὖ.
980 3063 1034 3123 ΙΙΙ,
1045 3062 1093 3113 63:
1083 3056 1180 3143 ἔλεγε
1195 3057 1259 3127 δρα.
1278 3063 1333 3124 ΙΙΙ,
1345 3064 1398 3117 89.

251 3129 322 3178 tinet
336 3142 388 3176 vox
402 3124 508 3193 δῆμος,
528 3128 575 3181 sed
589 3127 625 3179 ad
641 3130 711 3181 alias
731 3146 798 3195 qno-

252 3213 303 3263 que
316 3196 457 3262 regiones,
477 3197 593 3263 indeque
610 3201 688 3250 varic
707 3200 797 3250 reddi·

252 3273 312 3329 tur,
331 3281 393 3315 cam
412 3267 522 3317 omnino
541 3283 640 3332 pagum
656 3286 679 3320 s.
693 3271 795 3335 vicum,

251 3338 295 3388 cni
311 3336 355 3386 sui
368 3339 432 3385 sunt
445 3335 513 3400 agri,
523 3338 704 3402 magistratus
717 3340 797 3391 adeo-

251 3422 303 3472 que
318 3420 416 3469 sacra,
436 3405 471 3455 ab
486 3405 548 3456 aliis
565 3414 710 3472 separata,
728 3410 798 3461 desi·

250 3480 325 3541 gret.
347 3473 410 3525 Vid.
423 3474 539 3526 Siebelis
554 3477 590 3528 ad
601 3479 722 3531 Pausan.
737 3482 760 3543 Ι,
773 3481 797 3531 l.

251 3551 275 3609 5.
289 3547 306 3595 2
323 3549 351 3594 et
367 3544 439 3595 conf.
457 3544 591 3599 Herodot.
604 3549 645 3612 V,
661 3550 705 3601 92.
725 3553 750 3613 5.
770 3551 797 3600 2.

252 3617 327 3666 Satis
338 3629 401 3665 vcro
410 3618 505 3665 notum
515 3621 568 3680 est,
576 3619 704 3669 Pitanem
714 3635 799 3670 unum

252 3702 285 3736 ex
303 3684 458 3735 istiusmodi
480 3687 549 3736 vicis
569 3687 671 3750 inisse,
700 3690 798 3756 quibus

252 3757 354 3821 Sparta
381 3755 460 3817 urbs,
493 3761 604 3809 auctore
629 3726 723 3826 Tidncy
726 3759 801 3823 dide,

252 3824 409 3878 constabat.
436 3792 506 3878 llum
520 3827 566 3879 ille
579 3828 694 3879 Archias
708 3830 797 3895 prose·

252 3901 297 3948 cto
309 3911 362 3946 non
378 3894 522 3961 περίοιτος
535 3898 573 3948 fn
578 3903 602 3961 t
622 3897 670 3950 sed
684 3898 797 3965 Sparta·

253 3982 304 4017 nus
316 3966 487 4031 1ιοιιιο,1ριδ
498 3968 599 4032 Sparta
611 3969 750 4033 oriundus,
765 3973 797 4020 ut

252 4002 507 4089 iurecontedrditc.
520 4038 552 4089 O.
564 4038 687 4090 Mueller.
696 4037 716 4090 1.
726 4039 745 4089 l.
757 4040 794 4092 ΙΙ.

252 4121 279 4170 p.
297 4104 331 4154 59
344 4119 422 4182 seq.

287 4163 379 4237 δήμου
391 4165 448 4250 γάρ
462 4164 561 4223 τούτου
574 4159 621 4255 ἦν]
639 4175 751 4241 Aliquot
763 4175 797 4228 li·

249 4242 293 4293 bri
306 4258 390 4307 prave
400 4233 499 4292 τούτου
518 4241 577 4292 τοῦ
592 4231 641 4309 ἦν,
669 4261 735 4310 quos
756 4263 798 4298 se·

251 4313 344 4377 quitur
356 4311 468 4378 Gregor.
480 4313 602 4365 Corinth.
612 4314 646 4365 de
659 4314 724 4367 dial.
734 4318 796 4367 Ion.

251 4385 277 4445 5.
293 4383 320 4433 7
332 4398 360 4447 p.
374 4380 425 4433 185
438 4398 504 4449 seq
522 4389 650 4448 corrupto
663 4400 729 4436 usus
742 4387 798 4437 He

251 4451 343 4503 rodoti
364 4450 444 4505 libro.
481 4451 524 4503 Ad
544 4468 618 4519 seqq
644 4454 716 4507 coni.
734 4455 799 4507 Plu-

849 3122 1006 3198 ἔλεχθησαν
1023 3121 1052 3180 δ
1072 3103 1340 3199 claudiopoleos
1359 3134 1397 3184 ad

848 3204 887 3263 V,
900 3203 933 3253 27
953 3201 1046 3252 allatis
1053 3218 1188 3269 ‚qnorum
1207 3204 1279 3253 ratio
1299 3203 1399 3268 dispar

1509 103 1510 144 ι

1509 219 1510 250 l

254 1078 373 1172 ἡμέραι
388 1081 620 1165 πολιορκέουσι
631 1076 768 1167 Σάμον,
783 1081 816 1158 ἐς
830 1076 866 1147 τό
881 1077 994 1166 πρόσω
1006 1106 1041 1147 τε
1054 1073 1157 1147 οόδδν
1170 1074 1398 1164 προεκόπτετο

849 3276 900 3322 est.
919 3271 1398 3325 VideturautcmValckenarioHe-

848 3340 962 3393 rodotus
990 3342 1033 3407 (ut
1059 3357 1143 3410 saepe
1168 3343 1290 3395 humana
1313 3344 1400 3395 fuerit
1509 3338 1510 3399 i

848 3408 959 3475 passus)
973 3416 1134 3479 propterea,
1156 3414 1225 3480 qnod
1238 3413 1340 3464 Archia
1355 3415 1400 3466 fa·
1509 3406 1510 3485 }

848 3480 991 3531 miliariter
1003 3482 1180 3547 meriturus,
1197 3484 1268 3535 hanc
1281 3486 1328 3534 avi
1341 3485 1399 3536 col·
1509 3492 1510 3515 ¹

848 3549 981 3601 laudandi
1004 3557 1131 3617 captasse
1153 3554 1340 3605 occasionem:
1364 3560 1398 3606 ut
1509 3572 1510 3597 ι

849 3622 897 3686 qui
910 3621 938 3671 in
950 3620 1014 3673 aliis
1030 3623 1102 3675 idem
1114 3625 1230 3676 subinde
1246 3624 1354 3675 fecerit.

1047 3794 1112 3848 Osr.
1124 3796 1198 3848 LVI.

883 3882 922 3953 τός
935 3891 1244 3965 σφι-πολιορκέουσι]
1261 3897 1303 3948 sd
1316 3914 1397 3950 usum

846 3967 987 4034 participii
1013 3969 1041 4019 in
1064 3970 1159 4021 dativo
1182 3968 1268 4034 positi
1291 3967 1345 4019 hac
1365 3970 1396 4020 in

847 4038 986 4087 structura
998 4040 1055 4090 vid.
1064 4039 1150 4090 allata
1161 4039 1196 4089 ad
1209 4038 1343 4090 Herodot.
1355 4040 1397 4103 ΙΙ,

848 4106 1016 4172 2,ιι1ιίριο
1039 4110 1093 4171 ΙΧ,
1116 4109 1151 4160 38
1174 4109 1294 4159 scribere
1313 4108 1395 4159 debe-

847 4175 910 4225 bam
923 4177 972 4241 IX
987 4179 1035 4229 41:
1053 4148 1137 4236 ὡςδὲ
1153 4168 1382 4299 ἕνδετατη
1304 4168 1395 4244 dyspo-

849 4259 894 4295 ves
902 4236 1000 4324 ἡμέρη
1015 4238 1308 4327 άντιιιατημενοισιν

848 4328 952 4435 swas.
965 4343 1000 4353 —
1018 4318 1060 4369 Ad
1075 4309 1264 4385 προεκόπτετο
1283 4318 1357 4371 coni.
1371 4319 1396 4382 Ι,

884 4444 922 4513 ὡς
933 4444 990 4505 δ1
978 4470 994 4506 ο
1009 4444 1193 4523 ματαιότερος
1205 4445 1326 4520 λόγος
1302 4471 1395 4522 Φοβη-
