3042 5125
222 419 264 483 20
653 412 926 476 HERODO'PI

223 636 325 680 κοντα
338 613 413 706 {rsa
427 604 594 694 ἀπέθανε,
617 610 655 677 ἐν
667 619 752 675 τοῖσι
771 598 873 672 οὐδέν
887 604 921 670 σί
938 602 1023 690 μέγα
1045 595 1207 689 ἀνάρσιον
1228 603 1364 689 πρῆγμα

224 718 441 802 συνηνείχθη.
469 706 654 781 drouart-iv
673 708 711 778 (ll
729 708 785 776 καὶ
805 705 1018 795 ταριχευθεὶς
1037 701 1143 791 ἐτάφη
1159 705 1195 773 ἐν
1208 706 1283 791 τῇσι
1303 728 1363 770 τα-

224 820 308 905 φῇσι
325 820 399 907 τῇσι
414 816 452 884 ἐν
464 818 511 908 τῷ
525 817 606 907 ίρῷ,
620 811 679 893 τάς
692 807 793 890 αὐτὸς
806 806 1057 897 οἰκοδομησατο.
1081 802 1153 876 Ἐαὶ
1180 810 1361 895 Ψαμμηνί-

223 946 284 988 του
295 917 332 988 δὲ
344 922 405 986 τοῦ
414 914 568 1007 Ἀμάσιος
581 914 819 1005 βασιλεύοντος
826 910 1002 999 Αἰγύπτου
1014 908 1129 999 φάσμα
1146 914 1363 996 Αἰγυπτίοισι

223 1023 380 1110 μέγιστον
395 1024 415 1089 δ
420 1018 437 1107 η
453 1022 600 1108 ἐγένετο·
625 1015 782 1107 ὕσθησαν
796 1012 860 1102 γάρ
874 1020 983 1103 Θῆβαι
998 1017 1035 1082 ul
1056 1012 1259 1101 Αἰγύπτιαι,
1285 1009 1363 1082 οὔτε

225 1123 389 1213 πρότερον
402 1119 534 1212 οὐδαμά
547 1118 705 1192 ὑσθεῖσαι
720 1117 797 1190 οὔτε
810 1114 953 1209 ὕστερον
966 1114 1003 1187 τδ
1020 1118 1115 1207 μέχρι
1130 1120 1222 1205 ἐμεῦ,
1248 1108 1294 1195 ὥς
1307 1116 1362 1183 λί-

225 1247 322 1315 γονσι
336 1221 432 1294 αὐτοὶ
447 1232 599 1314 Θηβαῖοι.
632 1221 674 1295 οὐ
693 1221 759 1313 γάρ
774 1220 816 1311 δὴ
833 1217 928 1290 ὕεται
950 1218 990 1289 τά
1009 1217 1081 1289 dvm
1108 1223 1166 1308 τῆς
1187 1216 1363 1305 Αἰγύπτου

20 1417 26 1424 ,
113 1394 115 1397 ,
180 1325 266 1407 11τδ
281 1325 454 1419 παράπαν·
479 1325 564 1398 dati
582 1329 638 1397 καὶ
651 1325 725 1397 τότε
740 1322 896 1414 ὕσθησαν
914 1327 951 1392 αἱ
969 1328 1078 1412 Θῆβαι
1092 1321 1224 1404 ψεκάδι.
1268 1320 1363 1390 Oidl

226 1434 355 1520 Πέρσαι
369 1432 491 1500 ἐπείτε
507 1430 754 1514 διεξελάσαντες
777 1425 839 1518 τὴν
861 1425 1013 1516 ἄνυδρον
1040 1430 1148 1508 ἵζοντο
1173 1426 1275 1506 τίλας
1293 1428 1363 1493 τῶν

224 1634 336 1691 menites,
348 1632 487 1682 Amasidis
499 1630 580 1692 filius,
594 1631 654 1682 eius
666 1629 768 1681 unllam
819 1618 949 1692 οὐδαμά,
977 1634 1008 1677 nt
1019 1626 1046 1688 1,
1063 1625 1106 1676 56.
1119 1624 1162 1676 58.
1179 1625 1238 1687 111,
1258 1623 1301 1675 53.
1317 1624 1362 1674 65.

224 1702 390 1751 mentionem
403 1701 471 1751 iecit
489 1699 628 1750 Diodorus
640 1698 658 1749 l.
672 1700 702 1759 l.,
721 1700 769 1749 sed
819 1698 862 1749 88.
888 1697 947 1749 101.
964 1697 1092 1772 Vl1,‚50.
1120 1694 1200 1759 Apud
1212 1694 1324 1744 Suidam
1343 1693 1361 1744 l.

225 1771 253 1820 in
271 1770 445 1821 Manethonis
463 1769 610 1833 Excerptis
628 1768 702 1833 apud
716 1767 768 1818 Iul.
818 1767 838 1817 1.
855 1767 993 1816 invenitur
1009 1761 1128 1828 ουδαμη.
1149 1763 1316 1838 ιδοθινοῐςΙι.
1335 1764 1363 1813 in

224 1838 385 1889 Africanum
406 1838 473 1904 (vid.
487 1836 606 1902 Syncell.
620 1853 646 1901 p.
661 1833 709 1899 45)
722 1852 769 1886 vo·
818 1841 897 1886 textu
915 1837 980 1885 item
999 1834 1111 1899 reliquit
1123 1831 1250 1898 ουδαμά,
1271 1833 1319 1883 sed
1334 1835 1363 1882 iu

224 1913 304 1958 catur
319 1907 540 1972 Ψαμμεχερίτης,
556 1906 669 1956 ultimus
683 1905 769 1968 dyna—
820 1906 886 1956 Lex.
902 1904 1004 1955 Herod.
1018 1921 1041 1955 s.
1055 1919 1082 1954 v.
1095 1902 1209 1954 alteram
1227 1918 1362 1954 commen·

225 1976 296 2027 stiae
309 1977 456 2028 vicesimae
469 1981 566 2027 sextae
580 1992 643 2039 rex,
661 1976 708 2040 qui
720 1991 769 2025 aex
818 1975 867 2024 dat
881 1974 1052 2038 scripturam.

225 2051 333 2096 tanturn
359 2062 466 2097 meuses
490 2047 633 2111 imperium
668 2046 768 2107 tenuit,
850 2035 986 2121 deducar
1006 2035 1038 2090 οιί
1053 2038 1146 2107 Θῆβαι
1169 2032 1283 2104 ψεκάδι]
1305 2048 1363 2104 rpu-

224 2130 293 2180 quos
307 2114 416 2167 eosdem
425 2117 451 2168 ei
461 2116 543 2166 etiam
554 2113 709 2166 Herodotus
719 2115 770 2163 tri·
819 2111 885 2161 ιιαδι
898 2110 1167 2172 offeruntltlediceus,
1177 2109 1361 2172 Florentinus,

223 2184 284 2234 buit
298 2185 412 2246 111,14.
441 2186 474 2234 In
486 2185 669 2235 monumentis
680 2185 769 2248 Aegy·
820 2180 1033 2242 alii38ancrofti
1044 2179 1121 2241 liber,
1132 2180 1191 2229 bini
1204 2180 1306 2232 Parias.
1319 2187 1362 2229 at-

225 2255 343 2317 ptiorum
356 2253 437 2304 huius
449 2253 521 2317 regis
536 2269 632 2304 nomeu
650 2269 679 2303 se
693 2254 768 2302 invo-

224 2324 299 2372 nissc
313 2328 397 2385 negat
409 2322 542 2372 Rosetliui
554 2321 572 2372 1.
585 2322 603 2371 l.
616 2338 641 2387 p.
654 2321 768 2376 lauret

224 2392 253 2441 in
267 2395 386 2452 statuae,
401 2405 470 2455 quae
484 2390 512 2440 in
526 2407 619 2441 museo
631 2392 767 2441 Vaticano

224 2466 399 2521 asservatur,
430 2459 607 2525 inscriptione
632 2458 767 2525 hierogly-

223 2526 315 2594 phica,
326 2527 377 2580 hoc
387 2543 483 2579 nornen
493 2545 522 2580 se
532 2529 666 2595 reperisse
676 2535 767 2595 putat,

225 2598 298 2664 quod
310 2605 338 2648 et
350 2601 438 2663 ipsum
451 2600 578 2650 Prometilr
588 2599 682 2651 fucrit.
697 2600 766 2650 add.

223 2668 348 2718 Bunsen:
364 2669 467 2733 Egypts
483 2668 565 2719 Place
579 2669 607 2718 in
620 2668 767 2720 Universal

222 2736 366 2802 Historyl.
379 2753 407 2803 p.
416 2737 476 2795 605,
483 2737 544 2799 631,
558 2738 603 2788 ubi
617 2745 700 2788 notae
710 2739 767 2790 hie-

222 2804 399 2872 roglyphicae
420 2807 491 2872 regis
511 2823 608 2859 nomen
623 2808 766 2860 declaran-

223 2881 265 2927 tes
279 2875 450 2928 exhibentur.

231 2968 235 2975 ·
258 2935 289 2994 ίν
303 2948 375 2995 τοῖσι
388 2937 473 2996 οὐδέν
483 2937 513 2995 ol
525 2940 594 3011 μέγα
608 2936 744 3010 άνάροι
754 2975 767 2984 -

222 3027 263 3062 ον
283 3012 398 3081 πρῆγμα
411 3012 598 3080 συνηνείχθη]
632 3016 766 3079 Scripsie

223 3084 340 3134 Sancroi
342 3085 362 3134 ti
374 3084 442 3134 libro
453 3082 627 3148 συνηνείχθη
634 3100 683 3150 pro
692 3083 766 3148 vulg.

222 3150 392 3217 συνενείχθη
403 3153 537 3218 probante
542 3152 659 3204 Bredov.
668 3169 695 3218 p.
706 3152 767 3204 300.

222 3210 308 3269 odilla
324 3213 464 3286 ἀνάρσιον
481 3219 597 3286 πρῆγμα
609 3219 653 3272 hic
672 3221 765 3272 valet:

221 3292 257 3340 nil
268 3292 341 3349 mali,
355 3293 391 3341 nil
402 3293 560 3351 incommodi,
580 3294 649 3342 natta
665 3295 767 3343 colmar·-

220 3368 269 3409 αα.
307 3358 375 3408 Inde
398 3360 520 3425 graviori
541 3374 623 3410 sensu
640 3351 766 3424 άνάρσια

221 3432 285 3478 sunt
301 3428 385 3478 etiam
396 3445 440 3480 rer
454 3430 587 3494 indiprrac,
601 3430 671 3480 laad
678 3430 766 3492 seren—

220 3498 283 3557 dae,
304 3502 335 3547 ut
354 3497 383 3560 1,
403 3497 461 3549 114.
483 3500 517 3561 V,
534 3497 578 3549 80.
591 3496 634 3549 90.
647 3500 701 3561 IX,
720 3499 764 3550 37.

224 3564 288 3642 rto„
316 3565 396 3631 Apud
418 3567 565 3618 Homerum
588 3567 765 3619 inveniuntur

220 3624 391 3698 άναρσιοι
409 3624 513 3700 ἄνδρες
530 3636 630 3702 Odyss.
651 3639 689 3702 X,
702 3638 762 3690 450.

220 3702 276 3767 xi,
294 3704 356 3755 401.
375 3704 408 3755 11.
426 3705 526 3767 XXIV,
539 3705 606 3769 365,
622 3708 669 3771 qni
683 3703 764 3759 πσλέ·

218 3786 277 3835 μιοι
304 3771 477 3838 explicantur
502 3775 536 3826 ab
564 3776 709 3840 Apollonio
736 3779 763 3827 in

218 3841 312 3893 Lexic.
326 3842 464 3895 Homeric.
475 3860 510 3925 p.
528 3844 576 3896 123
590 3845 718 3900 εδ.’,Το11.
730 3876 763 3884 -

217 3910 332 3976 Inseqq.
345 3906 643 3978 olnodoprpoarovalet:
652 3920 765 3967 construi

217 3982 329 4098 irrisero:
341 3998 364 4032 s.
376 3986 545 4035 construenda
555 3983 705 4051 (sepulcra)
719 4002 763 4035 ca-

217 4063 310 4097 νονενα
324 4088 329 4099 .

252 4107 341 4181 ίτάφη
355 4106 387 4165 ἓν
399 4116 460 4185 τῇσι
473 4117 577 4188 ταφῇσι
589 4138 614 4171 ιι.
627 4138 649 4171 τ.
667 4120 703 4189 t]
718 4123 762 4173 Tu

215 4183 271 4234 vid.
283 4183 326 4247 Π,
341 4184 401 4237 160.

250 4244 386 4318 ὕσθησαν
396 4247 450 4320 γάρ
461 4253 553 4323 Θῆβαι
563 4275 580 4308 ιι
596 4275 619 4309 τ.
630 4259 664 4325 1.]
680 4262 759 4313 Cous.

215 4321 316 4372 Suidas
329 4340 351 4373 s.
363 4339 389 4374 v.
401 4315 563 4390 βουλήσεται
575 4334 603 4378 et
615 4321 758 4395 detineor.

153 4404 159 4425 ·
216 4392 258 4441 Tu
272 4391 334 4442 vide
348 4406 417 4457 quae
430 4393 547 4446 diximus
560 4399 595 4447 ad
608 4399 630 4462 I,
649 4400 758 4465 10311,

818 2267 871 2317 qne
882 2251 1008 2302 Eustath.
1020 2250 1056 2299 od
1065 2250 1180 2314 Dionys.
1189 2250 1361 2315 Peneum,

820 2322 866 2386 qui
878 2320 950 2371 huuc
962 2320 1050 2371 locum
1063 2317 1155 2368 affert:
1172 2309 1295 2378 ψεκάδι.
1329 2320 1361 2370 ln

818 2389 917 2441 Aldina
931 2389 1046 2454 aliisque
1060 2387 1137 2437 libris
1147 2386 1253 2452 aliquot
1268 2392 1362 2439 exstat

818 2451 960 2522 ψεκάοι.
993 2457 1125 2523 Equiden
1140 2457 1255 2509 Bredov.
1269 2473 1297 2522 p.
1313 2458 1362 2509 136

817 2533 928 2579 secutus
951 2544 1010 2580 cum
1028 2534 1142 2578 recentt.
1156 2525 1218 2578 edd.
1232 2526 1294 2578 dedi
1311 2535 1361 2589 ψε-

817 2589 899 2661 κάδι,
924 2600 948 2648 si
963 2598 1070 2664 quidem
1085 2598 1170 2648 torma
1188 2597 1270 2661 lraec,
1287 2597 1361 2663 apud

817 2667 993 2732 Aeschylum,
1019 2667 1243 2733 Aristophanem,
1275 2667 1361 2731 alios,

817 2738 907 2799 obvia,
918 2738 1012 2802 utique
1022 2737 1108 2802 magis
1118 2737 1232 2801 antiqua
1244 2737 1362 2799 videtur,

817 2812 848 2857 ut
860 2811 1021 2857 monuerunt
1030 2807 1191 2871 interpretes
1201 2807 1236 2856 ad
1246 2807 1361 2857 Moerid.

818 2893 844 2941 p.
860 2878 912 2929 410
923 2876 965 2926 ed.
982 2877 1068 2928 Pisrs.
1083 2876 1163 2928 Conl.
1176 2877 1259 2926 ctiam
1272 2876 1361 2926 Blom·

817 2945 887 2997 tield.
908 2946 942 2995 ad
963 2944 1087 3011 Aeschyl.
1105 2946 1263 3011 Agamemu.
1284 2946 1360 2996 1512.

816 3031 844 3079 p.
862 3014 920 3067 138.
951 3014 1144 3081 intelliguntur
1161 3021 1252 3065 auteur
1270 3016 1361 3066 imbres

817 3094 916 3145 tenues,
954 3085 981 3134 ui
993 3083 1099 3136 Aelian.
1116 3086 1150 3136 N.
1165 3088 1195 3135 Α.
1209 3085 1261 3147 v1‚
1275 3085 1306 3134 41
1321 3084 1361 3133 di·

817 3159 916 3204 cuntur
931 3100 1045 3219 άανίδες
1057 3152 1162 3204 λεπταί.
1190 3155 1232 3204 Τα
1245 3153 1301 3205 vid.
1315 3154 1359 3203 Ia-

817 3223 882 3274 cobs
902 3223 979 3274 adh.
999 3223 1019 3275 1.
1038 3239 1102 3290 pag.
1120 3225 1171 3276 228
1189 3229 1216 3274 et
1228 3223 1359 3275 Crenzerz

816 3293 870 3342 Βία
881 3292 1014 3344 altathen.
1030 3293 1137 3345 Gefrlss.
1150 3309 1212 3359 pag.
1226 3295 1269 3345 55.
1288 3293 1359 3344 Αδδ.

816 3362 955 3427 Aristoph.
967 3363 1032 3413 Pac.
1045 3363 1091 3413 121
1104 3362 1171 3428 ibiq.
1182 3362 1359 3415 Schottt'es-

816 3430 865 3481 sel.
884 3438 1025 3495 praeterea
1042 3433 1111 3483 citat
1123 3432 1264 3484 Plutarch.
1277 3433 1315 3483 11.
1330 3447 1359 3498 p.

816 3500 867 3551 500
887 3501 917 3551 C.
930 3501 1071 3553 Heracliti.
1092 3501 1210 3568 Allegor.
1230 3519 1293 3569 pag.
1307 3504 1360 3554 466

816 3574 844 3619 et
862 3570 991 3621 Aristidis
1010 3570 1097 3622 locam
1112 3573 1140 3622 in
1153 3574 1281 3639 Aegyptt.
1294 3587 1358 3638 pag.

814 3638 867 3690 330
886 3656 908 3690 s.
927 3641 960 3693 Τ.
979 3641 1031 3691 111.
1046 3657 1073 3706 p.
1093 3642 1144 3693 567
1156 3640 1206 3708 [11.
1227 3658 1291 3709 pag.
1306 3644 1359 3694 440

814 3707 967 3788 Diudors.]:
989 3703 1027 3758 ἔτι
1045 3708 1142 3760 τοίνυν
1160 3707 1209 3761 καὶ
1227 3707 1262 3760 τά
1281 3703 1357 3760 κάτω

814 3774 865 3843 τῆς
878 3773 1016 3856 Αίγυττου
1028 3776 1161 3861 λαμπρῶς
1167 3771 1301 3838 πολλάκις
1312 3769 1358 3831 ὗε-

813 3862 867 3896 ται·
893 3845 1003 3911 ψακάδι
1020 3841 1071 3912 μὶν
1089 3865 1143 3915 γαρ
1158 3847 1207 3900 καὶ
1219 3839 1277 3900 ἅνω
1291 3850 1358 3900 ποί-

814 3907 894 3974 λάιιις
905 3908 940 3974 ὠς
954 3908 984 3966 la
997 3910 1118 3984 χρόνοις,
1131 3909 1200 3969 dett
1209 3910 1274 3984 τάχε
1285 3912 1359 3986 πρὸς

814 3977 958 4067 θαλάττης
970 3983 1018 4035 καὶ
1032 3979 1103 4037 κατά
1121 3980 1281 4055 συνήθειαν
1291 3990 1357 4039 πολ-

814 4052 853 4121 λῷ
866 4055 915 4119 (sc.
929 4053 1000 4124 υετῷ
1014 4047 1113 4123 ὕεται).
1147 4059 1189 4109 Ad
1202 4060 1289 4125 ipsum
1303 4059 1358 4110 1οοί

813 4131 1002 4190 argumentum
1014 4127 1082 4178 iacit
1095 4143 1202 4194 quoque
1218 4129 1357 4180 Diodorus

814 4193 843 4256 1,
863 4194 895 4244 10
915 4196 1069 4262 Aegyptum
1086 4204 1117 4248 ut
1138 4198 1282 4264 plurimum
1299 4199 1357 4264 plu-

811 4263 873 4314 viae
899 4270 1036 4330 expertem
1061 4282 1121 4318 esse
1143 4268 1282 4320 scribens:
1310 4269 1357 4320 ubi

810 4334 884 4385 conl.
900 4335 1076 4402 Wesselingii
1087 4342 1146 4388 not.
1179 4339 1273 4404 Neque
1284 4354 1357 4389 nunc

810 4402 890 4453 aliter
915 4404 966 4455 lroc
986 4420 1016 4456 se
1033 4406 1148 4468 habere,
1168 4423 1211 4457 res
1232 4414 1275 4458 est
1288 4410 1356 4459 satis

220 4460 317 4513 1314.
344 4458 408 4514 Mox
422 4479 437 4513 e
450 4463 758 4539 Florentinoedidimus
808 4478 889 4525 nota:
910 4473 979 4526 adeo
997 4480 1042 4540 ut,
1062 4477 1169 4543 quando
1188 4479 1311 4542 accidat,
1325 4484 1356 4528 ut
