3042 5125
293 409 565 473 exeussus
588 412 636 473 vr
657 411 724 472 aa
746 411 1004 474 nnsooon.
1026 414 1092 490 ΠΙ,
1113 424 1174 478 no.
1238 413 1298 474 aar

525 915 851 996 EXOURSUS
877 919 934 995 VI

434 1060 518 1167 Aa
543 1103 835 1170 annosos.
868 1105 938 1190 111,
965 1109 1034 1169 no.

664 1281 791 1290 .-

610 1401 658 1457 De
689 1402 858 1475 Grypbia

251 1534 382 1589 Fabulam
398 1535 432 1588 de
447 1535 578 1605 gryphis,
603 1554 683 1608 quarn
697 1537 857 1590 Herodotus
879 1541 907 1589 et
929 1536 1055 1590 hocloco
1077 1541 1105 1591 et
1123 1538 1178 1607 IV,
1199 1542 1241 1594 13.
1258 1543 1301 1610 27,

162 1621 215 1675 ubi
235 1620 263 1673 in
281 1621 445 1688 Scytharum
468 1621 648 1691 discriptione
668 1615 734 1683 τούς
753 1615 965 1691 χρυσοφύλακας
987 1623 1094 1691 γρῦπας
1115 1632 1304 1679 commemorat

164 1724 224 1759 una
238 1722 298 1759 cum
312 1705 516 1775 Arimasporum
533 1724 587 1759 uno
606 1708 684 1759 oculo
700 1707 886 1777 praeditorum
902 1715 995 1774 gente,
1018 1708 1107 1761 obiter
1120 1715 1224 1763 tantum
1239 1711 1302 1763 atti·

162 1792 222 1861 git,
240 1791 312 1844 haud
327 1791 385 1844 scio
408 1809 442 1843 un
458 1792 565 1868 earn-ob
580 1808 703 1861 causam,
726 1793 801 1862 quod
823 1809 918 1845 avero
934 1791 1082 1845 abhorrere
1099 1793 1241 1848 videretur
1256 1813 1303 1864 pa-

164 1876 204 1930 tri
221 1876 372 1944 historiae,
388 1875 516 1945 pluribus
532 1878 672 1930 enarravit
688 1876 799 1929 Ctesias
815 1877 909 1948 (Indd.
926 1882 951 1942 s.
971 1880 1000 1930 ll
1018 1884 1047 1930 et
1059 1878 1131 1947 apud
1144 1878 1250 1932 helian.
1266 1879 1303 1931 N.

163 1960 199 2015 Α.
214 1960 270 2028 Ν,
287 1963 348 2028 27),
365 1980 380 2014 e
396 1979 450 2031 quo
468 1962 588 2031 proiecit
604 1962 730 2015 Philode
751 1961 868 2014 animali.
884 1962 1030 2031 propriett.
1048 1968 1072 2015 2.
1090 1981 1118 2032 p.
1136 1966 1167 2016 15
1181 1982 1260 2035 seqq.
1277 1972 1306 2017 et

163 2045 239 2099 Pliu.
255 2046 291 2099 H.
310 2045 347 2096 Ν.
364 2047 433 2113 Vll,
456 2051 481 2098 2.
510 2048 641 2117 Gryphos
663 2064 759 2100 aurum
775 2046 939 2100 effodientes
957 2046 1070 2117 Solique
1085 2058 1260 2102 consecratos
1275 2050 1303 2102 iu

165 2131 249 2184 India
263 2130 379 2183 collocat
393 2129 578 2185 Philostratus
596 2133 649 2185 Vit.
666 2132 793 2202 Apollon.
810 2132 852 2187 ΙΙΙ
860 2170 867 2198 ,
883 2134 927 2184 48.
943 2149 969 2200 p.
986 2134 1044 2199 134,
1061 2132 1110 2202 qui
1124 2132 1194 2185 idern
1208 2132 1260 2198 Vl,
1278 2137 1303 2191 1.

165 2236 194 2286 p.
205 2219 257 2271 229
271 2214 417 2269 ed.01ear.
427 2224 614 2269 commemorat
626 2217 732 2287 γρῦπας
744 2209 839 2270 Ἰνδῶν
845 2214 894 2270 καὶ
906 2210 1203 2287 μύρμηκαςΑἰθιύπων
1217 2235 1304 2288 aeque

164 2295 387 2371 χρυσοφύλακας.
421 2301 475 2354 Sed
497 2301 578 2370 longe
600 2308 663 2354 ante
678 2302 848 2355 Herodotum
865 2302 899 2354 de
919 2302 1035 2372 gryphis
1055 2302 1192 2356 cecinerat
1206 2303 1306 2356 Hesio-

167 2388 238 2455 dus,
262 2390 335 2439 teste
353 2386 506 2439 Scholiasta
523 2387 556 2438 ad
573 2386 701 2455 Aeschyl.
721 2386 861 2440 Prometh.
883 2388 935 2441 783
957 2384 1032 2456 (περὶ
1050 2388 1164 2456 γρυπῶν
1179 2380 1307 2449 Ἠσίοδος

167 2473 278 2542 πρῶτος
291 2465 514 2543 ἐτερατεύσατογς
531 2489 582 2525 nec
598 2489 758 2542 quemquam
773 2471 886 2540 fugiunt
897 2470 1049 2541 Aeschylea
1064 2473 1093 2525 in
1104 2473 1242 2526 Prometh.
1253 2475 1302 2526 781

169 2556 220 2629 (al.
230 2556 297 2625 803)
311 2576 401 2628 seqq,
412 2556 458 2610 ubi
474 2557 504 2609 lo
514 2556 675 2612 admonetur
687 2576 786 2611 cavere
797 2564 825 2610 et
835 2557 951 2626 γρῦπας,
962 2575 1032 2628 quos
1043 2549 1213 2628 ὀξυστόμους
1219 2550 1309 2628 Ζηνὸς

168 2636 301 2712 ἀκραγεῖς
311 2638 399 2704 κύνας
412 2649 493 2695 vocat
507 2643 600 2711 podta,
617 2650 645 2695 et
660 2644 836 2712 Arimaspos,
853 2638 902 2697 τόν
916 2660 945 2697 τε
963 2644 1100 2712 μουνῶπα
1114 2638 1230 2714 στρατὸν
1242 2637 1309 2712 ’Δρι-

168 2722 281 2798 μασπύν
296 2720 479 2799 ἱπποβάμον’,
496 2725 523 2781 οἳ
538 2722 723 2798 χρυσόρρυτον
743 2724 870 2782 οἰκοῦσιν
884 2720 957 2797 ἀμφὶ
978 2729 1054 2798 νᾶμα
1069 2723 1236 2791 Πλούτωνος
1256 2722 1309 2782 πό-

169 2832 237 2883 ρου,
257 2830 312 2883 quo
330 2814 358 2865 in
373 2813 432 2865 loco
445 2812 536 2865 eadem
552 2813 649 2866 subest
664 2813 831 2881 significatio
847 2813 909 2866 auri
923 2813 952 2865 in
968 2814 1232 2882 septentrionalibus
1249 2814 1308 2884 pla-

171 2899 215 2967 gis
232 2897 336 2966 copiosi
359 2905 387 2951 et
408 2915 423 2949 a
440 2900 550 2969 Gryphis
566 2901 767 2969 Arimaspisque
782 2898 921 2950 custoditi.
962 2899 1023 2951 Nec
1038 2898 1149 2967 mirum,
1171 2899 1200 2951 in
1216 2900 1309 2951 eadem

171 2982 301 3050 Aeschyli
316 2983 409 3036 fabula
420 2983 559 3036 Oceanum
569 2984 676 3053 grypho
690 2989 797 3035 vectum
808 2982 836 3034 in
852 3000 960 3036 scenam
975 2983 1101 3052 prodire:
1118 2984 1174 3037 vid.
1190 3001 1233 3036 vs.
1247 2986 1307 3050 284,

171 3068 238 3139 ibiq.
255 3068 347 3120 Schol.
382 3068 459 3121 Alios
479 3067 593 3120 aliorum
608 3069 772 3138 scriptorum
787 3073 916 3137 posterae
930 3068 1054 3139 inprimis
1070 3069 1169 3121 aetatis
1184 3067 1260 3121 locos
1275 3067 1309 3120 de

173 3152 288 3222 gryphis
310 3154 437 3223 proferre
458 3170 512 3205 non
535 3154 648 3220 attinet3
670 3153 726 3206 vid.
748 3153 826 3205 modo
844 3152 988 3206 Voelclrer.
1004 3152 1093 3222 Myth.
1110 3153 1267 3223 Geograph.
1284 3151 1308 3204 l.

173 3257 200 3309 p.
217 3241 266 3292 186
283 3243 339 3290 not.
357 3240 406 3293 156
422 3245 449 3290 ct
464 3238 565 3290 dudum
583 3243 663 3290 antea
680 3238 777 3291 Comes
792 3236 830 3289 ill.
846 3237 880 3291 de
895 3237 1042 3291 Veltheim:
1060 3238 1230 3291 Vermischte
1241 3238 1309 3291 tuf-

175 3324 251 3376 sdtze
273 3326 360 3393 („von
384 3323 435 3376 den
460 3322 685 3392 goldgrabenden
700 3322 829 3376 Ameisen
851 3323 909 3375 und
924 3323 1038 3377 Greil'en
1059 3323 1108 3376 der
1128 3323 1229 3377 Alten“
1248 3323 1304 3376 vid.

175 3425 260 3478 supra
274 3408 307 3459 ad
322 3407 426 3461 Herod.
442 3407 501 3477 ΙΙΙ,
520 3408 689 3476 102)T.11.
711 3425 775 3477 pag.
792 3410 841 3462 267
860 3426 954 3478 seqq.,
973 3408 1020 3461 ubi
1037 3425 1140 3462 omnem
1156 3410 1226 3461 banc
1247 3426 1311 3463 nar-

176 3494 307 3546 rationem
321 3493 356 3545 ad
376 3493 438 3546 auri
457 3493 585 3546 lotionem
606 3495 694 3546 refert
717 3493 745 3544 in
768 3492 888 3545 desertis
904 3492 974 3543 Cobi
999 3493 1083 3561 (quae
1099 3493 1160 3562 ipsa
1176 3510 1233 3545 eam
1249 3494 1309 3546 fere

175 3578 314 3646 regionem
333 3584 468 3646 tangunt,
498 3579 526 3631 in
552 3595 606 3648 qua
627 3577 727 3646 gryphi
743 3575 924 3646 probabiliter
945 3574 1142 3645 collocantur),
1164 3594 1234 3646 quae
1250 3576 1312 3629 olim

175 3664 247 3715 facta
259 3663 344 3716 luerit
360 3663 494 3733 hodieque
514 3664 562 3715 liat
578 3681 629 3731 ope
650 3662 785 3715 hominurn
802 3676 995 3727 seruorumve,
1020 3659 1068 3730 qui
1087 3661 1132 3713 vel
1152 3660 1223 3713 bello
1238 3661 1312 3731 capti

176 3748 235 3818 vel,
256 3766 314 3801 cum
336 3748 402 3819 quid
419 3747 616 3819 deliquissent,
638 3747 671 3799 ad
692 3748 743 3799 hoc
761 3763 831 3816 opus
846 3744 952 3797 luerint
965 3744 1052 3797 coacti
1066 3744 1223 3816 indiaeque
1238 3744 1311 3813 regi-

175 3834 228 3886 bus
244 3851 339 3886 aurum
354 3834 406 3886 hoc
419 3833 497 3886 modo
513 3833 676 3903 acquisitum
698 3831 863 3898 detulerint,
886 3829 1098 3883 studiosissimis
1120 3829 1175 3883 illis
1195 3830 1313 3901 quidem,

176 3936 210 3971 ne
226 3918 292 3988 quid
312 3919 345 3971 de
361 3919 404 3971 his
423 3920 498 3972 foras
514 3919 642 3972 efflueret
653 3918 847 3986 cognitumque
865 3915 959 3983 tieret,
981 3914 1054 3969 unde
1069 3921 1147 3968 tanta
1158 3915 1218 3968 auri
1234 3915 1314 3986 copia

176 4002 210 4055 ad
223 4003 301 4072 ipsos
316 4005 474 4057 afferretur.
504 4005 568 4067 Quo
584 4002 677 4057 eodem
691 4002 807 4056 consilio
822 4001 885 4053 illos
900 4018 982 4069 reges
1000 4001 1089 4053 omnia
1104 4000 1166 4054 vult
1179 3999 1313 4054 custodiis

176 4087 296 4141 cinxisse
311 4106 343 4141 ac
355 4089 495 4158 saepsisse
511 4088 570 4140 sive
585 4088 708 4156 ipsorum
723 4087 858 4140 hominum
875 4085 936 4138 sive
950 4103 1047 4139 canum
1060 4087 1187 4154 ferarum,
1203 4085 1314 4156 nequis

161 4173 291 4242 propius
312 4174 345 4226 ad
360 4174 415 4225 ista
436 4173 497 4225 loca
517 4172 647 4226 accedere
665 4173 795 4240 eraderet,
821 4170 890 4223 certi
912 4171 1026 4240 quidde
1048 4171 1091 4224 his
1107 4178 1313 4241 comperturus3

175 4258 295 4330 itemque
310 4257 409 4310 multas
424 4257 533 4310 rabulas
548 4257 693 4310 horribiles
712 4256 945 4326 miraculosasque
963 4257 1111 4326 sparsisse,
1133 4257 1235 4328 quibus
1250 4254 1308 4308 reli·

175 4360 246 4413 quos
264 4343 384 4396 homines
401 4343 565 4412 perterritos
583 4349 727 4410 arcerent,
746 4359 801 4413 quo
822 4342 965 4394 minusad
986 4344 1035 4395 has
1059 4342 1187 4409 regiones
1203 4337 1315 4402 accede—

174 4434 248 4482 rent.
282 4428 373 4481 Wahl.
393 4429 574 4495 (Erdbeschr.
598 4445 626 4480 v.
643 4427 755 4479 Ostind.
777 4445 804 4496 p.
820 4428 872 4480 488
896 4429 989 4496 seqq.)
1014 4428 1145 4496 Gryphos
1165 4427 1316 4494 progente

176 4513 273 4583 habet,
293 4515 374 4566 cuius
390 4514 472 4567 sedes
484 4514 511 4566 in
527 4513 610 4566 Asiae
627 4511 854 4583 septentrionalis
874 4515 901 4562 et
919 4510 1061 4564 orientalis
1077 4508 1240 4578 regionibus
1255 4507 1316 4558 fue·

1047 4606 1113 4666 44⁸
