3042 5125
426 394 751 459 MELPOMENE.
773 397 830 459 lv.
851 409 894 463 12.
917 410 960 465 13.
1050 409 1054 416 '
1196 402 1259 466 315

139 585 249 653 ποιέων
262 589 358 672 ἔπεα,
383 581 565 657 ἀπικέσθαι
579 589 613 667 ἐς
629 582 836 677 Ἰσσηδόνας,
858 588 1106 680 φοιβόλαμπτος
1121 593 1257 684 γενόμε-

138 715 200 774 νος,
224 684 421 776 Ἰσσηδόνων
445 690 483 761 δὲ
509 686 719 780 ὑπεροικέειν
741 690 963 783 Ἀριμασπούς
988 692 1114 792 ἄνδρας
1135 725 1257 787 μουνο*

137 790 317 881 φθάλμους,
338 788 425 884 ὑπὲρ
442 793 478 864 δὲ
493 793 623 865 τούτων
644 793 721 877 τούς
734 796 991 885 χρυσοφύλακας
1005 804 1157 888 Γρύπας,
1180 802 1267 873 τούέ

136 922 195 964 των
211 895 246 965 δὲ
263 894 341 976 τούς
351 892 590 987 Ὑπερβορέους
605 897 808 989 κατήκοντας
828 903 882 971 ἐπὶ
901 901 1087 972 θάλασσαν.
1119 903 1258 986 τούτους

136 989 177 1067 όν
200 998 323 1080 πάντας
352 999 440 1090 πλὴν
461 998 710 1093 Ὑπερβορέων,
736 1001 910 1094 ἀρξάντων
935 1002 1164 1097 Ἀριμασπῶν,
1192 1011 1258 1079 αἰεὶ

135 1119 210 1173 τοῖσι
222 1102 479 1195 πλησιοχώροισι
493 1108 723 1177 ἐπιτίθεσθαι·
737 1109 794 1177 καὶ

95 1208 271 1277 2δλθόεσθαι
285 1211 323 1278 ἐκ
337 1213 393 1298 τῆς
406 1207 513 1299 χώρης
527 1206 732 1300 Ἰσσηδόνας,
756 1208 822 1281 ὑπὸ
837 1211 873 1282 δὲ
890 1208 1090 1302 Ἰσσηδόνων
1103 1215 1257 1304 Σκύθας,

134 1317 327 1402 Κιμμερίους
348 1312 385 1383 δὲ
399 1316 569 1396 οἰκέοντας
589 1315 644 1384 ἐπὶ
657 1319 699 1404 τῇ
711 1322 805 1406 νοτίη
819 1314 991 1406 θαλάσση,
1009 1312 1074 1387 ὑπὸ
1088 1323 1258 1391 Σκυθέων

132 1476 243 1532 hocloco
262 1478 328 1530 libri
345 1481 441 1546 scripti
454 1498 562 1544 omnea,
581 1498 665 1548 quan-
716 1482 914 1535 Proconneeioa
944 1488 972 1536 et
1004 1484 1041 1536 ad
1071 1487 1147 1551 ipsos
1177 1486 1256 1540 Mile-

132 1553 180 1598 tum
189 1541 502 1618 τοίο,Προκοννήσιος,
511 1552 608 1618 quibua
618 1555 665 1605 ob·
714 1552 780 1606 eice.

131 1620 281 1684 requendum
301 1635 411 1686 queque
434 1627 528 1674 censet
545 1623 662 1675 Bredov.
750 1610 963 1689 φοιβόλαμπτος
995 1617 1155 1689 γενόμενος]
1184 1626 1203 1677 i.
1232 1643 1256 1678 e.

127 1703 184 1754 pag.
195 1689 242 1741 et:
255 1689 328 1741 haec
343 1690 414 1740 enim
424 1691 562 1758 scriptura
576 1694 662 1760 magia
712 1693 810 1744 Phoebi
822 1695 919 1743 nurnine
930 1692 1050 1758 afflatus,
1066 1695 1151 1746 diuino
1168 1698 1254 1747 irretiu-

132 1758 435 1812 innanfniasevidetur.
712 1770 754 1813 ctu
764 1770 853 1814 metite.
883 1762 944 1812 Vox
955 1754 1165 1829 φοιβόλαμπτος
1181 1765 1257 1815 inve·

159 1822 255 1878 ποιέων
267 1821 352 1893 ἔπεα]
371 1830 390 1879 i.
402 1846 425 1880 e.
444 1818 662 1898 ἕτοιιοιὸς,ηυο
711 1831 787 1904 nitur
817 1829 890 1897 apud
913 1832 1085 1898 Lycophron.
1118 1848 1159 1885 ve.
1190 1834 1257 1884 1466

130 1899 282 1950 recautitnr
295 1899 398 1950 Snidae
410 1899 467 1963 1,1.,
481 1903 600 1952 carminis
612 1906 664 1968 epi·
712 1902 832 1966 itemque
856 1902 991 1952 communi
1012 1901 1102 1953 forma
1123 1894 1256 1969 φοιβόλη-

130 1969 259 2020 οἰιααιον.
289 1970 365 2019 Nam
385 1969 538 2035 Arimaepea
563 1970 663 2021 iutelli-
712 1983 783 2028 πτος
799 1970 828 2020 in
842 1968 982 2022 Plutarch.
999 1972 1056 2021 vit.
1073 1973 1195 2038 Pompei.
1210 1975 1253 2025 48.

129 2040 228 2100 guntur,
240 2037 272 2089 de
284 2038 388 2102 quibua
403 2054 464 2090 mox
477 2054 539 2103 cap.
554 2041 596 2092 14.
615 2041 661 2092 Sic
711 2054 776 2105 pag.
793 2038 845 2090 644
859 2043 886 2089 et
903 2040 932 2089 in
950 2041 1068 2106 Longini
1091 2042 1139 2106 qui
1156 2041 1256 2092 dicitnr

129 2105 259 2171 inira1V‚
277 2108 313 2159 14
339 2107 401 2160 οοΙΙ.
420 2109 453 2160 16
470 2112 566 2159 ποιεῖν
582 2102 659 2160 ἔτεα.
710 2107 780 2159 libro
794 2103 859 2174 περὶ
871 2099 924 2170 dp.
937 2113 962 2172 ξ.
978 2110 1018 2161 16.
1036 2110 1079 2160 Ad
1092 2112 1257 2162 seutentiam

129 2175 165 2225 Tu
174 2174 228 2228 vid.
242 2192 328 2242 cupra
342 2178 380 2239 11,
393 2178 427 2231 53
440 2178 533 2244 ibique
549 2183 619 2231 nott.
633 2180 661 2230 in
711 2178 796 2241 facit,
811 2179 884 2243 quod
897 2178 970 2229 inira
983 2180 1037 2243 IV,
1050 2181 1084 2232 79
1096 2179 1130 2231 de
1141 2180 1256 2232 Bacchi·

128 2245 239 2298 Eicnreu
258 2262 327 2313 pag.
341 2246 392 2299 856
405 2249 437 2299 Τ.
451 2249 473 2298 1.
502 2251 544 2300 De
558 2251 664 2302 Ιιιεδο-
712 2247 751 2300 eia
763 2248 846 2314 orgiis
856 2246 970 2314 legitur:
985 2238 1073 2314 ἡμέας
1082 2239 1098 2299 δ
1108 2241 1178 2308 θεὸς
1189 2251 1255 2314 λοιμ-

128 2315 190 2367 ullu
205 2317 258 2367 vid.
280 2321 352 2368 nott.
375 2317 412 2368 ad
428 2318 457 2381 1,
472 2318 661 2382 201.1v,27;
712 2308 806 2383 βάντι·
821 2314 875 2367 νῦν
887 2304 998 2376 aliosi
1016 2315 1127 2384 δαίμων
1143 2316 1193 2370 καλ
1206 2314 1256 2370 τὸν

127 2381 155 2434 de
165 2386 305 2452 Artiuuepie
322 2386 394 2438 conl.
407 2391 478 2439 nott.
495 2387 530 2437 ad
544 2388 598 2452 IV,
617 2389 661 2441 27.
710 2377 844 2452 ὑμέτερον
854 2384 966 2453 βασιλέα
975 2379 1121 2455 λελάβηκε,
1132 2389 1255 2457 adquam

127 2452 165 2516 323
180 2454 211 2507 de
224 2457 339 2523 Gryphie
352 2455 553 2521 disputavimus
567 2459 596 2507 in
608 2460 662 2508 Ex·

127 2537 197 2576 cnrau
210 2525 245 2576 cd
258 2526 320 2590 ΙΙΙ,
340 2525 405 2585 116;
426 2526 460 2579 de
474 2529 660 2593 Hyperboreis,

126 2593 175 2645 rid.
185 2596 297 2648 Excute.
313 2601 343 2647 et
354 2601 423 2648 nott.
439 2598 474 2648 ad
485 2598 533 2659 lv,
543 2595 587 2649 θ’).
600 2599 661 2649 Ηοο

125 2662 178 2715 loeo
189 2680 270 2716 unum
282 2665 421 2718 Ritternm
440 2665 584 2728 (Verballe
596 2683 658 2733 pag.

126 2732 180 2799 ²77)
204 2736 344 2787 excitaeae
367 2736 502 2800 sufficiat,
529 2752 661 2802 quaeren-

125 2805 186 2867 tem,
205 2821 285 2863 num,
312 2820 385 2871 quae
402 2806 509 2857 urbium
526 2806 561 2857 ad
577 2807 662 2858 Ponti

126 2886 190 2923 eram
206 2875 329 2940 Apollini
341 2879 560 2927 consecratarum
572 2876 661 2928 ieran-

126 2944 164 2991 tur
176 2944 299 3007 nomina,
324 2960 351 2995 v.
365 2961 389 2997 ο.
402 2947 497 3007 Aeaee,
517 2946 660 3012 Areopolis,

126 3013 316 3077 quodammodo
335 3016 501 3066 conveniant
519 3031 580 3066 cum
591 3017 661 3068 Iere-

125 3083 204 3134 dormn
222 3085 343 3135 nomine.
372 3085 424 3148 Qui
440 3085 510 3136 idem
528 3101 589 3152 pag.
608 3085 657 3136 281

126 3150 249 3205 Ιοιιδοοιι
260 3153 381 3205 laudans
390 3156 468 3206 iuctoe
476 3159 592 3221 pinuque,
605 3154 660 3205 bel-

125 3219 171 3269 lum
187 3223 260 3274 iatnd
277 3223 354 3274 inter
369 3223 495 3290 Gryphoc
512 3229 541 3275 et
557 3225 661 3275 Arima-

125 3304 179 3353 epoa
193 3297 317 3357 gestum,
336 3293 371 3344 de
384 3308 438 3358 quo
458 3295 588 3345 cecinerit
601 3295 660 3344 Ari-

125 3363 201 3423 utem,
217 3378 273 3414 nen
284 3361 362 3414 aliud
375 3362 588 3427 iuiaaebellum,
606 3364 661 3414 niei

124 3428 271 3493 religionum
285 3432 481 3498 antiquissime
492 3437 613 3499 tempore
621 3435 661 3484 in-

125 3501 160 3549 ter
169 3501 259 3553 Turan
274 3508 304 3553 et
319 3503 384 3553 Iran
400 3503 587 3565 commissum
606 3519 659 3569 quo

125 3568 176 3631 ipio
185 3570 300 3635 iactum,
311 3576 344 3622 nt
353 3573 459 3637 piorum
471 3573 660 3637 iustorumque

123 3636 203 3691 eelim
215 3657 230 3692 e
241 3646 322 3693 terra
332 3643 396 3693 Irau
413 3641 509 3708 pulene
520 3643 659 3695 devenerit

123 3706 147 3757 in
155 3708 258 3763 desem
272 3711 423 3777 Scythica,
431 3741 466 3751 -
486 3713 526 3763 Ac
537 3713 570 3763 de
581 3712 659 3764 iente

123 3777 325 3845 riqnnmumua,
340 3781 413 3831 unde
424 3780 548 3834 Aristeae
563 3783 659 3832 earmi-

122 3846 160 3896 nic
170 3856 360 3915 argumentum
372 3852 497 3916 petierit,
509 3866 526 3901 a
537 3851 660 3903 Milesio·

122 3931 174 3967 rum
184 3919 289 3972 colonie
300 3920 337 3971 ad
349 3921 433 3971 Ponti
445 3936 520 3971 oram
532 3921 600 3972 haee
613 3937 659 3973 ac-

122 3988 217 4051 eepiace
248 3992 362 4056 peilam
400 3990 500 4042 statuit
525 3990 660 4042 Voelcker

122 4053 309 4123 llythfflogr.
317 4059 570 4126 pac.183‚itemque
583 4061 659 4126 priua

710 2456 799 2508 lecum
810 2457 867 2509 vid.
880 2461 980 2510 notatt.
1001 2458 1044 2509 Ad
1059 2457 1172 2509 formam
1191 2476 1255 2526 χρυ-

712 2516 875 2591 σοφύλακας
888 2527 952 2582 eth.
966 2527 984 2578 l.
998 2532 1027 2580 et
1038 2528 1086 2593 1v‚
1101 2530 1134 2579 27
1146 2529 1255 2582 obviam

711 2598 783 2649 conf.
797 2602 867 2649 nott.
878 2597 914 2647 ad
924 2597 978 2661 ΙΙΙ,
989 2599 1030 2649 14.

747 2661 891 2723 οἰκέοντας
909 2657 956 2715 ἐπὶ
974 2665 1008 2732 τῇ
1021 2663 1100 2732 νοτίχ
1112 2658 1254 2735 θαλάσση]

712 2735 834 2787 Αιιειναλε
856 2751 947 2799 mare,
974 2736 1046 2802 quod
1065 2740 1257 2800 septentrionali

712 2806 784 2868 (eive
803 2804 1014 2869 mediterraneo)
1034 2807 1195 2870 opponitur,
1211 2825 1255 2858 ru-

711 2876 783 2927 brum
800 2874 856 2925 dici
867 2892 938 2926 mure
949 2876 1008 2926 eive
1018 2875 1141 2925 Oceanum
1154 2885 1255 2927 ακιινα·

711 2949 767 3008 λεια,
777 2944 930 2995 monuimus
941 2944 977 2995 ad
986 2946 1025 3006 11,
1042 2943 1100 2995 158.
1127 2945 1171 2996 Ad
1181 2946 1254 3011 quod

712 3029 787 3065 mare
800 3029 878 3064 nemo
896 3016 1040 3078 quiequam
1060 3029 1126 3066 eane
1142 3021 1255 3081 quaeret

711 3083 881 3135 Cimmerios.
896 3083 1011 3148 Caspium
1021 3101 1091 3135 mure
1101 3088 1150 3134 aut
1158 3087 1255 3138 Pontus

711 3153 831 3205 Εαωίοιιε
842 3168 895 3219 quo
909 3154 996 3204 minue
1012 3152 1193 3219 intelligatur,
1206 3154 1254 3205 ha-

710 3223 771 3273 bita
788 3237 826 3273 ιο.
847 3222 953 3274 ratione
970 3224 1073 3275 Oceani
1093 3226 1254 3290 septentrio·

711 3291 798 3355 nalia,
818 3292 847 3342 id
861 3307 914 3344 neu
927 3292 1038 3358 linguae
1056 3293 1182 3359 impediri
1198 3295 1254 3345 exi·

711 3363 807 3413 stimat
822 3361 1032 3429 Weaaelingiue.
1054 3365 1105 3427 At,
1127 3365 1182 3416 niai
1198 3366 1254 3415 ine·

710 3437 756 3497 pte
771 3431 923 3484 fabulatum
941 3448 1000 3485 esee
1018 3433 1094 3484 dicae
1107 3433 1254 3497 Arieteam,

710 3501 756 3551 vix
777 3501 853 3552 aliud
868 3504 1053 3567 metropolita,
1072 3517 1087 3553 e
1105 3504 1182 3554 cuine
1196 3519 1254 3554 car·

710 3572 782 3621 mine
798 3570 956 3623 Herodotea
974 3573 1130 3634 fluxerunt,
1153 3572 1255 3624 intelli-

710 3655 774 3705 gere
792 3642 884 3706 potuit
899 3646 983 3707 atque
996 3644 1101 3693 Pontion
1116 3643 1253 3707 Euxinum,

710 3726 789 3776 quem
803 3709 901 3775 νοτίην
913 3702 1063 3761 θάλασσαν
1081 3711 1150 3760 dixit
1163 3726 1254 3775 respe-

709 3784 756 3830 ctu
768 3779 863 3829 habito
876 3781 958 3831 marie
969 3779 1088 3830 borealia
1099 3782 1159 3831 eive
1167 3781 1253 3831 Ocea-

709 3851 738 3899 ni
759 3848 903 3915 glacialis,
924 3864 1008 3914 eoque
1026 3849 1122 3898 maiori
1137 3849 1196 3899 iure
1214 3850 1254 3898 di-

709 3934 772 3970 cere
790 3918 897 3983 potuit,
914 3919 952 3980 ai,
973 3919 1046 3983 quod
1058 3918 1178 3983 Breiger.
1194 3918 1253 3969 Dit-

710 3987 783 4038 iicill.
801 3987 847 4038 Ae.
870 4002 932 4051 pag.
953 3987 1157 4050 incommote,
1184 3985 1253 4039 haec

709 4059 794 4107 marie
810 4057 941 4109 australis
961 4056 1112 4124 appellatio
1134 4072 1189 4108 non
1206 4059 1254 4109 uni

122 4122 148 4175 0.
165 4125 196 4177 0.
214 4128 334 4181 Mueller
351 4130 417 4180 Dor.
437 4131 460 4181 Ι.
485 4145 511 4194 p.
534 4130 659 4181 27511011
708 4126 750 4177 illi
764 4127 849 4189 mari,
869 4128 942 4192 quod
955 4127 1080 4179 Indicum
1094 4127 1153 4178 aive
1168 4127 1254 4181 Ocea-

121 4192 171 4244 ulii
181 4197 227 4248 vid
237 4203 325 4264 atque
337 4199 380 4261 et,
392 4215 445 4264 qua
458 4214 508 4250 uua
522 4201 659 4264 acceperit
710 4212 774 4247 num
787 4198 933 4249 australem
944 4197 1026 4264 vulgo
1036 4202 1151 4259 vocant,
1170 4197 1253 4250 inerit

45 4308 46 4325 ,
120 4260 285 4330 Herodotus,
301 4269 440 4319 Arieteam
452 4284 502 4319 τωο
519 4269 659 4334 accepisse
708 4265 830 4332 proprie,
841 4268 889 4317 sed
902 4273 967 4332 apta
978 4269 1075 4335 cuique
1084 4267 1162 4330 mari,
1174 4269 1253 4319 enine

120 4338 205 4397 retus,
220 4338 365 4389 aGraeeis
377 4339 458 4388 Ponti
476 4342 560 4405 atque
572 4339 659 4404 Bory-
709 4337 792 4387 eitum
819 4337 1021 4389 meridionalem
1044 4336 1093 4388 alii
1111 4340 1188 4403 eique
1211 4353 1253 4388 ee-

121 4402 218 4458 tthenie
250 4407 369 4469 accolis,
399 4407 516 4460 Milesiis
549 4409 659 4473 potieai·
708 4404 889 4470 ptentrionali
901 4408 1067 4458 contrarium
1077 4407 1198 4457 indicare
1207 4422 1254 4456 vo·

120 4485 200 4537 num3
226 4476 302 4528 unde
325 4476 452 4530 devenire
481 4479 603 4544 potuisse
624 4478 658 4529 ad
708 4475 790 4527 luerit
803 4480 909 4527 auctor.
932 4475 1159 4543 Itaquerectetle
1172 4478 1252 4527 Ponto
