3042 5125
270 394 336 460 658
707 394 974 459 HERODOTI

275 595 442 679 φορτίων,
456 584 651 676 ἀνελόμενοι
667 583 951 657 ἀπαλλάσσονται·
978 581 1022 674 ἢν
1042 584 1080 655 δὲ
1097 582 1143 675 μὴ
1158 582 1266 673 ἀξισς,
1288 585 1383 675 ίσβάν

275 720 329 774 τες
346 689 453 762 όκίσω
479 695 513 772 ές
539 687 580 761 τά
600 699 701 761 κλοῑα
720 691 893 761 κατέαται·
927 694 963 759 σί
979 688 1016 759 ἀὲ
1041 687 1287 779 προσελθόντες
1306 688 1397 760 ἀλλον

275 793 358 884 ντρός
372 786 421 866 όν
435 802 564 883 ἔθηκαν
578 793 719 885 χρυσόν,
741 798 776 874 ἐς
788 784 831 863 οὗ
844 789 889 862 ἀν
904 799 1058 863 πείθωσι.
1086 788 1238 863 ἀδικέειν
1259 793 1295 863 d'e
1311 790 1396 864 σόβε-

274 903 407 989 τὲρσνς·
434 894 512 968 οὔτε
532 895 597 988 μάρ
612 893 735 977 αὐτοὺς
754 901 816 967 τοῦ
837 900 964 985 χρυσοῦ
977 893 1162 983 ἀατεσθαι,
1186 898 1268 985 τιρλν
1286 893 1328 966 ἀν
1345 918 1397 986 σφι

273 1001 434 1092 ἀντἰσωθη
454 1007 495 1091 τῇ
516 998 591 1091 ἀξίη
617 1006 686 1072 τάν
706 1010 872 1091 φορτίων,
904 996 980 1070 οὔτ’
1002 1003 1153 1080 ἐκείνους
1174 1004 1245 1071 των
1262 1009 1398 1089 φορτίων

273 1104 440 1177 ἀτιτεσθαι
454 1103 633 1196 πρότερον,
648 1102 670 1194 ἢ
683 1100 779 1175 αὐτοὶ
792 1103 829 1174 τὸ
842 1111 981 1193 χρυσίον
993 1101 1129 1190 λάβωσι.

208 1215 268 1277 197
382 1199 486 1278 Οὗτοι
506 1212 568 1299 μέν
591 1215 672 1296 είσι,
701 1207 779 1289 τοὺς
796 1204 890 1298 ἡμεῖς
912 1215 1030 1297 ἔχομεν
1044 1200 1186 1296 Λιβύων
1209 1202 1397 1296 σάνσμάσαι·

276 1317 331 1383 καλ
358 1311 486 1383 τούτων
505 1318 541 1382 σί
558 1314 675 1382 πολλοὶ
694 1314 848 1403 βασιλέος
867 1316 929 1382 τοῦ
947 1309 1081 1399 Μήδων
1098 1307 1178 1380 οὔτε
1197 1338 1230 1380 τι
1249 1315 1314 1380 νῦν
1331 1308 1398 1380 οὔτε

273 1416 346 1487 τότε
360 1415 555 1504 ἐφρόντιζον
569 1413 680 1486 οὐδέν.
726 1415 833 1485 Τόσσν
855 1416 892 1485 δὲ
906 1423 954 1486 ἔτι
974 1421 1037 1501 ἔχω
1053 1421 1163 1485 είκεῖν
1178 1417 1257 1504 περὶ
1269 1419 1325 1503 τῆς
1336 1413 1432 1502 χιό-εει

274 1549 334 1609 ρης
357 1518 495 1608 ταύτης,
523 1516 574 1588 ὅτι
595 1523 734 1607 τέσσερα
761 1526 865 1590 ἔθνεα
885 1522 1019 1609 νέμεται
1036 1514 1161 1606 αὐτὴν,
1181 1519 1240 1587 καὶ
1259 1514 1301 1587 οὐ
1320 1521 1397 1587 τλέω

308 1677 472 1752 ἀνελόμενοι
494 1676 734 1751 ἀπαλλάσσονται]
763 1686 816 1737 Ρτο
866 1691 996 1751 utrosque
1007 1684 1091 1736 tacite
1101 1687 1243 1738 convenit
1256 1685 1398 1738 Coninott

272 1756 388 1824 vulgata
397 1747 578 1822 ἀπελόμενοι,
592 1773 665 1823 quae
674 1757 747 1807 hond
757 1756 816 1807 scio
867 1757 903 1806 ad
921 1771 983 1820 esp.
995 1755 1055 1807 201.
1080 1755 1124 1806 Ad
1141 1748 1249 1823 λάβωσι
1262 1771 1328 1808 csve
1340 1755 1399 1806 cdii-

272 1843 310 1878 sn
321 1827 442 1879 librariis
452 1825 597 1878 tribuenda
608 1829 646 1879 sit
653 1824 689 1876 ad
700 1840 817 1891 sequens
867 1827 927 1876 cias
938 1816 991 1887 ἀν,
1014 1826 1115 1891 quippe
1133 1840 1206 1890 quae
1216 1826 1314 1877 vocula
1329 1825 1397 1877 iseiie

273 1888 502 1947 ἀπαλλάσσονται
517 1896 727 1962 respicientibus
740 1894 819 1946 inde·
867 1910 900 1946 ex
912 1894 1140 1947 antecedentibus
1149 1890 1233 1959 (πρὶν
1241 1884 1279 1945 ἀν
1288 1908 1337 1957 σφι
1344 1887 1398 1945 ἀτι-

274 1982 326 2033 que
351 1966 380 2018 in
400 1981 517 2019 errorem
540 1966 679 2030 abductis,
707 1965 818 2031 reposui
868 1963 962 2032 σωθῇ)
983 1979 1045 2016 cum
1059 1965 1149 2029 repeti
1165 1964 1194 2013 h.
1212 1965 1231 2018 l.
1246 1968 1346 2031 possit,
1362 1964 1398 2016 vel

272 2052 334 2088 curn
345 2040 461 2089 recentt.
475 2035 537 2087 edd.
549 2025 730 2101 nivelonem,
745 2033 817 2100 quod
867 2033 929 2085 aliis
942 2036 971 2084 in
983 2034 1127 2086 sententiis
1138 2034 1277 2085 similibus
1290 2034 1335 2100 (σί.
1346 2050 1396 2100 cap.

271 2105 374 2157 Aldina
384 2105 548 2172 ed.praebet
557 2110 740 2172 acpraeterea
749 2105 819 2155 San·
868 2103 931 2168 1111)
944 2103 1018 2154 hand
1030 2103 1126 2154 addita
1138 2104 1289 2169 reperitur:
1307 2104 1339 2155 de
1354 2120 1396 2169 qno

273 2174 357 2227 croiti
367 2175 435 2227 liber
445 2174 547 2240 aliique
555 2175 687 2236 Parisini3
706 2173 733 2224 id
745 2175 818 2226 enim
867 2189 918 2224 orn
929 2173 1001 2225 coni.
1013 2171 1148 2224 Knehner.
1160 2174 1211 2226 Gr.
1221 2174 1269 2226 Gr.
1281 2177 1305 2239 3.
1314 2174 1368 2237 808,
1376 2176 1395 2235 1,

273 2260 356 2296 nuum
375 2244 427 2297 ioci
443 2246 597 2296 sententise
615 2244 763 2296 convenire
776 2244 819 2294 vi·
865 2241 1037 2294 Besemlein:
1052 2243 1277 2309 Untersnchnng.
1289 2243 1352 2294 iiber
1362 2243 1397 2292 die

273 2314 366 2377 detur,
396 2331 430 2365 ex
448 2330 504 2380 qua
527 2313 668 2366 discedere
688 2313 817 2364 dicuntur
867 2312 977 2365 Griecb.
994 2312 1070 2363 Medi
1086 2328 1113 2377 p.
1126 2311 1188 2365 229.
1218 2313 1282 2364 Alia
1298 2329 1330 2364 ex
1347 2313 1396 2378 ipso

272 2385 370 2436 sublato
390 2400 463 2435 auro.
498 2383 642 2435 Caeterum
659 2382 702 2434 his
725 2383 816 2436 verbis
867 2381 1007 2433 Herodoto
1019 2383 1250 2434 excitavimnsad
1264 2382 1287 2445 1,
1300 2381 1338 2434 13.

271 2454 380 2517 Noster,
392 2453 439 2518 qui
449 2453 532 2518 paulo
541 2457 606 2504 ante
616 2452 736 2504 dixerat:
749 2443 816 2509 τοὺς

273 2514 304 2571 δὲ
317 2518 531 2588 Καρχηδονίους
547 2514 683 2589 ίκβάντας
703 2514 815 2574 σκέπτε·
1028 2553 1085 2606 ΟΜ,
1108 2554 1237 2609 CXCVII

272 2590 358 2654 σθαι,
371 2592 462 2644 subito
477 2593 506 2644 in
517 2593 648 2644 directam
661 2594 815 2645 crsticnem
1087 2592 1095 2607 ⁰
1239 2594 1246 2609 ⁸

270 2662 381 2724 mansit,
392 2678 453 2713 mox
462 2662 574 2715 eandem
586 2661 729 2715 relicturus
740 2669 768 2714 et
779 2662 815 2713 ad
904 2648 1073 2736 wljotstwv
1083 2685 1119 2697 -
1133 2649 1300 2723 ἐφρόντιζον
1312 2650 1392 2721 οὐδέν]

271 2731 434 2784 indirectam
458 2732 595 2784 rediturus
616 2732 724 2783 verbis:
751 2722 814 2782 ἀδι-
864 2727 918 2777 Pro
936 2740 1000 2777 σντε
1018 2743 1044 2777 τι
1064 2725 1118 2778 νῦν
1129 2729 1236 2781 Mehler
1251 2728 1396 2779 inlinente-

271 2796 347 2851 κίειν
365 2793 396 2849 δὲ
411 2791 588 2865 οὐδετέρους·
612 2790 742 2884 οὕτεφάρ
754 2792 814 2851 αά-
864 2811 927 2862 syn.
945 2798 979 2849 V.
1001 2813 1028 2862 p.
1050 2799 1084 2849 16
1101 2797 1157 2863 legi
1178 2799 1253 2851 vult:
1278 2786 1336 2848 οὔτ’
1355 2790 1394 2845 ε’τι

271 2862 355 2929 τοὺς
374 2897 406 2908 -
426 2861 585 2938 ἀττεσθαι,
607 2898 640 2908 -
657 2862 719 2920 οστ’
745 2861 814 2921 ἐκεί-
865 2863 928 2918 von.
952 2858 1394 2933 ΔᾶΙοσσιίοοειτέφρόντιζσνσό-

272 2952 341 2998 νσος
359 2967 394 2978 -
412 2933 569 3003 ἅπτεσθαι,
593 2941 693 2993 ubine
717 2931 815 2991 αάτολ
865 2927 915 2985 δέν
925 2935 998 2987 cont.
1009 2951 1094 3003 snpra
1105 2953 1166 3004 cap.
1178 2939 1228 2989 167
1236 2938 1326 3004 ibique
1336 2938 1394 2986 nott

271 3009 379 3075 quidem
391 3009 461 3060 dixit
480 3015 592 3076 propter
608 3027 624 3061 o
644 3012 745 3076 posita,
758 3011 817 3076 opi·
864 3033 900 3042 —
916 3005 1060 3057 Caeterum
1079 3007 1122 3060 his
1138 3008 1231 3061 rerhia
1249 3008 1343 3059 Noster
1360 3002 1389 3054 ad

270 3093 335 3140 nor,
354 3066 610 3137 σάτάἀτοὺς-ο
649 3072 814 3138 ’ἐκείνους
865 3092 899 3127 ea
916 3075 1003 3138 redit,
1028 3075 1178 3144 undecep.
1195 3079 1245 3130 167
1264 3078 1388 3142 digresm

271 3146 398 3199 Tnconi.
411 3147 522 3212 similia,
534 3164 603 3214 qnae
615 3149 815 3202 notovimnssd
864 3150 938 3197 erat:
956 3135 1068 3266 Λιβύων
1083 3142 1136 3211 γὰρ
1156 3139 1191 3212 θη
1211 3142 1298 3199 ἔθνεα
1315 3134 1391 3195 zoni

269 3216 482 3281 capitoleo.
865 3206 949 3264 -τά
974 3214 991 3264 d
1026 3210 1099 3265 κλέα
1122 3209 1268 3282 ἐφρόντιζε
1285 3209 1392 3278 Δαρείου

317 3274 354 3350 ἢν
366 3278 397 3333 δὲ
406 3278 445 3351 μὴ
455 3275 544 3350 ἀξιος]
566 3286 645 3350 Quod
657 3285 738 3352 vulgo
751 3292 816 3352 post
865 3275 966 3350 οὐδὲν,
979 3287 1163 3340 narrationem
1174 3286 1297 3355 longiore
1305 3284 1393 3350 digres-

270 3344 309 3418 μὴ
331 3355 462 3406 inseritur
481 3352 525 3420 είη
545 3356 573 3405 in
593 3355 715 3421 pluribus
732 3358 813 3408 codd.
865 3356 940 3407 sione
953 3355 1133 3437 interruptam
1147 3354 1391 3419 denuosuscipient·

271 3426 411 3487 ominum,
423 3424 453 3475 id
462 3440 523 3476 cnm
533 3429 649 3477 recentt.
661 3425 723 3477 edd.
735 3428 815 3489 eieci,
865 3453 897 3461 -
908 3424 1010 3492 Scripsi
1019 3440 1125 3476 τουτων
1134 3442 1182 3491 pro
1193 3420 1342 3477 recederet
1351 3418 1391 3487 βα·

270 3509 332 3574 cnm
342 3496 495 3560 optativum
505 3497 666 3561 praegressi
677 3497 814 3560 particuli
866 3489 957 3552 σιλέσς
975 3510 1025 3561 pro
1041 3492 1184 3562 βασιλῆος.
1217 3495 1296 3548 Cont.
1306 3493 1391 3544 Strnve

270 3578 308 3629 ην
323 3569 397 3616 stare
413 3580 495 3631 posse
513 3580 617 3631 negem.
650 3565 773 3617 Weriero
786 3567 815 3618 in
865 3564 945 3629 Spec.
958 3564 996 3615 11.
1009 3580 1036 3629 p.
1050 3564 1084 3616 10
1098 3564 1232 3632 (Opnscc.
1244 3567 1280 3617 11.
1292 3581 1317 3630 p.
1329 3561 1389 3620 3361·

263 3637 344 3686 Ἀο11.
365 3634 469 3700 phiioil.
485 3636 609 3687 Menace.
625 3634 648 3685 1.
668 3650 695 3700 p.
715 3635 765 3686 103
786 3636 814 3685 in
900 3620 943 3682 ὅτι
957 3629 1070 3700 τέσσερα
1083 3628 1171 3686 ἔθνεα
1183 3629 1292 3701 νέμεται
1302 3621 1388 3694 αὐτόν]

269 3709 387 3755 mentem
399 3709 515 3756 venerat
524 3697 555 3769 έη
568 3704 629 3771 (pro
644 3700 716 3770 εἴη),
733 3706 814 3771 idque
864 3703 1003 3764 Quattuor
1013 3709 1120 3769 gentes,
1130 3706 1159 3755 in
1168 3721 1237 3771 quas
1246 3698 1389 3770 Agathoclis

267 3772 357 3838 ipsum
368 3774 440 3825 hand
450 3774 699 3840 displicuitbietth.
709 3775 755 3826 Gr.
764 3775 812 3826 Gr.
864 3777 958 3824 setate
971 3773 1063 3824 Africa
1077 3774 1130 3824 init
1140 3774 1245 3835 divisa,
1263 3777 1329 3825 terte
1336 3766 1389 3822 Val-

269 3858 295 3907 p.
308 3845 389 3906 1621‚
400 3859 563 3910 quemqnam
573 3844 600 3894 in
613 3849 690 3896 teste
700 3845 814 3895 retinnit
864 3839 1389 3906 ekenmemoratniodor.xxscfflhoe·

270 3909 323 3975 εἴη.
339 3940 375 3949 -
400 3915 441 3964 Ad
465 3914 579 3964 formam
598 3909 728 3964 κατέαται
751 3912 812 3979 (pro
863 3911 949 3975 nicee,
961 3912 1187 3979 Libophoenices,
1201 3914 1298 3977 Libyes
1307 3915 1332 3963 et
1342 3909 1387 3959 No·

268 3978 423 4047 κάθηνται,
431 3987 462 4032 ut
471 3999 531 4048 esp.
540 3984 587 4033 137
599 3977 812 4049 είρέαται)σοσ1.
862 3981 969 4044 mades3
988 3983 1060 4034 idem
1071 3983 1208 4036 Diodorus
1220 3983 1271 4044 111,
1279 3983 1311 4032 48
1322 3981 1386 4046 quet

269 4049 371 4103 Herod.
387 4051 413 4111 1,
430 4052 543 4108 199.11.
558 4053 592 4103 86
606 4057 634 4104 et
646 4052 679 4104 de
691 4052 770 4104 tmesi
784 4055 812 4104 in
862 4055 926 4102 tuor
940 4057 1037 4117 gentes
1050 4046 1180 4118 (τέτταρα
1195 4046 1275 4118 γένη)
1287 4062 1386 4102 comne-

268 4118 359 4169 verbis
378 4112 450 4182 πρὸς
469 4136 507 4168 ιον
525 4115 637 4186 ἔθηκαν
654 4123 756 4174 Herod.
774 4124 812 4184 11,
862 4126 951 4172 morat
961 4122 1093 4188 Libyam:
1109 4124 1290 4183 Nasamones,
1302 4115 1386 4169 Anchi·

268 4184 313 4234 311.
338 4189 385 4249 10,
410 4203 444 4238 ne
466 4188 552 4252 plura.
570 4218 605 4228 -
627 4191 669 4240 Ad
691 4190 725 4258 τῇ
744 4183 812 4257 ἀξίη
863 4204 924 4253 sas,
949 4190 1145 4256 Marmaridas,
1169 4194 1276 4250 Macae.
1300 4186 1384 4255 partin

268 4254 409 4320 intelligas
421 4256 487 4307 licet
501 4257 580 4324 τιμῇ,
604 4260 638 4309 de
654 4276 708 4325 qua
722 4260 812 4326 ellipsi
862 4260 1013 4325 agricolas,
1036 4262 1137 4328 partim
1159 4262 1295 4313 nomadas.
1309 4285 1338 4294 -
1357 4254 1384 4304 ΙΙΙ

267 4323 341 4375 coni.
359 4326 498 4377 Lambert.
520 4329 583 4378 Bos.
599 4329 642 4378 De
660 4328 763 4395 ellipse.
780 4331 811 4381 Ι..
861 4331 984 4396 proxime
1002 4330 1228 4383 antecedentibus
1249 4345 1295 4397 pro
1316 4317 1384 4376 τόσον

269 4394 315 4446 Gr.
326 4410 353 4461 p.
364 4396 425 4447 171.
452 4396 593 4447 indicatur
606 4401 811 4462 iraertwupretiraem
862 4391 894 4449 δὲ
904 4400 1156 4467 Schweighaeuser.
1174 4402 1321 4468 suspicatus
1335 4393 1383 4446 σε*

267 4467 405 4529 merrtem,
419 4468 491 4533 qnod
499 4466 540 4517 ita
552 4467 653 4519 iustum
665 4484 725 4521 erse
738 4471 811 4522 inter
863 4469 1036 4523 scribendum
1049 4487 1110 4525 esse
1120 4463 1260 4522 τοσόνδε
1270 4460 1311 4533 δέ,
1322 4459 1381 4533 quod
