3042 5125
242 422 303 485 722
389 422 657 484 EXCURSUS
674 421 723 479 XI
746 421 813 479 AD
833 415 1090 478 HERODOT.
1110 417 1165 489 IV,
1183 424 1225 478 4⁶2.

242 613 368 684 piendam
383 610 570 680 regionesque
586 608 704 662 ulterius
722 608 792 661 sitas
808 607 1032 675 cognoscendas3
1048 622 1105 675 quo
1120 606 1216 658 eodem
1231 606 1310 657 modo
1324 607 1383 658 Lu-

242 697 348 749 sitanos
360 704 459 748 nautas
474 693 584 747 saeculo
596 694 699 745 decimo
716 692 814 762 quinto
827 698 891 761 post
905 691 973 746 Chr.
986 709 1013 742 n.
1027 690 1162 742 excitatos
1174 709 1237 742 esse
1250 690 1386 742 neminem

243 781 323 848 fugit.
357 781 416 832 Nec
436 780 526 832 minus
549 788 692 830 ventorum
713 775 860 829 etesiarum
879 775 1057 828 directionem
1072 792 1104 825 ac
1120 774 1252 827 fluctuum
1273 791 1387 825 cursum

242 865 394 917 Phoenices
412 863 524 917 novisse
541 869 648 914 statuas
667 878 782 914 necesse
800 868 859 927 est,
883 860 931 928 qui
954 859 1037 912 maris
1060 859 1109 910 hac
1130 858 1300 928 experientia
1319 858 1386 910 freti

243 949 362 1002 ⁴liricam
379 946 630 1014 circumnavigsudi
653 946 791 1016 inceptum
810 945 881 997 lraud
900 945 1008 999 irritum
1024 946 1085 996 fore
1103 943 1175 995 haud
1194 945 1254 996 scio
1269 960 1304 994 an
1324 944 1387 995 tue·

244 1032 300 1085 riut
316 1033 451 1085 arbitrati.
482 1031 526 1082 cf.
545 1030 629 1083 Koes.
646 1030 664 1083 l.
681 1030 699 1082 Ι.
716 1049 742 1099 p.
766 1033 806 1082 Ιθ.
826 1032 865 1082 17.
900 1028 954 1095 Ac,
974 1046 1009 1080 ne
1026 1027 1094 1097 quid
1107 1028 1241 1093 omittam,
1266 1028 1387 1079 Africam

244 1112 428 1181 admonent*)
445 1113 529 1168 multo
543 1114 668 1179 facilius,
686 1116 720 1166 ab
732 1114 848 1166 Arabico
862 1112 925 1165 sinu
941 1113 965 1163 si
978 1111 1182 1180 proficiscaris,
1201 1113 1386 1165 circumnavi-

242 1201 302 1269 gari
325 1218 407 1271 posse
429 1200 536 1268 (prouti
554 1198 707 1251 Phoenices
728 1199 808 1249 iussu
837 1196 913 1263 regis
934 1196 1063 1265 Aegyptii
1088 1195 1190 1249 fecisse
1219 1200 1387 1262 narrantur)

243 1302 349 1354 querna
362 1284 501 1336 contraria
520 1290 613 1352 parte,
631 1301 647 1333 a
660 1284 726 1336 mari
741 1282 942 1335 mediterraneo
955 1282 1080 1333 nimirum
1091 1299 1142 1349 per
1153 1281 1293 1334 columnas
1309 1281 1382 1333 Her-

243 1368 335 1421 culeas
347 1369 371 1420 si
384 1367 493 1420 itineris
508 1367 614 1419 initium
630 1367 739 1433 leceris,
756 1384 815 1418 cum
830 1366 854 1418 in
871 1364 973 1417 illaria
983 1364 1066 1417 multe
1082 1383 1151 1417 sane
1168 1384 1231 1418 esse
1243 1366 1384 1431 dicantur,

242 1469 313 1522 quae
325 1450 519 1521 expeditiorem
530 1469 563 1504 ac
578 1450 727 1504 faciliorem
741 1451 860 1509 reddant
873 1449 1092 1517 navigationem,
1107 1457 1208 1502 ventos
1223 1451 1285 1501 dico
1301 1450 1384 1501 statis

242 1535 452 1605 tempestatibus
467 1535 586 1600 flantes,
610 1536 693 1587 maris
711 1535 830 1601 fluctus,
853 1535 904 1600 iis,
927 1534 975 1604 qui
990 1541 1081 1585 terras
1099 1534 1194 1601 legant
1214 1534 1383 1601 navigando,

208 1682 213 1693 .
243 1619 321 1672 valde
339 1618 529 1689 respiciendos
548 1619 668 1689 indeque
679 1618 865 1672 Phoenicibus
877 1619 1031 1683 secundos,
1054 1617 1122 1683 alia,
1150 1635 1221 1689 quae
1238 1620 1282 1670 liic
1299 1636 1384 1687 expo-

243 1722 308 1758 nere
324 1703 443 1771 longum.

327 1789 381 1841 lam
394 1789 460 1841 baec
475 1788 503 1841 in
520 1788 679 1840 universum
689 1788 790 1841 monita
808 1782 967 1854 sufficiant}
982 1787 1084 1857 quibus
1095 1786 1248 1854 addantur,
1268 1803 1341 1858 quae
1357 1790 1384 1841 iu

242 1874 316 1925 notis
331 1872 441 1940 singule
456 1873 489 1925 ad
505 1873 566 1942 ipsa
581 1873 715 1925 Herodoti
733 1873 818 1925 verba
839 1873 891 1925 rite
904 1871 1083 1939 intelligenda
1098 1889 1130 1923 ac
1147 1872 1325 1924 diiudicanda
1343 1881 1385 1925 et-

242 1956 364 2009 tulimus.
397 1957 543 2022 „Vidimus
564 1956 615 2009 iam
636 1964 718 2028 (sunt
739 1958 823 2009 uerba
844 1956 941 2008 Koesii
969 1955 987 2009 l.
1009 1955 1026 2006 Ι.
1041 1974 1104 2024 pag.
1124 1958 1172 2022 28)
1195 1956 1300 2008 nullum
1321 1976 1386 2011 esse

242 2040 324 2093 buius
342 2041 508 2093 narrationis
530 2051 706 2107 momentum,
731 2042 806 2110 quod
823 2042 862 2093 rei
881 2048 996 2092 naturae
1016 2040 1068 2092 rite
1090 2041 1216 2108 cognitae
1236 2050 1384 2110 repugnet,

243 2124 322 2194 plura
340 2142 423 2188 vero,
440 2126 542 2194 quibus
563 2125 631 2177 insit
649 2126 692 2177 ris
708 2125 743 2178 ad
761 2125 929 2194 probandam
942 2125 981 2176 rei
1001 2132 1128 2177 narratae
1144 2143 1267 2193 magnam
1283 2128 1384 2179 uerisi-

242 2207 451 2263 militudinem.“
467 2241 495 2249 -
526 2208 698 2279 „0mnibus,
715 2226 786 2278 quae
801 2209 919 2262 alicuius
937 2209 1063 2261 momenti
1080 2209 1193 2275 luerint,
1210 2213 1385 2277 argumentis

241 2293 377 2345 adversus
402 2293 587 2346 narrationem
617 2303 738 2346 nostram
754 2293 938 2345 Herodoteam
963 2294 1004 2344 sio
1023 2292 1200 2361 perlustratis
1222 2301 1313 2361 patet,
1338 2314 1385 2348 ex·

242 2395 339 2446 presso
364 2377 520 2430 testimonio
543 2377 676 2430 historico
697 2378 820 2431 auctoris
845 2377 899 2429 lide
922 2376 1076 2444 dignissimi
1099 2395 1133 2429 ne
1148 2377 1257 2429 unicum
1274 2380 1383 2447 quidem

242 2461 358 2512 solidum
376 2469 566 2529 argumentum
584 2462 637 2514 huc
658 2479 747 2531 usque
771 2462 926 2531 oppositum
943 2460 1050 2528 fuisse,
1074 2462 1102 2513 id
1119 2479 1183 2513 vero
1206 2461 1297 2530 ipsum
1318 2465 1383 2515 nihil

240 2545 392 2614 continere,
404 2547 478 2617 quod
492 2565 546 2599 non
561 2547 600 2599 sit
611 2546 836 2600 verisimillimum
849 2545 958 2616 riteque
971 2546 1101 2614 coguitis,
1114 2546 1148 2598 de
1160 2547 1264 2616 quibus
1279 2548 1383 2615 agitur,

242 2631 410 2699 temporibus
422 2638 451 2683 et
463 2631 531 2683 locis
543 2649 660 2702 prorsus
676 2639 908 2698 consentaneum
928 2635 994 2685 adca
1009 2641 1038 2684 ut
1054 2632 1112 2684 iure
1127 2648 1181 2684 aaa
1191 2634 1278 2684 asinus
1293 2653 1383 2687 aeroas

239 2725 362 2783 putemus
384 2718 568 2770 narrationem
584 2719 713 2771 Herodoti
735 2721 768 2770 de
783 2717 875 2782 Africa
893 2718 991 2787 triginti
1004 2725 1030 2769 et
1051 2720 1121 2783 quad
1141 2718 1259 2770 acui-rit
1272 2723 1385 2772 saeculis

242 2809 305 2852 onte
324 2801 469 2854 Vaecauem
485 2803 513 2855 ai
529 2803 617 2855 Garaa
632 2802 875 2872 circumamigatm
891 2819 969 2868 quam
987 2819 1056 2867 prae
1070 2805 1103 2855 cle
1117 2803 1195 2854 buius
1209 2804 1383 2872 nauigatione

241 2889 425 2952 reseruntur.“
449 2889 527 2955 (pag.
543 2888 579 2940 30
595 2885 677 2949 ibid.)
707 2885 775 2940 Add.
794 2885 905 2936 lunkeri
924 2884 1055 2936 iudicium
1066 2885 1093 2936 iu
1110 2886 1164 2937 line
1178 2885 1382 2939 dissertationis

241 2967 314 3020 laud.
334 2986 397 3036 pag.
407 2972 459 3022 385
475 2970 519 3022 his
532 2971 626 3023 verbis
641 2970 759 3022 editum:
775 2969 900 3035 „Hiemit
915 2967 1121 3021 abschliesseud
1142 2968 1243 3036 glaube
1260 2971 1303 3021 ich
1323 2972 1380 3023 biu-

242 3050 361 3118 linglich
378 3053 529 3118 dargetban
546 3071 580 3107 zu
598 3055 700 3118 baben,
714 3053 780 3106 dass
792 3071 851 3106 roan
864 3053 1003 3105 durchsua
1019 3054 1078 3105 sich
1095 3054 1129 3104 im
1144 3053 1280 3106 lrrtlrume
1292 3056 1378 3108 belin·

241 3135 301 3199 det,
321 3153 401 3187 menn
415 3153 474 3187 man
491 3137 540 3189 der
551 3138 744 3205 Umsalriliung
755 3138 880 3205 Libyens
895 3137 981 3189 durclr
997 3137 1041 3190 die
1056 3136 1213 3190 Plroeuilter
1225 3139 1268 3190 die
1283 3141 1380 3192 Wabr-

239 3218 448 3271 scheiuliclrksit
462 3221 631 3289 abspreclren
647 3220 716 3286 will3
729 3223 795 3274 dass
812 3221 865 3274 alle
877 3222 1170 3290 Gegensnt'rilrruugeu
1187 3239 1221 3274 an
1238 3223 1298 3276 dem
1310 3233 1377 3276 star-

240 3302 292 3354 ken
310 3303 453 3355 Gewiclrte
470 3304 583 3357 innerer
598 3306 654 3358 und
667 3305 800 3358 iusserer
811 3306 942 3370 Griinde‚
956 3305 1056 3358 welche
1069 3307 1114 3359 ltir
1130 3307 1174 3358 die
1190 3306 1380 3377 Umschiffung

240 3387 389 3455 spreclren,
414 3387 454 3440 als
472 3389 619 3441 unhaltbar
635 3388 791 3454 scheitern‚
810 3390 867 3442 und
886 3390 951 3442 dass
969 3390 1053 3443 daher
1074 3391 1215 3443 Herodots
1230 3392 1378 3460 Zeugniss‚

240 3471 347 3537 Libyen
364 3472 404 3524 sei
422 3475 474 3524 aul
485 3472 582 3526 Belelrl
597 3474 646 3526 des
663 3474 844 3543 Egyptischeu
862 3474 969 3542 Kiniga
980 3475 1060 3528 Nelto
1074 3493 1126 3526 von
1140 3476 1192 3526 den
1205 3475 1379 3530 Phoenikern

241 3555 379 3608 umschifft
392 3558 515 3624 worden,
531 3558 601 3612 rolla
617 3558 783 3611 historische
796 3558 954 3625 Griltiglreit
968 3559 1066 3612 babe.“
1085 3558 1158 3611 ldem
1177 3561 1305 3612 confiteri
1319 3579 1379 3613 coa-

239 3648 301 3692 ctns
314 3640 503 3695 luitWheeler
514 3643 542 3695 in
560 3643 615 3695 fine
627 3642 830 3711 disputationis
843 3643 877 3694 de
894 3643 943 3695 lrac
957 3643 1133 3711 navigatione
1145 3644 1262 3712 eiusque
1275 3645 1329 3698 lide
1339 3645 1379 3697 in-

241 3723 355 3774 stitutae
375 3724 392 3777 l.
405 3725 421 3776 l.
438 3744 500 3795 pag.
512 3730 580 3792 345,
598 3728 722 3797 idemque
738 3726 916 3779 statuendum
928 3746 991 3780 esse
1006 3728 1105 3780 docent
1117 3729 1205 3780 Grote
1224 3727 1270 3782 ll.
1288 3730 1338 3782 ΙΙΙ.
1353 3749 1379 3799 p.

239 3809 300 3872 385,
322 3807 431 3861 Kruse:
455 3809 576 3864 Aelteste
594 3811 760 3864 Geschiclrte
782 3829 836 3862 ron
853 3810 950 3864 Indien
967 3829 1030 3880 pag.
1047 3815 1081 3866 3⁴
1100 3830 1158 3881 seq.
1181 3819 1209 3864 et
1223 3813 1268 3865 uir
1282 3812 1379 3865 doctus

241 3890 267 3942 iu
282 3889 391 3945 Africae
404 3891 591 3964 descriptione
607 3896 786 3964 (Edinbourg
798 3894 924 3948 Cabinet.
941 3897 1059 3963 Library
1068 3895 1128 3948 Vol.
1143 3896 1184 3963 ll)
1197 3914 1260 3966 pag.
1276 3900 1311 3951 43
1322 3916 1379 3968 seq.

311 4052 337 4117 *)
357 4054 434 4106 Cous.
448 4057 560 4120 Rennel.
574 4059 590 4109 l.
605 4059 624 4111 l.
637 4075 698 4126 pag.
715 4060 767 4110 693
781 4074 868 4124 seqq„
881 4061 962 4111 Koes.
978 4060 996 4110 l.
1010 4060 1028 4111 l.
1042 4076 1104 4126 pag.
1124 4062 1156 4112 lu
1166 4077 1243 4126 seqq.

711 4231 853 4239 ——q
868 4232 914 4240 ----
