3042 5125
230 382 271 443 40
662 373 931 436 HERODOTI

230 573 395 663 θαλάσσῃ.
418 571 654 662 βουλευομένῳ
669 569 711 637 δέ
722 571 757 636 os
769 570 878 653 ἔδοξε,
893 566 948 635 ἐπὶ
967 564 1030 654 μὲν
1043 567 1298 652 Καρχηδονίους
1312 589 1373 632 του

233 780 280 843 qui
302 774 435 826 Herodoti
464 772 548 824 rerba
576 771 616 822 sic
647 770 775 834 exponit:
827 785 886 820 rnrn
908 769 983 820 orbis
1003 766 1127 833 partibus
1151 765 1217 831 (111,
1238 763 1313 827 114),
1337 764 1374 814 ad

232 848 359 912 ,jemer'ts
385 847 439 896 dem
459 844 592 909 Einpanpe
613 842 659 892 des
681 839 778 889 Arabi·
828 855 895 905 quos
917 839 1065 901 Cambyses
1092 837 1144 888 iter
1169 835 1273 885 iaciens
1297 836 1374 900 quiu-

232 917 308 967 scdea
325 914 505 972 Meenbueens,
524 929 557 961 aa
574 912 629 961 dm
642 910 777 960 Iodiscden
827 913 883 959 tam
894 908 1160 972 modoviaopartem
1171 904 1374 970 explevit,cum

151 981 156 990 “
234 985 361 1043 Moere“,·
377 988 408 1033 ut
421 983 505 1047 igitur
516 984 595 1032 extra
608 981 697 1029 sinum
710 980 777 1029 dra·
828 994 856 1029 re
874 978 978 1028 infecta
996 977 1067 1042 (ΙΙΙ,
1083 977 1127 1038 25)
1144 974 1310 1026 redeundum
1332 990 1374 1025 es·

232 1055 322 1104 bicurn
332 1058 360 1104 et
369 1051 467 1102 fretum
476 1047 776 1115 BabelMandeb,quod
828 1053 879 1100 set.
903 1050 994 1111 Quare
1004 1047 1052 1097 rix
1062 1047 1184 1106 dubium,
1199 1045 1284 1110 magis
1297 1044 1375 1093 meri-

231 1123 314 1187 vulgo
326 1121 441 1182 dicitur,
461 1121 491 1169 in
503 1119 612 1170 Africae
628 1133 677 1170 ora
690 1118 778 1169 oricu-
812 1159 814 1162 .
828 1118 898 1168 diem
909 1133 1006 1169 versus
1015 1115 1302 1168 sedesMacrobiorum
1314 1129 1374 1165 esse

233 1192 294 1254 tali,
306 1207 387 1256 quam
400 1189 511 1240 Indicus
521 1190 567 1254 qui
581 1189 682 1239 dicitur
691 1188 776 1238 Ocea
829 1188 1010 1253 quaerendas,
1021 1191 1053 1236 nt
1065 1191 1138 1238 recte
1148 1186 1247 1235 statuit
1256 1185 1374 1235 Heeren.

233 1278 284 1312 nus
296 1259 384 1322 alluit,
398 1259 456 1310 sive
469 1249 486 1324 ἡ
500 1257 579 1322 υοτιή
593 1249 733 1321 θάλασσα,
746 1262 777 1307 ut
827 1257 844 1308 1.
859 1257 875 1308 Ι.
889 1273 951 1323 pag.
966 1257 1031 1318 337,
1046 1256 1097 1321 ‘qui
1110 1255 1225 1306 Cosmae
1240 1254 1374 1304 narratio-

233 1334 334 1383 Noster
344 1329 475 1395 loquitur,
486 1326 565 1378 sedes
576 1327 777 1378 Marrubiorum
829 1343 888 1377 nem
903 1328 936 1378 de
949 1333 1022 1378 terra
1032 1326 1102 1376 Susa
1114 1325 1197 1391 (quod
1211 1339 1308 1375 nomen
1318 1324 1373 1373 ianr

234 1400 406 1464 quaerendae
418 1400 483 1450 sint.
503 1397 563 1447 Hoc
575 1411 640 1447 vero
651 1411 724 1446 mars
733 1396 778 1445 In·
828 1396 934 1447 duobus
945 1401 1007 1461 post
1015 1395 1182 1446 Herodotum
1195 1393 1312 1445 saeculis
1322 1392 1375 1444 ire·

234 1471 322 1521 dicum
338 1469 385 1534 qui
399 1467 425 1516 h.
437 1468 456 1518 1.
471 1464 587 1530 intelligi
600 1480 681 1529 posse
694 1469 779 1529 negat
829 1481 915 1529 quens
934 1465 1098 1530 reperitur),
1120 1466 1180 1515 anri
1200 1464 1247 1513 iiia
1266 1463 1374 1529 quidem

234 1537 365 1600 (Bobrick
383 1534 534 1601 Geograph.
554 1535 580 1587 d.
599 1532 731 1584 Herodot.
751 1549 778 1597 p.
830 1535 925 1597 plena,
940 1535 976 1586 ad
989 1535 1059 1585 hanc
1076 1536 1109 1586 de
1119 1534 1267 1585 Macrobiis
1280 1549 1375 1583 nama-

235 1607 314 1671 227),
333 1622 394 1657 cum
408 1607 442 1656 de
454 1604 501 1655 iilo
518 1604 587 1654 mari
604 1602 778 1669 cogitandum
830 1604 931 1654 tionem
950 1604 1070 1655 referens
1083 1604 1238 1655 Macrobioe
1252 1603 1303 1656 hac
1314 1604 1376 1668 ipsa

236 1680 280 1741 sit,
294 1676 366 1742 quod
377 1676 508 1741 Libyam,
522 1674 617 1723 amari
630 1678 716 1723 totam
728 1673 778 1722 cir·
830 1673 858 1721 in
876 1677 950 1723 terra
967 1673 1001 1722 ad
1021 1689 1094 1723 oram
1113 1676 1275 1724 maritimam
1297 1678 1375 1724 extra

235 1744 549 1808 cumdatamfflerodot.
565 1741 780 1805 1V‚4a),ame-
831 1742 929 1792 fretum
948 1741 1032 1792 Babel
1054 1743 1183 1806 Mandeb,
1208 1759 1293 1808 propo
1314 1758 1373 1807 pro·

235 1817 304 1868 ridie
315 1816 450 1881 attingat,
465 1813 530 1880 quid
542 1813 596 1864 sibi
608 1812 692 1876 velit,
706 1811 780 1862 haud
832 1811 992 1862 montorium
1003 1811 1151 1874 Gardesan,
1161 1814 1188 1863 in
1200 1818 1284 1875 terra,
1294 1828 1375 1879 quam

235 1886 380 1952 perspicio.
410 1886 467 1935 Nec
479 1883 567 1948 magis
585 1886 658 1933 recte
676 1882 780 1933 vidisse
831 1898 903 1932 nunc
916 1883 1143 1940 tenentScmulr's,
1157 1882 1235 1934 sedes
1247 1883 1375 1934 habuisse

234 1957 344 2007 ridetur
359 1952 780 2018 Larcherus,quiiu'1'ab.ge0-
832 1954 919 2017 ponit.
945 1950 1006 2000 viu.
1019 1951 1102 2001 ldcen
1115 1950 1138 2012 1,
1154 1952 1178 2001 i.
1193 1967 1218 2016 p.
1233 1952 1284 2003 337
1299 1967 1374 2017 seqq.

235 2025 331 2092 graph.
345 2040 408 2091 pag.
418 2024 470 2074 210
481 2023 527 2073 hic
542 2021 575 2071 de
588 2021 705 2072 Arabico
719 2022 780 2071 sinu
831 2039 856 2086 ρ,
870 2021 935 2082 345,
956 2025 983 2070 et
998 2021 1042 2085 qui
1057 2021 1192 2070 Heerenio
1206 2021 1377 2086 adstipulan-

235 2095 350 2162 cogitat.
373 2089 779 2156 QuinexstititMaitebrun(in
833 2097 891 2153 tur,
916 2089 1002 2140 Bothe
1024 2090 1069 2140 in:
1099 2089 1237 2140 Dontscbe
1255 2092 1378 2140 Monate-

235 2163 361 2216 Nouvell.
374 2163 481 2213 Annali.
495 2163 522 2214 d.
535 2163 641 2227 Voyag.
655 2162 689 2211 Τ.
701 2162 733 2209 V.
747 2161 778 2210 P.
831 2159 930 2212 schrift
944 2159 1019 2211 17911-
1033 2159 1160 2223 11.p.185
1173 2174 1241 2223 seq,
1254 2159 1375 2210 Russell:

235 2236 272 2285 11.
292 2232 365 2284 1820.
381 2232 470 2283 Paris.
484 2248 509 2297 p.
524 2230 572 2282 361
592 2245 652 2296 sqq.
668 2234 781 2281 notante
831 2231 921 2281 Nubis
939 2235 967 2280 et
979 2228 1127 2292 Abyssinia
1144 2228 1315 2294 (Edinburgh
1328 2229 1377 2280 Ca·

237 2303 309 2366 Ca),
321 2302 365 2368 qui
378 2302 518 2351 Herodoto
531 2305 690 2351 accuratam
704 2301 781 2350 sinus
831 2299 1045 2362 hinet-Library
1059 2299 1124 2362 ΧΠ)
1142 2313 1168 2362 ρ.
1184 2300 1233 2348 117
1246 2315 1302 2364 seq.
1337 2302 1378 2348 dc

236 2372 349 2424 Arabici
368 2371 494 2420 notitiam
508 2369 594 2420 fuisso
613 2370 723 2419 omnino
736 2384 781 2419 ne·
832 2373 924 2420 rnonet
937 2369 1097 2429 Heerenins,
1112 2383 1155 2430 ea,
1170 2384 1241 2434 quae
1255 2367 1378 2419 Herodo-

236 2458 321 2507 gans,
343 2440 443 2506 quippe
461 2455 540 2503 quem
557 2437 630 2489 baud
649 2455 711 2489 raro
725 2453 781 2487 ma·
832 2445 876 2489 tus
891 2444 1013 2501 enarret,
1026 2437 1148 2489 nonnibii
1161 2443 1327 2502 exaggerata
1338 2440 1379 2487 vi·

237 2513 275 2562 ris
295 2508 426 2561 australis
444 2508 645 2574 signtmmnme
661 2524 782 2573 compro·
831 2509 889 2558 deri
902 2514 928 2559 et
939 2509 973 2558 ad
986 2508 1159 2558 excitandam
1170 2508 1378 2559 admirationem

236 2582 374 2642 henderit,
393 2580 556 2629 Heerenium
568 2584 595 2629 et
608 2578 781 2641 Larcherum,
832 2579 934 2640 efficta,
948 2579 1107 2644 praesertim
1119 2594 1179 2629 cum
1192 2594 1280 2644 aeque
1292 2595 1325 2629 ac
1338 2594 1380 2629 re·

237 2650 362 2717 quamvis
382 2648 489 2699 diverse
507 2652 673 2711 statuentes,
696 2648 782 2698 falsos

238 2737 299 2772 esse
312 2718 470 2781 contendit,
489 2719 529 2769 ita
540 2718 646 2770 scilicet
657 2718 782 2769 indicans

237 2792 272 2842 ob
297 2806 370 2852 eam,
398 2803 478 2853 quarn
496 2789 555 2855 ipse
580 2788 632 2839 sibi
655 2789 784 2839 formavit

235 2866 335 2925 mente,
342 2857 496 2925 opinionem
506 2858 539 2910 de
548 2859 735 2911 Macrobiorrun
743 2875 783 2909 sc-

236 2931 325 2982 dibus.
360 2930 399 2979 Ac
414 2928 447 2979 de
458 2928 510 2978 bac
522 2932 603 2994 gente
618 2929 729 2993 eiusque
742 2944 783 2979 se-

237 3001 317 3052 dibus
339 2998 482 3063 disputare
512 2998 636 3061 longum,
659 2998 781 3062 certique

237 3068 303 3133 quid
338 3072 461 3118 statuero
495 3081 625 3131 perquam
659 3066 781 3116 difficile.

237 3138 315 3201 Quod
333 3136 404 3188 onim
423 3136 488 3184 olim
505 3134 660 3185 Macrobioe
679 3135 713 3185 ad
733 3136 781 3185 tri·

236 3208 300 3257 bum
324 3204 460 3270 quandam
482 3204 566 3265 (nunc
587 3203 722 3254 nominari
743 3204 783 3253 du

237 3280 302 3326 cunt
317 3271 492 3339 Sbangallas)
506 3280 619 3323 auctore
631 3274 727 3335 Brucc,
739 3290 782 3323 ce·

235 3344 379 3395 leberrimo
393 3343 608 3407 peregrinatone,
623 3341 781 3403 retulerunt,

237 3414 265 3465 id
282 3414 406 3479 quamvis
420 3427 505 3476 nuper
522 3413 557 3461 ab
575 3411 669 3462 eodem
685 3410 782 3463 Malte-

237 3486 316 3534 brun.
346 3481 364 3533 1.
388 3481 406 3531 1.
429 3496 492 3546 pag.
515 3480 567 3531 360
594 3481 653 3541 (ubi
676 3483 782 3533 Macro-

236 3555 297 3603 bios
315 3551 349 3601 ab
365 3550 579 3616 Ichthyophagis
600 3551 679 3617 longe
696 3567 782 3602 remo·

236 3628 280 3673 tos
298 3621 384 3672 inisse
401 3618 495 3683 negat)
515 3620 603 3671 denuo
615 3626 781 3687 susceptum,

236 3691 336 3743 falsum
359 3690 493 3754 reperitur
518 3689 692 3741 monentibus
715 3693 782 3741 Lar-

237 3761 317 3813 chero
327 3766 355 3810 et
364 3759 510 3819 Heerenio,
524 3775 583 3809 curn
597 3760 652 3810 ista
664 3775 731 3824 gens
743 3761 782 3810 in·

237 3833 281 3882 ira
293 3831 430 3895 regionem
440 3829 588 3879 auriferam
598 3829 676 3880 Gaba
689 3834 716 3878 et
726 3831 783 3880 Nu·

235 3901 273 3951 ba
285 3899 320 3950 ad
333 3906 475 3965 utramque
487 3898 543 3949 Nili
556 3899 658 3963 ripam,
674 3904 782 3961 septon-

237 3971 352 4019 trionem
374 3983 470 4018 verens
489 3984 507 4018 a
521 3966 646 4018 Faaulda
664 3967 780 4029 habitet,

832 2650 918 2714 liqna,
933 2649 966 2699 da
979 2649 1113 2714 Cambyse
1127 2664 1196 2715 quae
1207 2648 1279 2714 apud
1293 2649 1379 2699 Hero·

832 2719 925 2769 dotum
938 2718 1074 2783 legantur,
1086 2735 1118 2768 ex
1129 2719 1322 2784 Aegyptiorum
1336 2734 1379 2768 sa-

833 2789 972 2839 cerdotum
985 2804 1031 2838 ore
1045 2789 1183 2839 fluxerint.
1204 2790 1242 2839 Ac
1257 2789 1379 2854 regionis

833 2860 920 2909 Sebae
936 2857 1039 2908 incolas
1053 2858 1134 2909 valde
1147 2874 1288 2922 proceros,
1310 2875 1379 2924 quos

833 2929 938 2979 lesaios
949 2928 1038 2988 XLV,
1057 2928 1090 2979 14
1102 2932 1305 2988 commemoret,
1324 2944 1379 2979 non

833 2998 904 3048 aiios
924 2996 1011 3048 rideri
1032 3002 1115 3062 atquo
1132 2998 1288 3048 Macrobioe
1307 2997 1379 3048 idem

832 3067 911 3117 addit
923 3083 988 3131 pag.
1000 3065 1060 3117 350.
1075 3066 1187 3118 Rennel.
1198 3067 1242 3119 1.1.
1253 3083 1317 3133 pag.
1327 3069 1379 3116 572

834 3138 860 3186 in
874 3143 963 3199 terra,
977 3151 1048 3200 quae
1065 3152 1136 3187 nnnc
1151 3137 1251 3191 dicitnr
1268 3136 1380 3201 Abyssi-

833 3207 888 3268 nia,
898 3205 1100 3256 Macrobiornm
1111 3206 1189 3258 sedes
1203 3205 1379 3257 collocandas

832 3291 893 3325 esse
904 3280 1008 3328 censet.
1039 3277 1080 3325 Ab
1095 3276 1225 3328 Hesrenii
1241 3276 1381 3326 sententia

832 3345 948 3394 discedit
957 3344 1088 3409 iioskins,
1102 3347 1149 3410 qui
1159 3347 1226 3397 baec
1236 3347 1379 3406 tractarit,

833 3412 946 3464 Travels
957 3413 1122 3480 inEthiopie
1133 3432 1157 3479 p.
1165 3414 1216 3466 307
1227 3432 1303 3481 seqq.
1316 3417 1381 3466 Ete-

833 3483 887 3532 nim
907 3483 1000 3547 procul
1020 3499 1037 3534 a
1056 3485 1122 3535 mari
1141 3500 1230 3549 neque
1248 3502 1312 3536 vero
1332 3485 1380 3534 ad·

833 3551 939 3602 modum
958 3558 1076 3604 remotas
1096 3570 1113 3603 a
1130 3555 1221 3605 Meroe
1242 3555 1309 3618 (vid.
1326 3556 1382 3605 He-

833 3622 890 3672 rod.
903 3621 941 3683 11,
955 3622 989 3671 23
1003 3623 1095 3688 ibique
1109 3624 1190 3685 nott.)
1210 3625 1381 3674 occidentem

833 3695 862 3741 et
877 3691 1016 3743 meridiam
1029 3708 1123 3743 versus
1138 3694 1217 3744 sedes
1227 3694 1382 3744 Macrobio-

833 3776 892 3810 rum
907 3761 1076 3827 quaerendas
1089 3777 1149 3813 esse
1162 3767 1256 3827 putat,
1270 3763 1317 3828 qui
1332 3779 1381 3814 no-

834 3830 925 3880 mades
946 3829 1046 3880 fuerint
1062 3832 1246 3896 potentissimi
1265 3838 1381 3884 terram-

833 3915 885 3962 que
895 3899 1040 3950 auriieram
1051 3900 1230 3963 obtinuerint,
1238 3917 1307 3968 quae
1319 3903 1380 3966 ipsa

832 3969 993 4033 cambysem
1012 3969 1047 4020 ad
1060 3971 1261 4034 expeditionem
1276 3972 1381 4022 facien-

237 4039 390 4102 etquidem
408 4037 496 4088 media
512 4038 541 4087 iu
560 4043 634 4088 terra
652 4037 745 4102 procul
764 4055 780 4089 a
833 4039 895 4089 dam
910 4041 1046 4089 excitasse
1063 4040 1152 4090 videri
1165 4046 1262 4106 queat:
1285 4042 1381 4108 itaque

237 4108 319 4165 inari,
340 4121 522 4172 necunquam
535 4107 563 4155 in
579 4106 660 4157 urbes
673 4112 780 4168 coacta,
831 4102 908 4159 circa
918 4110 1028 4159 fluvium
1042 4107 1133 4159 album
1149 4110 1234 4174 (θοὴν
1246 4116 1269 4161 et
1282 4112 1381 4174 Adrou)

237 4191 288 4225 uec
299 4176 335 4225 ad
346 4177 434 4226 vitam
445 4175 533 4241 magis
544 4175 661 4239 civitam,
674 4177 781 4242 qualem
831 4178 987 4229 Macrobioe
999 4177 1139 4229 habitasse
1154 4180 1304 4237 existimat,
1319 4182 1381 4245 qui-

236 4244 391 4295 Macrobios
405 4245 494 4310 egisse
506 4245 576 4296 satis
588 4247 708 4297 ostendit
719 4247 781 4311 ipsa
830 4248 882 4297 bus
895 4247 1011 4298 admixti
1027 4248 1126 4300 fuerint
1140 4251 1268 4301 Automoli
1283 4249 1332 4313 ilii,
1346 4249 1381 4302 de

236 4313 371 4364 Herodoti
385 4314 518 4376 narratio,
532 4314 669 4366 traducta.
692 4318 780 4367 Hero·
831 4317 929 4381 quibus
949 4318 1049 4368 Noster
1070 4318 1244 4384 supradixit
1267 4320 1313 4380 11,
1335 4319 1378 4369 30.

237 4383 296 4433 doti
305 4383 439 4433 Macrobii
451 4383 486 4434 ad
499 4399 574 4435 mars
587 4385 665 4436 sedes
678 4384 779 4449 habere
830 4387 925 4452 Neque
935 4386 1018 4437 aliam
1028 4388 1084 4439 iere
1095 4389 1261 4439 sententiam
1274 4388 1380 4452 profert

236 4452 376 4516 dicuntur,
395 4453 424 4503 in
436 4452 553 4504 maxime
566 4455 677 4507 remotis
694 4459 779 4507 terra-
830 4456 956 4508 Wbeeler
974 4456 1138 4524 Geography
1155 4457 1186 4509 of
1205 4457 1337 4509 Herodot.
1351 4473 1377 4524 p.
