3042 5125
285 386 347 449 604

716 382 987 446 HERODOTI

218 598 278 659 170
287 605 390 648 ωνται
416 567 509 646 οὗτοι
535 581 792 663 παραπλησίοισι
815 591 900 646 τοῖσι
927 579 1074 662 ἑτέροισι.
1122 579 1343 663 Γιλιγαμμίων
1364 577 1392 646 dl

286 691 417 771 ἔχονται
440 679 477 749 τὸ
500 677 582 768 πρὸς
600 681 739 767 ἑσπέρης
762 676 948 767 Ἀσβύσται.
983 669 1075 747 οὗτοι
1099 677 1135 746 τὸ
1155 674 1239 766 ὑπὲρ
1259 679 1393 769 Κυρήνης

283 789 447 868 οἰκέουσι,
477 785 531 852 ἐπὶ
551 780 728 852 θάλασσαν
747 783 785 854 δὲ
806 780 847 852 ού
869 782 1049 872 κατήκουσι
1073 778 1264 869 Ἀσβύσται·
1297 783 1329 851 τὸ
1344 781 1393 870 γὰρ

283 887 373 975 παρὰ
397 887 574 957 θάλασσαν
595 893 785 973 Κυρηναῖοι
805 889 970 976 νέμονται.
1007 883 1272 974 τεθριπποβάται
1296 887 1329 957 δὲ
1346 885 1394 956 ode

283 990 417 1080 ἥκιστα,
444 988 527 1060 ἀλλὰ
547 988 689 1079 μάλιστα
707 986 847 1077 Λιβύων
866 997 939 1059 είσί.
978 988 1100 1077 νόμους
1121 989 1157 1057 δὲ
1175 986 1253 1067 τούς
1272 995 1394 1080 πλεῦνος

284 1295 407 1361 Scylaois
419 1294 509 1346 verbis
518 1295 655 1357 convenit,
667 1294 714 1359 qui
724 1293 758 1358 (ξ.
770 1294 830 1357 108)

283 1367 494 1418 commemorstd
503 1364 598 1415 Platea
613 1363 702 1416 iusuld
712 1365 753 1415 sio
771 1380 830 1431 per-

283 1436 338 1501 git:
363 1426 498 1484 ἐντεῦθεν
521 1422 635 1498 ἄρχεται
662 1427 692 1482 τὸ
716 1431 829 1490 σίλφιον

282 1497 410 1567 φύεσθαι
420 1500 504 1583 γίρς·
519 1494 640 1568 παρήκει
651 1497 681 1552 dl
691 1492 828 1567 ύπὸΧερ-

284 1564 405 1638 ρονήσου
428 1570 476 1622 δια
501 1571 552 1638 τῆς
573 1570 725 1638 μεσογαίας
748 1566 827 1636 μέχρι

276 1634 453 1708 Ἑσπερίδων
478 1643 509 1707 (1.
528 1659 551 1693 ο.
570 1657 656 1708 usque
679 1642 715 1692 ad
733 1643 827 1708 Syrtis

281 1701 826 1779 οιαίοτεοι),παρὰγήνίγνύςστύὸιαᾳφ’

282 1776 409 1846 μάλιστα.
424 1782 548 1833 Pertinet
561 1782 613 1832 huc
630 1796 682 1846 quo
702 1796 736 1832 ue
751 1780 828 1832 Stra-

283 1852 362 1903 bonis
374 1851 451 1903 locus
461 1850 550 1902 XVII.
566 1867 592 1916 p.
605 1849 669 1902 8392
684 1796 744 1901 lou
753 1841 792 1928 ⁸d'
807 1839 826 1968 ρ

282 1913 314 1971 τὸ
327 1920 440 1983 σίλφιον
454 1915 579 1985 φέρουσα
598 1918 660 1985 (γῆ)
681 1933 764 1985 στενη
777 1935 815 1968 να

282 1985 454 2109 παραμὴκτρς
472 1985 718 2069 καὶμαρύξιηρας,
735 1986 826 2053 μῆκος

281 2053 333 2126 μὲν
345 2053 382 2118 ὡς
394 2051 428 2109 ἐπ
453 2055 504 2117 τὰς
517 2060 656 2116 ανατολας
673 2054 743 2109 lom
757 2052 826 2110 ὅσον

283 2127 405 2180 σταδίων
418 2127 529 2193 χιλίων,
547 2120 649 2203 πλάτος
670 2123 700 2178 δὲ
716 2142 826 2192 τριακο-

282 2198 351 2249 σίων
361 2188 381 2265 ἢ
391 2196 483 2265 μιαρῷ
495 2198 634 2247 πλειονων
646 2195 679 2246 τό
688 2213 717 2263 γε
729 2189 827 2261 γνωρι-

282 2282 343 2334 μον.
373 2271 469 2332 Neque
487 2267 550 2317 aliis
569 2265 637 2318 locis
655 2268 750 2319 Nostri
766 2268 825 2329 (lv,

284 2338 343 2392 173.
361 2338 399 2398 11,
414 2337 458 2389 32.
472 2335 532 2402 150)
545 2336 578 2387 de
592 2340 682 2389 minori
696 2337 770 2401 Syrti
783 2352 827 2386 co-

281 2408 365 2474 gitari
383 2421 464 2472 posse
476 2405 599 2464 credam3
614 2409 731 2458 maiorem
743 2408 827 2471 igitur

281 2493 363 2528 unam
389 2474 545 2538 Herodotus
568 2475 678 2525 novisse
703 2476 825 2527 videtur:

281 2548 314 2599 de
327 2562 379 2614 qus
390 2545 445 2597 vid.
458 2544 543 2596 Barth
554 2543 569 2594 l.
581 2545 598 2597 l.
611 2560 673 2611 pag.
686 2545 737 2598 364
749 2561 827 2612 seqq.

281 2620 361 2669 Nune
370 2621 485 2669 vocetur
498 2616 574 2667 sinus
585 2617 663 2667 Sidra
674 2632 696 2666 s.
712 2617 808 2683 δράτω.

457 2805 524 2856 Cas.
544 2804 650 2858 CLXX.

317 2912 469 2989 Ἀσβύσται]
492 2923 524 2973 ln
545 2922 597 2975 hoe
614 2937 722 2989 quoque
745 2938 828 2973 roos-

280 2992 346 3042 bulo
356 2991 502 3042 admodum
517 2994 627 3044 variant
637 2992 734 3056 scripti
747 2990 825 3052 libri3

281 3058 403 3111 nonnulli
412 3051 543 3125 Ἀσύνται,
556 3062 603 3112 elii
610 3053 742 3127 Ἀσβύται,
754 3061 827 3127 quod

281 3130 384 3193 recepit
402 3130 529 3180 Dietsch:
555 3132 584 3181 in
601 3130 760 3182 Florentino
785 3133 826 3180 in-

279 3204 398 3253 sertum.
418 3214 482 3249 num
501 3190 623 3266 Ἀσβύται
641 3200 773 3264 scriptum
787 3201 825 3250 sit

280 3283 316 3317 an
335 3257 467 3318 Ἀσύνται
510 3268 589 3330 Quod
613 3267 737 3333 equidem
761 3269 826 3320 dedi

279 3327 432 3402 Ἀσβύσται,
454 3353 487 3388 ex
500 3336 600 3387 Aldina
619 3339 698 3388 fluxit
715 3344 744 3388 et
757 3338 825 3388 San-

279 3407 360 3457 erolti
370 3407 440 3458 libro
449 3405 625 3457 confirmatur
639 3413 722 3472 atque
735 3422 752 3457 a
762 3407 824 3459 Ste-

279 3477 369 3539 phano
387 3477 558 3542 Byzantius,
575 3477 622 3539 qui
640 3476 709 3527 haec
725 3477 822 3528 habet:

278 3538 421 3627 biclinium)
436 3536 516 3603 πόλις
530 3534 634 3613 Λιβύης
649 3541 697 3594 καὶ
715 3535 822 3597 ὑπολί-

278 3634 328 3682 της
336 3607 489 3682 Ἀσβυστης,
503 3621 585 3681 atque
595 3616 755 3667 Callimachi
764 3632 823 3666 ver-

279 3703 338 3739 sum
354 3684 412 3751 (οἴη
431 3701 459 3736 τε
479 3684 623 3747 Τρίτωνος
648 3678 697 3746 ἐφ’
719 3683 823 3735 odonis

277 3746 434 3825 Ἀσβύσταο)
453 3756 544 3806 addit:
569 3754 641 3807 unde
654 3756 778 3806 Meineke
795 3771 821 3820 p.

282 3828 331 3879 130
349 3827 435 3902 ‘urbis
464 3840 571 3890 quoque
606 3841 703 3877 nomen
737 3825 824 3875 inisse

277 3888 419 3963 Ἀσβύσται
432 3896 558 3955 οοα11ο11;
576 3894 727 3947 eodemque
739 3895 823 3945 etiam

277 3965 416 4018 retulerim
447 3966 610 4016 mentionem
638 3961 709 4021 Διὸς
733 3955 822 4029 Ἀοβύ-

279 4048 362 4093 στασ,
396 4049 466 4097 quae
482 4033 554 4097 epud
572 4037 699 4086 Nounum
708 4032 740 4083 fit
756 4035 824 4084 Dio-

279 4120 339 4168 nys.
355 4102 442 4163 um,
460 4103 521 4154 370.
546 4104 648 4153 Eadem
669 4119 736 4167 gens
756 4118 823 4166 qno·

278 4187 331 4237 qus
344 4176 596 4222 commemoraturs
611 4171 788 4222 Strabouell.
796 4187 822 4235 p.

281 4240 338 4292 131.
368 4240 502 4304 Lycophr.
514 4239 660 4290 Alexandr.
676 4241 737 4291 895.
757 4241 824 4290 Dio·

278 4326 339 4374 nys.
353 4308 459 4374 Perieg.
477 4309 525 4359 211
546 4308 605 4370 (ubi
620 4308 656 4359 el.
672 4308 823 4373 Eustath.)‚

278 4378 349 4431 Plin.
362 4378 399 4427 Η.
409 4378 445 4428 Η.
456 4379 490 4438 V,
504 4379 534 4438 5.
546 4392 634 4442 neque
648 4378 703 4428 alis
715 4378 823 4429 videtur

278 4464 340 4503 esse
351 4462 399 4511 ea,
413 4462 493 4515 quam
504 4447 724 4499 commemorsrit
736 4449 825 4515 Hesy-

172 1085 178 1097 ⁸
219 1099 463 1185 171μιμίεσθαι
477 1092 709 1183 ἐπιτηδεύουσι
724 1090 802 1173 τούς
812 1100 1023 1183 Κυρηναίων.
1047 1088 1255 1181 Ἀσβυστέων
1268 1094 1303 1162 dl
1314 1102 1425 1181 tzor-m

880 1295 972 1346 chius:
988 1283 1156 1361 Ἅβυσταῖοι·
1185 1283 1295 1361 Λιβύων
1318 1286 1394 1351 ἔθνος.

879 1365 957 1415 Cous.
980 1365 1063 1415 stiam
1081 1362 1288 1415 Sohliehthorst.
1311 1364 1327 1414 l.
1345 1362 1360 1413 l.
1373 1379 1394 1428 ρ.

881 1433 930 1485 129
942 1449 1008 1499 seq,
1027 1433 1127 1499 Thrige
1137 1433 1158 1484 l.
1171 1433 1191 1484 l.
1206 1450 1268 1499 pag.
1284 1434 1334 1485 148.
1356 1433 1395 1483 Ts-

878 1504 960 1555 nebst
976 1518 1043 1569 gens
1061 1503 1122 1554 loca
1138 1504 1271 1554 interiora
1285 1502 1394 1567 ecyren

877 1572 1015 1624 meridiem
1029 1588 1123 1623 versus
1134 1577 1163 1622 et
1177 1590 1194 1624 a
1205 1572 1359 1638 Giligsmmls
1368 1572 1394 1620 ab

877 1658 984 1694 occasu.
1019 1642 1081 1693 Ηοο
1103 1645 1176 1693 enim
1197 1659 1212 1692 e
1232 1658 1304 1708 seqq.
1323 1640 1393 1704 serbis

876 1716 967 1778 patet:
986 1698 1063 1761 οὗτοι
1082 1703 1114 1760 τὸ
1129 1701 1219 1777 ὑπὲρ
1231 1702 1352 1776 Κυρήνης
1364 1703 1393 1758 σί-

876 1779 970 1831 elevo
990 1778 1050 1844 (ubi
1061 1796 1122 1831 oum
1134 1787 1251 1832 recenti.
1268 1779 1323 1833 edd.
1334 1794 1394 1830 rere

876 1851 1000 1900 cavimus
1013 1842 1043 1899 τό
1057 1866 1105 1914 pro
1117 1864 1178 1914 τοι,
1193 1850 1266 1916 quod
1277 1857 1394 1913 uunmqrs

876 1921 904 1970 in
925 1919 1108 1985 compluribus
1128 1920 1219 1986 codd„
1234 1936 1286 1971 nou
1305 1917 1394 1980 exstat),

876 1989 973 2055 quibus
989 2006 1070 2055 supra
1088 1989 1216 2055 Cyrenen
1235 1989 1349 2040 habitare
1361 2002 1394 2037 ne»

876 2075 928 2125 que
941 2074 1016 2109 mare
1025 2060 1163 2124 attingere
1176 2059 1309 2118 dicuntur,
1322 2059 1342 2107 si
1352 2056 1393 2121 qii-

877 2128 937 2179 dem
962 2128 1045 2179 mstis
1068 2144 1144 2179 oram
1168 2134 1263 2179 tenent
1277 2127 1393 2194 cyrenem

876 2198 943 2248 lude
963 2203 1036 2248 reate
1056 2197 1108 2248 hoc
1132 2197 1197 2249 loco
1215 2214 1280 2249 usus
1297 2201 1335 2248 est
1346 2196 1394 2259 Hug

877 2266 1047 2332 (Zeitschrift
1059 2266 1079 2316 f.
1089 2268 1235 2333 Freiburg.
1249 2273 1299 2318 etc.
1313 2266 1364 2315 VII.
1374 2280 1392 2329 ρ.
1456 2267 1457 2324 l

879 2336 939 2397 123)
959 2335 996 2386 ad
1024 2335 1264 2389 demonstrandam
1284 2336 1394 2387 direrssu
1456 2369 1457 2382 τ

875 2406 931 2457 vim
945 2407 1162 2524 J’f‘Jl’f'l‘ll'li'
1179 2398 1227 2457 lut
1243 2413 1271 2458 et
1289 2394 1356 2466 seori
1371 2404 1393 2452 in

876 2475 977 2609 lrerblest
997 2473 1310 2612 aoglzdselgs'evffl
1326 2473 1395 2594 lllzl

876 2612 941 2679 Irin).
955 2616 991 2665 Et
1001 2615 1057 2665 vid.
1069 2630 1130 2665 mox
1142 2632 1205 2682 esp.
1221 2617 1279 2667 171.
1292 2616 1342 2665 itt.

911 2710 1148 2784 τεθριπποβάται]
1160 2722 1180 2770 i.
1187 2737 1211 2771 e.
1220 2717 1347 2785 quadrigis
1355 2727 1395 2763 ns

876 2786 949 2837 xime
970 2790 1082 2837 utuntur
1097 2788 1188 2853 iisque
1205 2788 1327 2854 regundis
1341 2785 1394 2834 inter

876 2856 983 2920 Libyae
999 2861 1093 2921 gentes
1114 2858 1262 2909 excellunt.
1292 2856 1330 2907 cf.
1348 2867 1394 2914 στρ.

878 2924 936 2977 183.
954 2925 1010 2977 193.
1039 2925 1079 2977 Ac
1097 2928 1167 2977 satis
1187 2931 1297 2979 constat
1312 2921 1394 2974 multis

877 3010 929 3060 que
953 3000 1073 3046 veterum
1098 2999 1264 3063 scriptorum
1286 2995 1395 3062 probatur
1455 3028 1456 3033 ,

876 3065 1056 3124 testimoniis.
1075 3071 1197 3118 veterem
1207 3060 1325 3131 cyrenen
1336 3060 1395 3126 equit
1455 3066 1456 3087 l

874 3138 933 3184 tum
948 3135 984 3185 ad
1000 3133 1147 3186 bellatum
1165 3137 1202 3187 ad
1218 3135 1355 3187 sartamine
1365 3130 1395 3179 lt·
1455 3130 1456 3193 ζ

875 3202 979 3267 dosqus
1004 3204 1128 3268 publicos
1149 3205 1281 3256 adhibitis
1300 3200 1395 3278 maxjut
1455 3204 1456 3251 l

874 3271 1049 3324 inclaruisse.
1078 3275 1150 3326 Hinc
1167 3274 1323 3340 predicatur
1334 3282 1394 3321 sttr-

875 3356 945 3405 πος,
976 3335 1144 3410 ίππόβοτος,
1174 3344 1291 3409 aliisque
1319 3340 1394 3393 eudon

875 3411 1065 3477 spectantibus
1074 3419 1188 3464 ornatur
1197 3409 1394 3479 cognominibust

874 3481 909 3531 de
925 3481 1023 3546 quibus
1044 3481 1123 3547 plura
1145 3482 1266 3534 Boecklr.
1281 3480 1314 3531 sd
1328 3474 1392 3529 Pind.

874 3550 956 3613 Pyth.
966 3552 1012 3602 lv.
1024 3567 1051 3616 p.
1062 3553 1127 3610 208.
1142 3553 1244 3617 Thrige
1256 3551 1275 3602 1.
1286 3551 1303 3603 l.
1312 3565 1335 3613 p.
1346 3545 1393 3596 llll·

873 3621 922 3670 ’271
936 3636 1010 3685 seqq.
1025 3620 1086 3673 coll.
1099 3622 1235 3673 Mannert.
1247 3623 1280 3683 X,
1292 3623 1315 3669 2.
1326 3634 1349 3681 p.
1359 3613 1393 3663 5&

873 3690 946 3752 Quin
959 3689 1027 3753 ipsis
1043 3692 1071 3743 iu
1091 3691 1180 3742 uumis
1191 3689 1332 3756 Cyrenaeis
1343 3687 1393 3734 sunl

873 3758 1037 3822 quadrigae,
1050 3759 1240 3812 testeEolrlrsl.
1248 3760 1281 3810 D.
1293 3759 1322 3808 N.
1330 3757 1391 3805 uon.

872 3829 922 3878 IV.
940 3843 967 3893 p.
983 3820 1032 3878 lto
1043 3845 1117 3895 seq.‚
1132 3836 1160 3880 et
1173 3830 1305 3893 hodieque
1314 3824 1392 3900 robore

873 3897 996 3961 insignes
1008 3913 1091 3963 equos
1105 3902 1132 3949 in
1150 3898 1194 3950 his
1207 3895 1352 3959 regionibns
1362 3888 1392 3939 slt

873 3966 1009 4017 docemur,
1034 3966 1113 4021 (loni.
1125 3968 1208 4020 Pach.
1222 3971 1327 4031 voyage
1337 3961 1391 4038 dant

872 4034 900 4086 la
914 4036 1041 4087 Marmar.
1054 4042 1106 4088 eto.
1117 4054 1183 4103 ρος.
1194 4038 1254 4089 241.
1277 4036 1345 4098 Quae
1355 4043 1391 4093 qm

872 4106 1040 4168 respexerit,
1060 4109 1084 4157 is
1103 4122 1171 4158 sane
1189 4123 1243 4157 non
1260 4101 1390 4154 mirabitur.

874 4173 947 4239 quod
978 4178 1057 4225 tanta
1083 4192 1144 4227 cum
1172 4175 1289 4227 sollertia
1310 4171 1390 4221 Noster

873 4248 999 4305 enarrat,
1018 4245 1127 4311 quinam
1137 4246 1208 4296 inter
1219 4244 1314 4306 Libyes
1324 4238 1389 4302 Cyru

873 4328 921 4363 nes
935 4312 1044 4365 sucolas
1061 4319 1120 4366 arte
1138 4315 1256 4381 equestri
1269 4316 1342 4375 atque
1351 4320 1387 4355 en·

873 4380 926 4431 ruli
952 4388 1102 4441 praestent.
1128 4411 1163 4422 —
1189 4383 1229 4434 Ad
1248 4378 1387 4433 locutionem

873 4441 924 4500 ούνι
938 4444 1049 4519 ἥκιστα,
1061 4443 1132 4503 dud
1144 4445 1259 4520 μάλιστα
1269 4450 1301 4502 el.
1310 4447 1343 4510 11,
1353 4440 1385 4494 13-
