3042 5125
248 320 309 385 198

686 309 951 373 HERODOTI

250 517 318 584 ἐστι
334 507 377 599 μὴ
391 508 453 597 μὶν
472 508 620 593 νοσέειν,
641 510 676 575 oi
694 503 730 572 δὲ
751 497 792 571 od
807 497 1114 589 συγγινωσκόμενοι
1134 493 1381 574 ἀποκτείναντες

250 615 522 700 κατευωχέονται.
553 604 596 697 ἢν
618 609 654 679 δὲ
674 604 760 696 γυνὴ
782 603 889 694 κόμῃ,
916 599 1073 682 ὡσαύτως
1092 607 1132 670 αί
1150 597 1380 688 ἐπιχρεώμεναι

250 718 390 810 μάλιστα
404 729 562 804 γυναῖκες
579 709 683 782 ταύτὰ
705 726 791 779 τοῖσι
808 705 951 796 ἀνδράσι
972 711 1114 775 ποιεῦσι.
1148 702 1209 774 τόν
1223 700 1287 791 γὰρ
1302 700 1340 790 δὴ
1352 705 1381 779 ἐς
1470 703 1471 706 ’

250 829 355 912 γῆρας
371 816 574 905 ἀπικόμενον
588 814 756 892 θύσαντες
775 813 1046 899 κατευωχέονται.
1082 811 1117 888 ἐς
1139 808 1177 878 δὲ
1196 805 1315 876 τούτου
1332 803 1379 874 tt

252 952 314 1014 γον
327 920 369 993 οὗ
384 928 503 992 πολλοί
521 948 609 999 τινες
631 915 743 987 αὐτῶν
766 912 999 985 ἀπικνέονται·
1025 909 1089 999 πρὸ
1109 910 1176 1000 γὰρ
1197 914 1258 979 τοῦ
1278 907 1334 977 τόν
1353 912 1381 988 ές

187 1040 247 1100 166
255 1034 380 1098 νοῦσον
395 1033 559 1094 πίπτοντα
572 1022 681 1092 πάντα
696 1027 872 1090 κτείνουσι.
912 1013 1055 1103 Ἐτέρων
1070 1017 1109 1084 δέ
1121 1019 1193 1085 ἐστι
1205 1011 1320 1083 Ἰνδῶν
1331 1009 1381 1081 dds

252 1131 351 1211 ἀλλος
370 1127 507 1217 τρόπος·
540 1124 617 1195 οὔτε
638 1132 806 1195 κτείνουσι
828 1118 930 1192 οὐδὲν
949 1127 1118 1208 ἔμψυχον,
1147 1114 1226 1188 οὔτε
1247 1144 1278 1185 τι
1298 1123 1381 1185 σπεί-

249 1333 372 1399 μνιιαπδί
387 1330 486 1396 cupidis
503 1335 648 1391 corruptam
660 1325 796 1390 praebere.

251 1403 349 1464 Itaque
364 1391 398 1448 τὰ
416 1390 485 1461 κρέα
505 1402 634 1461 τεκνοῦται
650 1394 796 1457 obiectum,

254 1469 326 1535 quod
338 1473 455 1530 vocant,
469 1466 505 1516 ad
518 1461 745 1528 διαφθείρεσθαι
755 1479 796 1514 re·

253 1541 325 1600 sero,
346 1539 393 1589 vix
410 1539 451 1587 ita
465 1534 671 1600 explicandum,
689 1539 721 1583 ut
735 1549 797 1598 pro·

253 1609 345 1673 posuit
354 1605 544 1658 Wannowski:
556 1603 796 1668 Synta1.anomal.

254 1679 368 1728 Graeco.
381 1692 454 1742 pars.
468 1690 533 1741 pag.
548 1674 606 1724 175.

289 1739 319 1795 oi
330 1740 360 1795 a
373 1736 408 1794 ον’·
418 1731 679 1809 συγγινωσκόμενοι]
701 1742 720 1791 i.
733 1757 757 1793 e.
768 1741 798 1790 hi

253 1832 336 1880 vero,
363 1831 418 1866 nou
442 1815 621 1866 concedentes
650 1810 715 1874 hoc,
741 1826 796 1861 uon

253 1890 448 1951 agnoscentes,
467 1883 540 1948 quod
551 1898 590 1933 sc.
606 1881 698 1930 morbo
712 1898 741 1931 sc
758 1880 795 1929 la-

253 1955 352 2006 borare
364 1959 456 2019 negat.
485 1952 563 2003 Cous.
575 1953 615 2012 V,
628 1948 671 2000 86.
687 1950 730 2001 61.
747 1950 796 2011 IV,

256 2024 315 2076 126.
333 2025 387 2086 VI,
407 2024 450 2074 61.
466 2022 524 2073 leo,
562 2020 604 2070 Ad
623 2020 707 2072 rerba
726 2010 797 2068 ἀπο-

254 2091 412 2148 κτείναντες
428 2083 648 2152 κατευωχέονται
663 2089 735 2139 coni.
752 2106 797 2141 au·

254 2178 304 2227 pra
313 2167 417 2213 nottet
427 2158 545 2210 conferri
557 2174 664 2223 quoque
673 2164 797 2223 possunt,

255 2247 325 2295 quae
342 2228 516 2293 degentibus
532 2227 692 2290 quibusdam
705 2229 797 2278 Brasi-

254 2301 309 2350 liae
319 2299 420 2349 similia
433 2298 488 2347 fere
496 2296 591 2346 scribit
601 2296 730 2345 Martius:
743 2297 797 2347 Ue-

255 2370 303 2419 ber
322 2369 348 2418 d.
364 2366 538 2417 Rechtszust.
557 2364 583 2414 d.
603 2364 798 2416 Ureinwohner

255 2436 355 2488 Brasil.
363 2435 439 2502 p.73.
463 2436 496 2484 in
504 2448 581 2498 seqq.
592 2425 625 2481 αἱ
635 2423 798 2497 ἐπιχρεώμε-

255 2522 303 2557 ναι
321 2497 440 2570 μάλιστα
456 2503 585 2568 γυναῖκες
601 2507 664 2552 sunt
681 2506 798 2554 mutieres

255 2576 412 2642 aegrotanti
430 2573 538 2625 mulieri
556 2575 665 2624 νιααίιπο
681 2589 799 2624 neceesa-

254 2650 320 2706 rioe‚
329 2663 382 2697 ονπι
392 2646 479 2697 eadem
487 2646 595 2694 marimo
604 2652 799 2695 conversantes:

255 2716 289 2766 de
309 2732 362 2781 quo
378 2713 509 2765 familiari
527 2728 579 2763 usu
597 2729 619 2764 a.
637 2710 799 2761 commercio

255 2787 326 2837 idem
343 2785 456 2836 verbum
478 2781 669 2848 explicandum
690 2795 800 2845 quoque

255 2856 352 2921 opinor
365 2856 392 2903 in
407 2853 560 2918 Thucydid.
573 2852 596 2915 I,
610 2851 654 2902 41.

295 2917 323 2982 ἐς
340 2916 370 2972 δέ
391 2914 490 2972 τούτου
508 2912 636 2984 λόγον-
648 2911 799 2968 ἀπικνέον-

256 2991 312 3057 ται]
334 2995 352 3042 i.
362 3009 385 3042 e.
400 2995 425 3042 in
438 2995 492 3043 eiua
503 2994 634 3048 rationem,
647 2992 683 3040 od
692 3007 745 3040 earu
757 3005 797 3040 sc.

253 3070 401 3113 senectutem
424 3063 502 3125 pauci
521 3062 687 3124 perveniunt,
718 3060 800 3109 inter-

254 3135 330 3196 prete
338 3130 486 3191 Gronovio,
494 3129 538 3193 qui
549 3128 756 3189 ooniertVII,9.
764 3155 799 3162 —

255 3191 311 3263 πρὸ
321 3190 374 3262 γὰρ
384 3195 435 3246 τοτ’·
445 3197 568 3261 equidem
580 3197 692 3257 retinui3
707 3213 721 3245 e
735 3197 800 3248 duo-

253 3270 304 3319 bus
322 3268 400 3318 codd.
413 3265 570 3317 Diudorfius
585 3264 661 3315 dedit
678 3258 733 3326 πρό
745 3258 798 3329 γάρ

253 3327 388 3386 τοότον.
423 3334 477 3387 Sed
489 3336 544 3385 vid.
559 3335 590 3396 I,
608 3336 664 3386 122.
680 3335 738 3392 ΙΙΙ,
754 3335 797 3386 62.

254 3408 291 3464 V,
306 3407 347 3456 55.
361 3406 404 3457 75.
436 3406 501 3455 Mox
520 3420 580 3455 cum
602 3404 754 3469 Schweigh.
771 3411 799 3456 et

254 3475 356 3536 Gaias„
386 3474 518 3539 probante
546 3489 660 3525 censore
689 3474 800 3525 lenensi

258 3545 332 3595 1817.
343 3559 384 3596 nr.
394 3544 451 3617 163.
460 3559 523 3609 pag.
531 3544 582 3595 363
590 3559 658 3609 seq,
669 3543 742 3594 edidi
753 3543 799 3593 πί-

253 3628 358 3663 πτοντα
370 3629 477 3676 ποντα,
490 3613 538 3664 ubi
550 3613 617 3663 illud
630 3604 724 3663 πάντα
737 3631 798 3665 cum

252 3685 280 3734 vi
302 3684 418 3749 quadam
435 3683 560 3734 additum
583 3699 643 3734 esse
664 3686 797 3734 nemiuem

251 3753 332 3818 sugit.
345 3754 449 3819 Vulgo:
461 3745 554 3801 πόντοι
564 3751 712 3816 πίπτοντα,
726 3754 798 3819 quod

251 3824 386 3874 Matthiae
398 3823 523 3874 retinuit.

467 3994 533 4045 Car.
553 3994 582 4046 6.

291 4085 354 4144 οὔτε
378 4094 518 4146 κτείνουσι
545 4086 630 4146 οὐδὲν
653 4088 792 4163 ἔμψυχον]

250 4164 324 4213 Satis
340 4169 465 4226 constat,
479 4165 551 4230 apud
563 4166 646 4217 Indos
656 4166 735 4216 nefas
746 4166 794 4216 ha-

250 4233 322 4295 beri,
347 4234 477 4284 animalia
498 4236 633 4294 occidere;
657 4236 693 4286 ct.
715 4236 793 4287 modo

250 4304 338 4352 Kruse
355 4302 404 4354 1.1.
421 4319 484 4367 pag.
499 4304 542 4354 37.
577 4305 619 4355 Ad
638 4304 709 4356 hunc
727 4321 792 4356 vero

848 1325 945 1385 neant,
958 1337 1028 1387 quae
1039 1320 1144 1371 similia
1155 1318 1230 1384 apud
1240 1316 1326 1369 Nicol.
1336 1317 1382 1367 Da·

846 1407 966 1442 maecen.
978 1391 1053 1456 (pag.
1065 1391 1116 1442 146
1126 1389 1169 1441 ed.
1181 1387 1264 1440 Orell.
1275 1403 1307 1437 ex
1315 1386 1382 1438 Stob.

846 1462 890 1525 66,
901 1461 946 1524 38)
958 1462 1084 1525 degente
1096 1459 1219 1525 quadam
1231 1457 1333 1519 Indica,
1344 1456 1382 1505 cui

847 1547 945 1582 nomen
955 1521 1102 1595 Ἇρίτονοι,
1117 1528 1325 1594 praedicantur,
1341 1524 1382 1574 ubi

847 1600 964 1652 Orellius
971 1605 1081 1666 praeter
1090 1599 1149 1650 alia
1161 1598 1327 1649 Herodotum
1337 1611 1382 1645 me

847 1672 900 1723 rito
921 1671 1016 1720 laudat
1036 1686 1101 1736 pag.
1119 1669 1155 1720 66
1176 1669 1205 1719 in
1223 1672 1293 1719 nott.
1313 1680 1381 1729 supp.

847 1741 1033 1791 Herodoteam
1055 1740 1260 1795 narrationem,
1285 1738 1312 1787 iu
1334 1749 1381 1799 qua

847 1816 984 1862 caeterum
1003 1809 1074 1860 falsa
1093 1809 1169 1861 veris
1187 1808 1309 1859 admixta
1325 1805 1380 1863 sint,

847 1880 882 1930 ad
900 1895 946 1930 eos
962 1884 1103 1943 spectare,
1126 1894 1198 1945 quos
1212 1877 1295 1941 vulgo
1310 1889 1381 1924 voca-

848 1965 907 2000 mus
920 1951 1038 2012 Hindua,
1059 1950 1161 2000 statuit
1174 1945 1287 1999 Renuel.
1298 1944 1315 1995 1.
1329 1943 1345 1994 1.
1358 1959 1379 2007 p.

848 2020 900 2071 519
911 2024 939 2069 et
951 2019 1079 2070 vincent.
1093 2018 1161 2068 ibid.
1177 2034 1204 2083 p.
1218 2017 1277 2068 720.
1309 2012 1380 2064 Aliud

849 2088 941 2154 placet
951 2089 1085 2140 Heerenio
1096 2088 1182 2139 Ideen
1191 2088 1215 2147 l,
1226 2088 1250 2137 l.
1261 2082 1380 2151 patritii,

849 2161 896 2224 qui
909 2158 935 2210 h.
951 2158 970 2208 l.
985 2158 1019 2210 de
1032 2174 1065 2209 ea
1079 2164 1177 2224 gente,
1199 2157 1244 2207 cui
1260 2170 1327 2205 nunc
1340 2168 1381 2200 uo·

848 2243 909 2278 meu
922 2229 1106 2288 Mararrorum,
1121 2230 1169 2291 agi
1179 2224 1329 2282 contendit3
1342 2221 1380 2270 ho·

847 2313 907 2348 rum
924 2299 994 2348 enirn
1012 2299 1130 2349 maiores
1145 2299 1197 2348 hes
1209 2298 1284 2362 ipsas
1295 2290 1379 2343 Indiae

848 2368 973 2432 regiones
986 2368 1216 2432 septentrionales
1230 2379 1330 2429 semper
1342 2375 1381 2411 on·

846 2438 961 2503 tiquitus
972 2440 1092 2489 tenuisse
1099 2443 1205 2501 monet,
1212 2449 1310 2499 eosque
1317 2432 1382 2496 ipsos

847 2521 902 2556 nou
912 2506 991 2558 aliter
1000 2514 1084 2574 atquc
1092 2506 1179 2559 ludos
1190 2523 1212 2557 s.
1219 2504 1323 2556 Hiudns
1332 2514 1381 2550 car·

847 2590 908 2625 nem
922 2577 1080 2644 plerumque
1091 2579 1233 2639 aversari,
1250 2573 1381 2626 bellicosos

848 2650 1008 2711 caeteroqui
1020 2652 1048 2698 ct
1059 2648 1139 2700 valde
1149 2649 1233 2698 rudes
1246 2644 1288 2696 vel
1298 2645 1380 2693 nostra

849 2718 951 2765 aetate.
983 2718 1059 2777 Quae
1074 2733 1136 2768 cum
1149 2715 1285 2769 Herodoti
1302 2708 1380 2763 serbis

850 2784 1030 2845 conveniunt,
1054 2801 1103 2838 nec
1118 2788 1304 2853 refragantur,
1320 2792 1380 2845 quae

850 2850 884 2900 de
909 2852 987 2916 nigro
1010 2854 1122 2904 istorum
1145 2858 1274 2908 Indorum
1300 2850 1379 2902 colore

849 2920 920 2970 idom
939 2923 1110 2986 perscripsit,
1135 2940 1198 2976 cuni
1221 2926 1250 2974 in
1268 2919 1379 2973 meridio-

850 2989 958 3040 nalibus
985 2991 1081 3043 Indiae
1108 2996 1245 3045 tractibus
1270 2990 1379 3043 homines

849 3060 1020 3123 reperiantur
1043 3061 1088 3113 vel
1114 3078 1224 3127 prorsus
1251 3062 1318 3127 nigri
1342 3055 1379 3106 vel

851 3144 962 3194 quorum
980 3129 1055 3181 color
1069 3132 1104 3181 ad
1121 3133 1261 3196 nigritiam
1272 3128 1378 3195 proxime

850 3200 972 3250 accedat.
1001 3201 1106 3266 Benfey
1119 3200 1137 3252 1.
1151 3202 1168 3251 1.
1182 3218 1245 3268 pag.
1259 3203 1291 3249 tt
1303 3199 1378 3248 Hero·

850 3267 909 3317 doti
921 3268 1004 3320 verba
1021 3269 1054 3322 de
1065 3270 1155 3332 Indis,
1176 3272 1224 3336 qui
1239 3268 1303 3319 nihil
1313 3263 1379 3330 quid·

850 3354 933 3402 quam
946 3339 1096 3391 animatum
1112 3343 1242 3392 occidunt
1254 3354 1302 3390 nec
1312 3332 1378 3399 quid·

851 3424 932 3473 quam
958 3415 1052 3460 serunt
1079 3426 1129 3462 nec
1154 3412 1271 3475 denique
1295 3406 1378 3455 d⁰m⁰⁸

851 3478 1006 3541 possident,
1037 3480 1071 3530 de
1095 3480 1269 3532 anachoretis
1299 3470 1376 3535 accipi

850 3546 923 3609 vuit3
940 3548 1171 3601 Brachmanorum
1188 3546 1333 3603 solitariam
1343 3540 1377 3590 vi·

849 3623 905 3667 tam
924 3620 1065 3682 agentium
1080 3622 1198 3683 vestigia
1215 3621 1243 3669 in
1258 3617 1298 3667 his
1314 3607 1378 3662 cerui

849 3689 990 3738 existimat
1010 3690 1132 3740 Lasseu:
1156 3688 1281 3742 Indische
1300 3681 1377 3734 Alter·

848 3756 966 3806 thumsls.
978 3758 1015 3808 II.
1029 3775 1092 3824 pag.
1102 3759 1154 3813 635
1166 3776 1222 3825 seq.
1235 3752 1376 3827 refragante¹

847 3826 951 3877 Boiilen
969 3827 1076 3890 (Indien
1089 3831 1112 3880 Ι.
1129 3847 1156 3894 p.
1174 3830 1227 3882 319
1241 3824 1318 3890 σαψ).
1336 3833 1376 3882 111

847 3896 952 3946 mavult
963 3897 989 3948 h.
999 3896 1017 3949 l.
1030 3898 1064 3948 de
1075 3900 1207 3951 Buddhae
1218 3894 1326 3950 asseclis
1336 3902 1375 3938 oo·

848 3966 948 4027 citare:
969 3967 1040 4031 quod
1052 3969 1119 4019 mihi
1128 3971 1175 4020 vix
1187 3969 1246 4021 tieri
1258 3977 1332 4032 posse
1343 3956 1377 4008 vi·

846 4035 935 4096 detur,
948 4053 1007 4087 curn
1019 4039 1151 4090 Buddhao
1162 4040 1249 4091 cuitus
1261 4034 1295 4086 ad
1306 4032 1374 4092 longe

846 4106 998 4167 posteriora
1009 4113 1132 4172 tempora
1143 4109 1284 4173 pertineat.
1297 4104 1375 4153 Krutt

844 4172 863 4223 ¹·
878 4174 896 4226 Ι.
909 4190 936 4234 o.
948 4176 982 4252 ap
995 4177 1058 4228 noe
1070 4179 1189 4245 intelligi
1197 4178 1255 4231 vuit
1263 4176 1288 4226 ο.
1297 4171 1313 4221 1.
1325 4182 1374 4221 os.

845 4245 890 4309 qui
900 4236 1020 4311 ‘Ttofltot
1037 4248 1111 4312 apud
1122 4248 1318 4315 Megasthenem
1332 4250 1371 4286 vo·

844 4318 943 4364 cantur
961 4320 989 4365 et
1008 4316 1042 4366 ab
1059 4317 1137 4370 Indis
1154 4320 1222 4383 ipsis
1238 4313 1370 4373 deprss·

250 4371 382 4422 Herodoti
396 4371 484 4423 locum
498 4374 572 4425 haud
586 4374 643 4424 scio
658 4391 693 4425 an
709 4376 792 4441 perti·
842 4385 921 4444 ettae,
934 4387 953 4436 i.
962 4400 985 4437 e.
997 4390 1109 4439 aoiimrii
1125 4384 1245 4454 (incolae)
1256 4386 1371 4436 sonae.-
