3042 5125
520 362 723 424 THALIA.
747 363 807 424 ΠΙ.
828 372 871 428 49.
894 375 939 428 50.
1259 365 1300 427 99

104 571 154 621 ενι
164 546 459 641 ἀπεμνησικάκεον
472 570 557 625 τοῖσι
570 563 729 646 Σαμίοισι
743 562 779 627 oi
788 565 977 648 Κορίνθιοι.
1014 552 1199 647 Ἀιιὲπεμνιε
1216 556 1253 626 dl
1266 560 1300 637 ἐς

157 654 291 746 Σάρδις
304 654 360 726 ἐπ’
376 660 500 748 ἐκτομῇ
510 665 739 751 Περίανδρος,
753 666 823 732 τοῖν
835 659 978 750 πριόνων
990 668 1213 751 Κερκυραίων
1226 664 1297 731 isc-

156 763 256 843 λέξας
268 758 346 841 τούς
359 767 500 850 παῖδας,
515 763 776 855 τιμωρεύμενος·
803 764 957 856 πρότεροι
970 761 1034 856 γὰρ
1047 771 1083 834 oi
1092 771 1297 854 Κερκυραῖοι

155 853 266 951 ἦρξαν
284 868 318 944 ἐς
337 861 441 962 αὐεὸν
461 871 596 956 πρῆγμα
616 865 809 939 ἀτάσθαλον
829 866 1033 958 ποιήσαντες.
1074 866 1167 939 Ἐπεί
1182 896 1219 938 τε
1233 866 1297 958 γὰρ
1304 885 1344 946 50

155 966 221 1056 τὴν
235 971 363 1038 ἑωυτοῦ
377 986 521 1057 γυναῖκα
533 974 712 1042 Μέλισσαν
725 978 935 1062 Περίανδρος
956 969 1145 1060 ἀπέκτεινε,
1166 993 1295 1061 συμφο-

156 1070 223 1160 ρὴν
237 1071 370 1162 τοιήνδε
383 1079 419 1143 οί
429 1071 534 1162 ἄλλην
554 1078 680 1165 συνέβη
694 1073 777 1166 πρὸς
791 1082 833 1166 τῇ
845 1084 1003 1165 γεγονυίῃ
1017 1078 1186 1165 γενέσθαι.
1213 1066 1299 1164 ἦσάν

155 1181 194 1243 oi
211 1180 249 1246 ἐκ
262 1184 436 1267 Μελίσσης
457 1176 518 1247 δύο
536 1185 672 1266 παῖδες,
693 1177 827 1270 ἡλικίην
846 1176 864 1249 ὁ
884 1179 946 1268 μὲν
966 1182 1205 1266 ἑπτακαίδεκα,
1226 1174 1298 1248 ὅδὲ

156 1376 240 1441 qnid,
259 1390 374 1445 eumque
384 1385 496 1431 secutus
507 1381 581 1433 Reiz.
601 1379 702 1446 (Praei.
753 1381 895 1433 Plutarch.
908 1382 946 1435 11.
962 1398 987 1447 p.
999 1381 1092 1434 1461).
1107 1382 1197 1435 15οΒ.
1211 1382 1298 1433 Hero·

156 1462 184 1511 p.
203 1445 281 1512 11111)
303 1450 398 1516 utique
418 1450 534 1502 inseruit
552 1444 703 1515 συγγενέες.
754 1451 811 1505 6οι.
824 1454 859 1514 V,
870 1451 914 1504 92.
932 1455 956 1515 g.
972 1454 997 1504 7.
1019 1453 1139 1504 Pausan.
1153 1453 1197 1516 11,
1210 1450 1257 1514 28,
1270 1453 1298 1515 4,

83 1527 86 1534 “
155 1517 218 1578 Quo
229 1517 338 1582 quidem
347 1520 482 1571 vocabulo
492 1520 574 1573 facile
585 1520 651 1571 mihi
660 1536 704 1573 cs·
755 1522 803 1587 qui
820 1521 944 1573 Melissae
962 1528 1165 1573 monumentum
1182 1521 1219 1572 ad
1232 1521 1298 1586 Epi·

154 1601 218 1668 rere
227 1602 309 1651 porse
320 1590 430 1640 videtur
439 1591 596 1643 Herodotea
605 1592 703 1654 oratio,
755 1591 871 1642 dearum
884 1597 1086 1644 commemorat.
1108 1594 1187 1644 Unus
1196 1591 1297 1656 Dioge·

154 1671 187 1705 ω
204 1671 262 1721 qua
275 1673 342 1709 eane
355 1658 434 1724 plura
452 1664 531 1725 sunt,
557 1676 628 1727 quae
645 1661 705 1712 ani·
754 1676 804 1711 nes
821 1662 950 1712 Lairtius
974 1661 1049 1726 quod
1068 1664 1187 1728 Lycidem
1205 1664 1297 1723 vocat,
1395 1655 1398 1662 '

154 1727 387 1781 mumadvertere
401 1730 517 1795 possint
547 1732 657 1782 Etenim
674 1735 705 1781 nt
755 1746 835 1797 quam
854 1729 951 1796 reliqui
964 1730 1108 1792 Meliorem,
1124 1730 1176 1781 hoe
1192 1745 1253 1780 cum
1266 1729 1297 1779 0.

154 1800 266 1846 taceam
276 1797 390 1850 celerem
400 1800 519 1851 subiecti
528 1800 600 1866 quod
610 1801 705 1851 dieunt
755 1802 789 1852 Ο.
796 1800 917 1852 Mueller.
929 1799 1077 1866 (Aeginett.
1088 1816 1151 1866 pag.
1162 1802 1205 1862 65,
1218 1815 1298 1866 quem

153 1867 321 1932 transitum,
334 1884 498 1935 requerere
510 1885 620 1936 prorsus
631 1871 705 1921 ineo·
756 1872 880 1936 seqnitur
889 1870 1055 1935 &Wagner
1066 1871 1095 1920 in
1105 1871 1254 1934 scriptione
1264 1869 1298 1919 de

152 1935 239 1987 litum
254 1939 329 2002 apud
342 1940 486 2004 Nostrum,
506 1940 529 1990 si
542 1941 650 2006 quidem
666 1939 704 2003 id,
754 1940 905 1992 Periandro
917 1955 981 2005 pag.
992 1938 1025 1990 19
1034 1939 1152 2005 seq.)ita
1162 1938 1299 2002 explicare

154 2006 233 2071 quod
251 2007 289 2057 ad
308 2001 421 2059 ἔκτισαν
441 2014 531 2062 mente
550 2009 705 2061 addendum
754 2009 857 2074 malim,
870 2014 901 2059 ut
912 2008 1069 2071 Periander,
1083 2024 1116 2059 ex
1128 2024 1181 2074 quo
1194 2007 1298 2058 Proelia

153 2081 235 2126 certe
254 2081 298 2128 eet
319 2070 351 2127 ot
366 2078 519 2145 Κορίνθιοι
544 2072 610 2137 τοὺς
633 2079 704 2143 Ileo-
754 2079 839 2129 filiam
857 2080 886 2130 in
899 2078 1100 2128 matrimonium
1116 2078 1247 2136 duxerat,
1267 2075 1299 2125 il·

154 2144 310 2212 κνμαίους,
331 2152 476 2215 utrumque
494 2153 625 2216 tauquam
642 2149 705 2200 sub·
754 2147 879 2202 lemnon
892 2150 1026 2214 Lysidem,
1049 2152 1161 2198 utente
1179 2146 1300 2197 rocabe-

154 2218 260 2266 iectum
278 2217 314 2267 ad
333 2220 479 2284 sequentia
496 2214 549 2270 είσι
568 2210 704 2285 διάφοροι
754 2223 815 2282 tur,
841 2220 889 2270 sed
909 2218 1039 2270 Melissea
1058 2219 1154 2269 vocari
1171 2215 1297 2277 voluerit,

153 2285 332 2337 referendum
355 2293 411 2351 est,
439 2305 477 2341 sc.
500 2282 531 2339 ol
549 2286 703 2351 Κορίνθιοι
755 2290 864 2340 nomine
880 2290 974 2353 utique
991 2286 1241 2350 honorificentiore,
1263 2287 1298 2336 ob

153 2348 252 2433 καλυῖ
264 2356 450 2423 Κερκυραῖοιι
473 2358 517 2410 vel
533 2358 636 2411 locutio
649 2352 703 2408 είοι
754 2359 911 2424 primarium
920 2357 1046 2409 Corinthi
1059 2356 1299 2410 sacerdotiumad·

153 2453 191 2462 -
203 2440 301 2484 εοντες
321 2426 449 2492 offendit,
470 2430 504 2480 ad
522 2444 604 2495 quam
620 2427 703 2493 expli·
753 2430 947 2490 ministratum,
959 2428 1046 2479 instar
1059 2429 1170 2493 reginae
1178 2426 1299 2478 Athens-

153 2497 274 2548 andam
296 2512 367 2562 quae
384 2497 480 2548 attulit
492 2498 703 2564 Valckenarius,
753 2514 822 2550 rum.
854 2499 978 2564 Namque
992 2497 1128 2558 Melicerte,
1148 2499 1167 2549 i.
1187 2512 1209 2547 c.
1225 2513 1296 2562 aper,

154 2569 205 2631 IV,
218 2567 264 2619 46.
281 2569 341 2620 147.
356 2570 413 2621 175.
429 2570 549 2634 V1‚52,
569 2586 603 2622 ea
615 2570 703 2620 minue
754 2570 857 2636 passim
873 2568 1045 2631 sacerdotes,
1067 2568 1175 2620 Cereris
1186 2568 1298 2632 potissi-

154 2638 210 2689 huc
219 2638 360 2703 pertinere
371 2639 491 2701 credam3
505 2640 643 2691 retulerim
653 2639 705 2690 huc
754 2655 827 2691 mum
840 2655 873 2690 ac
886 2639 1009 2700 Dianae,
1023 2642 1138 2687 vocatas
1153 2651 1214 2688 esse
1228 2639 1298 2687 satis

154 2709 253 2774 potius
265 2724 314 2759 eos
324 2708 415 2773 locos,
429 2724 497 2775 quea
509 2710 543 2762 de
556 2709 704 2776 participio
754 2714 874 2759 constat.
899 2707 962 2758 Vid.
973 2708 1099 2757 Oreuzer.
1115 2706 1235 2771 Symbol.
1248 2707 1296 2758 IV.

154 2778 236 2829 verbi
249 2770 328 2827 εἶναι
346 2779 408 2830 huic
424 2780 478 2844 ipsi
493 2779 576 2832 verbo
594 2779 703 2830 adiecto
754 2795 782 2844 p.
794 2778 854 2830 311.
868 2775 919 2828 315
936 2791 993 2841 seq.
1005 2775 1057 2827 384
1071 2781 1099 2826 et
1113 2776 1166 2827 644
1179 2774 1220 2827 ed.
1233 2778 1296 2826 tert.

154 2847 242 2897 attuli
255 2848 292 2897 ad
302 2846 354 2909 III,
364 2849 408 2910 32,
420 2863 541 2915 quosque
552 2847 704 2900 attulerunt
755 2852 785 2899 et
797 2847 826 2897 C.
841 2849 971 2911 Wagner.
986 2845 1004 2895 1.
1019 2842 1038 2893 l.

155 2916 284 2968 Dorville
302 2917 337 2968 ad
350 2917 456 2970 charit.
473 2934 500 2984 p.
517 2918 567 2970 266
585 2923 613 2970 et
624 2918 704 2969 Bois·
795 2906 954 2979 ἆπέκτεινε]
980 2912 1023 2965 Ob
1047 2911 1200 2964 calumniae
1221 2911 1298 2977 pelli·

155 2986 255 3037 sonad.
274 2987 311 3037 ad
322 2986 483 3038 Philostrat.
495 2989 620 3040 Heroice.
638 3002 702 3054 pag.
754 3002 830 3049 cum,
851 3000 919 3050 qnae
938 2988 1035 3050 postea
1051 2983 1170 3034 certiora
1185 2981 1298 3033 edoctus

155 3058 219 3119 526,
232 3057 270 3108 ad
284 3058 392 3123 Eunap.
407 3072 432 3121 p.
445 3057 505 3109 357.
518 3058 578 3111 ⁶93.
606 3056 704 3123 Itaque
754 3057 811 3122 igni
825 3053 985 3106 cremandas
1003 3053 1094 3114 dedit,
1111 3052 1152 3102 ira
1169 3052 1298 3117 abreptus

155 3129 246 3177 tetius
262 3126 334 3187 leci,
355 3141 434 3192 quem
447 3131 487 3179 sic
500 3128 624 3191 exhibui,
643 3132 674 3178 ut
687 3142 704 3176 a
754 3125 898 3193 gravidam
919 3122 1059 3175 mulierem
1075 3122 1160 3174 calcis
1181 3123 1238 3172 ictu
1259 3122 1299 3171 in·

155 3196 291 3248 librorum
305 3197 470 3262 scriptorum
484 3198 602 3249 lectione
615 3200 704 3247 minus
754 3195 896 3247 terfecisse
910 3194 997 3244 fertur
1008 3192 1170 3256 Periander,
1186 3195 1298 3242 auctore

156 3268 325 3330 recederem,
335 3268 472 3318 sententia
484 3266 552 3319 haec
561 3268 625 3319 erit:
640 3284 705 3319 nune
754 3267 880 3331 Diogene
891 3265 984 3316 La'drt.
996 3262 1015 3315 l.
1027 3263 1045 3313 l.
1067 3263 1127 3327 Quo
1139 3262 1214 3313 facto
1226 3276 1298 3312 sum·

155 3356 216 3390 vero
229 3354 346 3403 seraper,
359 3354 394 3389 ac
407 3354 456 3404 quo
475 3336 632 3402 (Corinthii)
645 3355 704 3390 con·
755 3352 826 3387 mum
848 3335 968 3385 dolorem
987 3349 1020 3385 ac
1038 3347 1186 3383 moerorem
1205 3337 1298 3397 tyran-

155 3410 278 3459 diamur
301 3406 506 3473 (Corcyraeos),
528 3411 627 3474 utrique
643 3406 705 3472 (Co
755 3422 819 3457 num
846 3404 1005 3470 concepisse
1030 3407 1197 3464 monstrant,
1228 3417 1298 3467 quae

156 3477 255 3527 rinthii
267 3480 297 3528 et
308 3476 467 3542 Corcyraei)
486 3478 536 3529 sibi
545 3478 638 3541 ίιιίειικί
648 3486 705 3529 emit
755 3474 830 3542 apud
843 3475 974 3525 Herodot.
987 3474 1020 3537 V,
1029 3474 1072 3524 92.
1087 3476 1114 3536 ξ.
1127 3474 1142 3522 7
1153 3471 1298 3522 memoriae

158 3550 248 3599 οιιὶκιίε
269 3564 293 3599 s.
307 3550 450 3609 ιοιεεενυι,
470 3551 513 3614 qui
526 3551 593 3599 inter
610 3565 639 3599 ee
651 3549 704 3597 dis·
755 3546 921 3612 produntur,
942 3542 1005 3594 coll.
1023 3543 1139 3607 Diogen.
1160 3542 1254 3591 Lairt.
1275 3542 1297 3592 1.

157 3620 267 3669 rideant.
279 3644 315 3654 -
326 3616 368 3667 rid
380 3617 465 3668 verbe
474 3611 645 3681 πρότεροι-
655 3604 704 3682 ἦρ·
755 3614 848 3680 §.100⁸
865 3612 982 3665 Neronis
994 3612 1083 3664 scelus
1096 3613 1124 3662 iu
1132 3611 1298 3676 Poppaeam,

159 3683 213 3748 ξαν
228 3686 303 3738 οοιιί.
317 3692 388 3737 nott.
405 3687 441 3738 ad
456 3687 514 3751 111,
529 3686 562 3739 16
582 3690 610 3737 et
626 3687 661 3737 ed
676 3680 705 3744 ἐς
755 3685 789 3736 de
809 3700 862 3750 quo
887 3683 980 3734 Tacit.
999 3680 1096 3732 Annal.
1114 3681 1195 3744 XVI,
1218 3680 1248 3742 6,
1270 3685 1298 3730 et

159 3747 249 3807 αὐτὸν
261 3761 335 3809 nott.
350 3756 387 3807 ad
400 3758 424 3820 1,
436 3757 479 3808 41.
521 3786 526 3800 ·
754 3754 811 3806 alia
830 3754 964 3820 quaedam
980 3749 1081 3803 similia
1097 3750 1203 3800 excitat
1214 3751 1299 3814 Wag-

755 3840 812 3877 ner.
823 3824 842 3877 1.
855 3822 873 3875 l.
887 3838 914 3888 p.
927 3823 969 3873 20.

785 3884 837 3944 δύο
849 3888 962 3957 παῖδες]
975 3892 1106 3956 Cypselum
1116 3887 1301 3953 ctchoplro-

754 3981 810 4016 nem
831 3967 916 4016 vocat
942 3960 1059 4026 Diogen.
1085 3957 1179 4007 Ladrt.
1205 3957 1233 4019 1,
1255 3956 1299 4019 94,

188 4024 274 4085 Ἐπεί
284 4047 314 4084 τε
327 4025 380 4098 yde
393 4024 447 4099 τὴν
463 4023 569 4083 ἕωυτθῦ
584 4032 705 4096 νυναῐιια
755 4034 831 4085 illum
857 4034 989 4084 maiorem
1014 4031 1083 4080 natu
1107 4025 1300 4092 stolidumque,

161 4100 322 4168 Μέλισσαν]
351 4104 393 4155 De
415 4102 566 4155 Periandro
589 4102 704 4162 Proelia,
755 4104 827 4155 hunc
841 4104 970 4154 minorem
981 4098 1196 4166 prudentemque
1213 4096 1300 4148 luisse

162 4178 209 4241 qni
223 4174 361 4240 Epidauri
380 4178 511 4239 tyrannus
530 4177 604 4235 erat,
623 4172 706 4223 filiam
755 4188 880 4225 narrans.
916 4173 1053 4235 Excerpta
1069 4166 1179 4219 Nicolai
1198 4168 1300 4218 Dama-

162 4246 320 4311 deperiente
341 4247 369 4296 et
390 4243 418 4293 in
434 4242 640 4308 ⁴matrimonium
658 4243 705 4293 du·
756 4244 841 4307 sceui,
855 4258 925 4309 quae
939 4241 1019 4291 modo
1031 4237 1155 4301 laudavi,
1169 4242 1301 4303 quattuor

163 4322 242 4367 cente
262 4318 455 4379 comparentur
467 4312 564 4363 Athen.
577 4312 661 4374 XlIl,
677 4311 704 4363 6.
756 4312 828 4365 illios
841 4313 1068 4374 commemorant,
1088 4308 1136 4374 qui
1152 4312 1232 4373 patre
1244 4308 1300 4357 iam

164 4401 190 4450 p.
201 4386 253 4436 589
272 4401 294 4436 s.
309 4383 359 4436 132
371 4383 413 4433 σᾶ.
426 4382 577 4448 Schweigh.
588 4382 705 4447 Diogen.
756 4399 821 4435 sene
831 4398 924 4434 umnec
936 4381 1068 4441 obierint,
1079 4380 1237 4444 Ευομονοικ,
1253 4375 1300 4441 qui

165 4454 255 4506 Laert.
267 4455 296 4520 1,
315 4454 350 4507 94
364 4468 422 4519 seq.
442 4452 569 4505 Parthen.
588 4467 648 4517 cap.
666 4453 704 4504 17.
756 4452 916 4505 Potidacam
926 4450 1062 4503 coloniam
1074 4448 1234 4508 deduxerat,
1247 4446 1299 4509 [ιγ-

1050 4529 1096 4594 7*

378 3929 444 3981 (lar.
462 3930 495 3981 L.
