3042 5125
238 380 298 443 186
665 378 935 441 HERODOTI

188 579 227 639 94
236 573 293 641 καὶ
303 574 439 650 δέκατος
452 559 557 651 οὗτος.
586 569 790 658 Παρικάνιοι
803 570 840 641 δὲ
854 572 910 640 καὶ
920 576 1084 647 Αἰθίοπες
1097 571 1133 636 oi
1143 570 1180 637 ἐκ
1192 569 1249 655 τῆς
1261 562 1444 653 Ἀσίηςαις

236 675 430 764 τετρακόσια
458 673 603 743 τάλαντα
629 672 829 763 ἀπαγίνεον·
862 671 963 763 νομὸς
990 676 1132 760 ἕβδομος
1157 672 1213 740 καὶ
1239 673 1385 749 δέκατος

235 771 340 861 οὗτος.
374 786 580 866 Ματιηνοῖσι
596 778 632 846 ol
646 780 702 847 καὶ
714 776 902 867 Σάσπειρσι
917 779 973 846 καὶ
988 774 1207 863 Ἀλαροδίοισι
1222 772 1386 861 διηκόσια

236 886 430 953 ἐπετέτακτο
442 880 602 950 τάλαντα·
617 879 717 970 νομὸς
731 878 850 969 ὄγδοος
860 882 916 950 καὶ
929 882 1065 959 δέκατος
1079 869 1184 958 οὗτος.
1207 875 1384 964 Μόσχοισι

415 1082 471 1133 cn
500 1081 589 1132 XCIV
832 1047 902 1169 lliibm
913 1046 1058 1099 Vendidad
1072 1047 1177 1099 decimo
1187 1044 1248 1096 loco
1260 1048 1385 1095 vocatur

474 1118 482 1134 ⁰
592 1119 599 1133 ⁸
860 1136 893 1168 or
926 1121 981 1171 om'.
1153 1140 1156 1145 ’

272 1177 447 1251 Παρικάνιοι
466 1178 496 1235 el
521 1181 570 1234 καὶ
589 1178 730 1242 Αἰθίοπες
752 1177 784 1233 ol
868 1134 1041 1252 Μάάαηνοίσι
1056 1177 1087 1233 δὲ
1102 1200 1128 1235 κ.
1147 1199 1170 1235 τ.
1188 1181 1223 1250 h]
1243 1181 1383 1233 Voculam

237 1247 267 1306 ἐκ
281 1254 332 1321 τῆς
342 1246 443 1320 Ἀσιής]
457 1257 546 1318 Quum
557 1255 694 1320 Aethiopes
705 1254 782 1305 Ario·
833 1250 869 1305 el
886 1273 947 1307 cum
964 1253 1183 1320 Schweighaeue.
1207 1258 1235 1303 et
1253 1252 1343 1303 Gaios.
1368 1268 1386 1302 e

236 1331 282 1378 tici
295 1324 405 1388 obVlI,
419 1326 452 1376 70
465 1340 549 1390 prope
563 1323 671 1373 ludium
685 1324 714 1373 iu
728 1328 783 1372 ter·
832 1327 993 1377 Florentino
1011 1324 1130 1384 inserui,
1157 1323 1292 1388 probante
1308 1322 1384 1372 Din—

237 1412 268 1446 rn
282 1395 412 1455 Makron,
428 1394 506 1444 Hunr
521 1392 636 1459 aliisque
655 1394 712 1443 eiut
727 1392 782 1443 col·
833 1395 928 1448 dorfio.
947 1395 1048 1447 Omisit
1060 1390 1186 1444 voculam
1195 1390 1317 1443 Dietech.
1335 1392 1386 1441 De

237 1464 356 1526 locandi,
366 1465 521 1514 Porioooioe
533 1463 643 1512 minime
658 1477 706 1528 pro
716 1463 783 1512 Bur·
835 1464 956 1517 Matienia
966 1464 1084 1515 diximus
1096 1461 1167 1523 adl,
1183 1463 1226 1524 72,
1241 1462 1274 1511 de
1286 1462 1386 1526 Saepi-
1438 1472 1441 1473 ’

238 1534 342 1595 neniis,
358 1532 446 1598 quiin
462 1533 573 1598 regione
587 1531 695 1582 Ballan
707 1531 783 1582 habi·
832 1535 903 1586 η’δνι
915 1535 949 1584 ad
963 1534 986 1596 1,
1005 1534 1064 1586 104.
1083 1530 1235 1593 Hooarldo,
1251 1529 1384 1581 Maltebr.

237 1605 332 1666 tarint,
342 1601 480 1653 habendos
492 1616 552 1652 esee
563 1607 654 1652 mouet
668 1600 781 1654 Rennel.
833 1603 852 1655 1.
863 1604 879 1653 l.
894 1604 1030 1654 Matienoe
1042 1600 1176 1653 collocare
1192 1602 1222 1650 in
1236 1600 1270 1651 iia
1285 1601 1384 1659 terrie,

236 1672 254 1724 l.
267 1674 285 1725 l.
300 1688 365 1738 pag.
384 1672 449 1735 517,
471 1671 520 1722 red
538 1670 625 1722 rideri
643 1672 736 1737 potine
755 1675 784 1722 et
834 1673 881 1724 ubi
891 1674 966 1724 laone
981 1670 1121 1733 Onrmiah,
1131 1671 1257 1736 Saepiree
1270 1671 1298 1719 in
1309 1670 1384 1720 Can·

236 1744 312 1807 ipeoe
322 1742 350 1792 in
363 1741 497 1792 Gedrosia
511 1741 570 1792 eive
583 1747 657 1792 terre
667 1740 784 1792 Makran
835 1758 899 1794 caso
918 1742 993 1794 circa
1006 1741 1100 1792 urbem
1119 1740 1239 1804 Eriren,
1259 1747 1290 1790 ut
1304 1755 1384 1789 nunc

236 1812 392 1875 habitasse,
414 1811 463 1862 ubi
488 1810 553 1861 urbe
579 1811 686 1875 Purah,
711 1825 784 1876 quae
835 1812 999 1879 appellatur.
1032 1811 1112 1862 Coui.
1143 1811 1227 1861 etiam
1252 1808 1384 1860 Wheeler

236 1880 386 1933 Alexandri
403 1885 496 1932 aetate
509 1885 687 1941 memoretur,
701 1885 784 1946 caput
834 1896 897 1949 pag.
912 1882 972 1934 284.
997 1882 1132 1939 Alarodii,
1154 1879 1199 1946 qui
1217 1877 1299 1929 iidem
1314 1879 1382 1939 vn,

237 1952 354 2002 fortisan
372 1952 463 2002 inerit.
488 1951 542 2001 Pro
556 1948 668 2001 Colchie
688 1949 784 2000 habuit
835 1951 869 2002 79
875 1956 1018 2016 vocantur,
1028 1950 1136 2002 vicinae
1146 1949 1188 2000 hir
1198 1949 1326 2015 gentibue
1338 1965 1383 1999 ae·

238 2021 402 2083 harchem,
415 2036 494 2087 quem
507 2019 609 2071 refellit
622 2018 782 2085 Schweigh..
834 2023 882 2074 dee
895 2036 1044 2087 oocupaeee
1058 2019 1193 2072 videntur.
1220 2018 1274 2082 Qui
1287 2024 1382 2069 utrum

237 2091 285 2157 qui
302 2091 335 2142 oh
356 2091 423 2150 vn,
448 2090 498 2152 98,
518 2089 566 2139 ubi
585 2106 646 2140 cum
662 2089 737 2140 Utiie
755 2092 783 2138 et
833 2107 882 2158 pro
902 2089 1052 2142 Alanorum
1073 2088 1223 2140 maioribus
1249 2089 1305 2140 rint
1328 2088 1381 2138 ha-

237 2161 340 2226 Mycie,
352 2160 499 2226 Erythraei
512 2158 594 2210 marie
608 2157 715 2221 incolis,
733 2174 781 2208 no
834 2160 925 2223 bendi,
941 2162 1048 2227 quaerit
1059 2160 1163 2209 Ritter:
1178 2157 1327 2209 Brdkunde
1339 2157 1381 2208 11.

238 2230 375 2280 minantur
389 2229 543 2291 Paricouii,
557 2226 782 2279 eoericinoehia
834 2246 897 2296 pag.
916 2230 977 2282 849.
994 2230 1055 2281 922.
1080 2229 1222 2279 Alarodioa
1240 2228 1382 2278 ethrme·

238 2300 306 2364 ipeie
325 2298 455 2362 gentibue
476 2298 563 2350 fuieee
580 2298 688 2349 etatuit.
718 2294 782 2348 vid.
833 2301 896 2350 niae
915 2299 1058 2364 provincii
1076 2298 1229 2360 contineri,
1249 2296 1293 2347 eui
1306 2312 1382 2347 nnnc

238 2367 295 2429 Ill,
314 2368 348 2418 93
365 2367 459 2432 ibique
471 2372 541 2417 nott.
567 2367 608 2417 Ad
623 2366 718 2417 Indum
734 2366 782 2415 llu-
833 2385 931 2421 nomeu
944 2370 1061 2431 Aoorod,
1073 2367 1217 2418 contendit
1229 2366 1330 2417 Vivien
1345 2366 1382 2417 de

237 2436 309 2486 vium
331 2435 453 2502 adeoque
472 2438 500 2485 iu
514 2436 664 2489 Gedrosiae
676 2441 704 2486 et
719 2435 783 2485 Cur·
833 2440 875 2489 St.
886 2439 988 2490 Martio
1002 2435 1129 2503 (Journal
1147 2436 1174 2487 d.
1186 2438 1291 2501 νοτες.
1311 2436 1381 2488 1847

238 2504 344 2555 maniae
364 2504 523 2572 regionibur
541 2505 620 2556 sedes
635 2506 783 2571 Aethiopum
834 2506 907 2559 luill.
923 2524 949 2575 p.
967 2508 1026 2572 14),
1040 2507 1085 2557 cui
1098 2505 1249 2558 assentitur
1264 2507 1381 2571 Quatre-

238 2575 407 2628 Aeiatieorom
432 2574 602 2642 quaerendae
625 2591 685 2626 eree
708 2580 782 2626 reete
833 2577 1060 2640 mercenorum
1077 2576 1182 2627 l'hoad.
1198 2575 1403 2643 ‹l.luacriptt.¹
1511 2627 1512 2634 ,

237 2644 548 2697 contenditBillerbeek.
558 2643 602 2695 ll.
612 2661 639 2712 p.
650 2645 692 2708 15,
703 2660 782 2711 prae·
834 2648 908 2710 XIX,
920 2650 944 2700 1.
959 2663 986 2712 p.
1003 2645 1075 2710 442),
1094 2647 1127 2696 In
1142 2648 1268 2697 cuneatie
1282 2647 1383 2698 inreri-

237 2716 331 2766 eertim
351 2731 412 2766 cum
430 2714 519 2767 inhio
538 2715 617 2766 terrie
634 2715 783 2767 etiamnum
835 2717 975 2784 ptionibue
993 2716 1061 2767 nihil
1077 2717 1231 2779 iuvenitur,
1250 2716 1324 2781 quod
1343 2716 1382 2767 ad

238 2785 360 2836 hominen
384 2786 456 2836 facie
473 2786 622 2852 nigricuuti
643 2785 783 2835 invenien·
833 2788 906 2838 hanc
918 2787 1052 2837 Herodoti
1062 2786 1211 2849 eutropium
1224 2786 1372 2852 pertineat.

237 2860 290 2906 tur.
310 2856 367 2907 Nec
382 2855 463 2907 aliter
478 2856 534 2907 tere
548 2854 737 2906 hleltebrun.l
763 2853 782 2906 1.
870 2852 1011 2920 Μόσχοισι
1025 2849 1054 2905 δὲ
1075 2851 1124 2905 καὶ
1145 2852 1333 2920 Τιβαρηνοῖσι
1351 2871 1379 2906 ιι.

238 2942 264 2991 p.
283 2925 334 2977 342
355 2931 383 2978 et
399 2926 533 2977 Wheeler.
559 2924 578 2977 1.
596 2926 615 2978 l.
634 2940 696 2990 ρας.
720 2924 782 2975 298.
834 2942 857 2976 r.
879 2922 913 2990 7.]
945 2926 1022 2977 Hueo
1048 2927 1185 2991 camapio,
1213 2925 1381 2977 observante

237 2995 298 3046 299.
317 2989 455 3054 Αἰθίοπες
468 2987 499 3044 oi
508 2985 538 3044 ἐκ
554 2992 605 3060 τῆς
617 2985 706 3052 Ἀσίας
723 2994 750 3044 h.
763 2992 781 3044 1.
834 2995 944 3047 Rennel.
966 3011 1029 3061 pap.
1044 2995 1111 3056 597,
1131 2996 1264 3047 orientem
1283 3011 1383 3048 versun

237 3064 724 3207 11991919999999.
737 3063 782 3181 1ιῖ
833 3064 1383 3200 etmel.lehithhallel?

237 3217 341 3268 ηυττῳ,
356 3202 649 3268 dequihueNooterII,
661 3203 780 3267 eeeeqq.
834 3220 885 3270 que
901 3203 936 3255 ad
957 3204 1185 3255 Thermodontem
1214 3205 1327 3256 flurium
1352 3212 1382 3255 et

238 3270 330 3332 111‚20
338 3271 478 3337 eeqq.Qui
489 3272 598 3337 utrique
607 3272 679 3337 quod
687 3272 782 3322 eodem
832 3276 949 3325 Pontum
965 3275 1102 3325 Euxinum
1123 3290 1140 3324 a
1161 3274 1274 3325 meridie
1287 3275 1382 3326 Arme·

236 3340 401 3406 Aethiopum
421 3342 530 3391 nomine
547 3340 736 3406 appellantur,
753 3339 783 3389 id
832 3344 896 3395 niae
912 3344 1051 3395 montibus
1067 3344 1275 3395 terminabatur.
1308 3344 1379 3396 Adel.

238 3410 272 3459 ob
284 3409 781 3462 cutiocoloremeimilemicreiactum
833 3413 959 3465 Wheeler
977 3430 1004 3479 p.
1019 3414 1079 3464 280.
1103 3415 1192 3478 Atque
1210 3430 1272 3466 cum
1289 3415 1381 3465 Xeno-

236 3479 338 3541 videri,
358 3479 474 3530 adnotat
490 3482 592 3530 Krune:
613 3480 723 3532 Indiene
744 3479 782 3530 lil-
831 3482 904 3549 phou
919 3483 1039 3535 Anabae.
1055 3485 1093 3544 V,
1117 3482 1133 3533 8
1150 3499 1225 3549 seqq.
1246 3483 1298 3535 hae
1319 3500 1381 3536 eae·

236 3554 308 3601 teete
322 3548 486 3601 Geechichte
498 3566 525 3614 p.
540 3548 582 3600 31.
605 3549 684 3600 Conl.
698 3550 780 3604 etiam
832 3552 893 3604 dem
907 3552 965 3605 iere
981 3557 1077 3619 genter
1090 3554 1214 3605 nominet
1225 3553 1260 3604 ab
1274 3555 1382 3605 oriente

236 3619 284 3674 IV.
298 3618 346 3668 197
358 3623 385 3670 et
397 3619 460 3683 VII,
473 3621 516 3672 89.
531 3620 574 3682 79,
585 3620 631 3670 uhi
645 3619 724 3685 plura
739 3619 780 3668 ai·
832 3624 1000 3674 occidentem
1020 3637 1115 3674 verene
1133 3623 1313 3688 proficiscens
1332 3640 1382 3690 per

236 3688 365 3740 feremur.
386 3689 418 3739 Iu
435 3688 661 3755 inscriptionibus
680 3705 780 3740 cuneo·
832 3698 920 3744 terrae
942 3693 1116 3755 Macronem,
1142 3693 1381 3758 Moeynoecornm,

234 3759 271 3810 tie
287 3757 361 3810 nulla
376 3758 514 3811 invenitur
531 3760 633 3810 mentio
657 3759 780 3824 gentium
831 3761 983 3826 Chalybum
999 3768 1026 3813 et
1036 3762 1241 3827 Tibarenorum,
1255 3762 1382 3815 Herodo-

234 3828 270 3880 ad
283 3827 354 3880 hauc
365 3830 517 3895 eutropium
530 3828 695 3892 relatarum,
713 3825 779 3892 ulei,
831 3832 961 3894 troII,
986 3832 1020 3884 78
1037 3831 1169 3883 Reunelio
1188 3833 1298 3883 videtur
1314 3850 1383 3900 geu·

234 3899 308 3963 quod
321 3898 402 3949 valde
420 3900 547 3962 dubium,
565 3899 662 3962 lllalra,
679 3899 712 3949 de
725 3914 780 3963 qua
832 3904 900 3953 tium
929 3902 1039 3952 nomina
1075 3901 1242 3954 confudisse.
1277 3902 1384 3957 Moschi

235 3973 308 4021 terra
318 3968 353 4019 ad
365 3969 418 4031 ΙΙΙ,
428 3969 461 4022 93
473 3969 601 4028 diximus,
616 3968 781 4020 huoreserre
832 3972 905 4037 opud
921 3971 1128 4038 Xenophontem
1149 3986 1205 4024 non
1221 3981 1380 4036 occurrunt,

233 4038 318 4088 velie:
337 4037 428 4090 malim
447 4040 570 4104 cogitare
588 4038 621 4088 de
642 4054 675 4089 ea
694 4043 778 4102 terre,
830 4041 878 4093 sed
897 4042 969 4107 apud
986 4042 1155 4093 Herodotum
1176 4043 1246 4104 VII,
1262 4044 1307 4095 78.
1338 4044 1382 4096 De

234 4122 305 4173 quae
325 4107 427 4158 inillis
448 4108 676 4174 inscriptionibus
695 4124 779 4160 voco·
830 4111 969 4162 montibus
995 4109 1167 4163 Moschorum
1192 4111 1265 4163 conl.
1283 4113 1380 4165 Strab.

232 4181 278 4226 tur
289 4178 449 4228 Horoouotia
462 4193 485 4228 e.
500 4180 649 4228 lloromotir
659 4177 708 4242 (ci.
725 4179 778 4244 Op·
830 4181 878 4231 XI.
898 4198 924 4247 p.
940 4182 992 4233 492
1007 4198 1029 4232 e.
1045 4182 1095 4232 754
1111 4182 1143 4232 Α.
1159 4177 1186 4232 et
1198 4182 1262 4234 Xll.
1274 4198 1301 4246 p.
1315 4183 1380 4233 521.

232 4251 302 4311 pert.
319 4243 336 4295 l.
349 4245 367 4295 l.
379 4260 443 4310 pag.
459 4247 520 4308 284,
532 4248 638 4298 Lauren
652 4246 668 4296 1.
686 4246 704 4297 l.
716 4263 779 4314 pag.
831 4251 882 4302 548
898 4267 921 4305 e.
938 4249 989 4302 793
1004 4253 1036 4302 Α.
1051 4255 1080 4302 et
1092 4250 1144 4302 825
1157 4251 1189 4301 Β.
1224 4250 1286 4302 Alia
1300 4252 1382 4303 dabit

231 4313 287 4378 92),
298 4316 317 4365 i.
329 4331 354 4365 e.
362 4314 516 4379 Arachosia,
530 4317 608 4367 cuiue
620 4316 695 4367 nulla
705 4318 779 4384 apud
831 4320 991 4371 Tzeehucke
1009 4320 1044 4370 ad
1053 4322 1187 4386 Pompon.
1205 4320 1269 4373 Mel.
1285 4321 1340 4384 111,
1354 4324 1380 4374 5.

230 4385 402 4436 Herodotum
420 4385 448 4434 in
464 4383 517 4436 hac
537 4386 719 4451 eutrapiarum
738 4402 779 4438 re·
830 4392 856 4451 §-
866 4392 892 4440 4.
906 4405 968 4456 pag.
992 4388 1043 4441 189
1060 4405 1116 4456 neq.
1145 4391 1287 4444 litoream
1300 4392 1382 4442 norit

230 4469 314 4506 ceneu
333 4455 435 4505 mentio
456 4453 497 4506 ut.
530 4456 633 4506 Eodem
657 4458 778 4507 terrain
830 4458 988 4525 Xenophon.
1010 4459 1098 4511 Anah.
1110 4461 1149 4524 V,
1161 4461 1191 4525 5,
1204 4459 1232 4524 1,
1249 4460 1298 4511 uhi
1312 4477 1383 4513 oon·
