3042 5125
233 382 275 448 sa
667 369 939 443 Hnrtonorr

234 574 393 664 στρατόν·
421 571 460 644 τὸ
474 575 639 643 ἐνθεῦτεν
660 573 715 657 dl,
741 569 792 642 ὅτι
811 570 856 662 μὴ
869 569 966 641 αὐτοὶ
982 568 1162 660 Ἀμμώνιοι
1177 571 1234 640 καί
1247 574 1283 640 ui
1293 568 1371 639 τού-

233 707 302 749 των
315 676 534 762 ἀκούσαντες,
556 674 652 747 ἄλλοι
667 673 806 757 οὐδένες
819 672 922 745 οὐδὲν
941 680 1054 763 ἔχουσι
1076 680 1185 744 sissia
1204 674 1281 760 περὶ
1302 670 1429 742 asi-208

232 789 319 853 τῶν·
347 779 425 853 οὔτε
438 779 504 871 γὰρ
517 782 550 861 ἐς
564 778 641 861 τοὺς
657 777 864 870 Ἀμμωνίους
878 775 1055 864 ἀπίκοντο,
1078 775 1156 848 οὔτε
1175 773 1283 845 ὀπίσω
1298 776 1371 846 ἐνό-

234 908 371 975 στησαν.
398 883 529 972 λέγεται
544 883 582 954 dl
595 885 651 953 sul
664 883 744 954 τάδε
757 878 818 953 ὑπ’
834 879 948 953 αὐτῶν
962 879 1176 971 Ἀμμωνίων·
1205 877 1322 968 ἐπειδὴ
1336 882 1373 949 ἐκ

233 987 430 1079 τῆςὉάσιος
442 987 565 1076 ταύτης
578 985 665 1058 ίὲναι
680 985 737 1055 διὰ
755 992 814 1075 τῆς
833 986 972 1074 ψάμμον
993 987 1048 1053 ἐπὶ
1065 983 1187 1071 σφέας,
1212 981 1373 1069 γενέσθαι

233 1120 269 1162 τε
283 1089 406 1171 αὐτοῦς
419 1089 542 1180 μεταξύ
556 1118 618 1160 κου
631 1087 775 1178 μάλιστα
788 1084 902 1157 αὐτῶν
920 1115 956 1157 τε
978 1088 1036 1156 καὶ
1056 1092 1113 1175 τῆς
1131 1082 1276 1170 Ὀάσιος,
1298 1083 1372 1174 ἄμι-

234 1218 314 1266 στον
327 1193 551 1285 αίρεομὲνοισι
564 1190 695 1262 αὐτοῖσι
708 1196 908 1262 ἐπιπνεῦσαι
921 1190 1021 1262 νότον
1033 1189 1142 1281 μέγαν
1160 1215 1197 1257 τε
1211 1191 1267 1257 καί
1285 1192 1373 1272 ἐξαί-

233 1324 323 1384 σιον,
353 1296 521 1387 φορέοντα
536 1296 574 1366 dl
602 1307 703 1376 θῖνας
722 1301 781 1384 τῆς
800 1293 938 1384 ψάμμον
958 1295 1149 1382 ιιαταχῶσαί
1167 1313 1290 1379 σφεας,
1318 1293 1376 1360 καὶ

234 1401 347 1496 τρόπῳ
361 1400 501 1495 τοιούτῳ
515 1398 757 1488 ἀφανισθῆναι.
793 1395 972 1487 Ἀμμώνιοι
985 1399 1049 1488 μὲν
1063 1393 1151 1467 οὕτω
1165 1394 1301 1483 λέγουσι
1316 1422 1374 1483 γε·
1405 1427 1413 1443 ·

235 1505 357 1577 νὲσθαι
371 1506 446 1596 περὶ
462 1510 522 1593 τῆς
535 1508 690 1593 στρατιῆς
704 1501 837 1591 ταύτης.

190 1639 229 1701 27
335 1637 537 1730 Ἀτιγμὲνον
555 1641 592 1713 dl
608 1640 799 1730 Καμβύσεω
823 1641 855 1719 ἐς
869 1636 1013 1726 Μέμφιν
1033 1635 1141 1726 ἐφάνη
1158 1640 1377 1723 Αἰγυπτίοισι

235 1881 391 1948 gyptiorum
404 1878 630 1945 sacerdotumque
643 1894 676 1930 ac
688 1893 781 1944 regum

236 1950 418 2002 cadaveribus
443 1949 605 2014 recipiendis
631 1948 780 2000 destinata.

236 2019 311 2071 Malo
323 2021 394 2071 eninr
407 2020 459 2071 hac
477 2020 507 2069 in
521 2034 606 2071 cansa
622 2034 684 2070 cum
698 2019 781 2068 d'An·

236 2090 311 2141 rillio
330 2091 423 2142 facere
442 2086 533 2153 (Mira.
551 2105 598 2140 sur
617 2088 737 2154 l’Egypt
753 2104 779 2153 p.

238 2159 315 2226 188),
338 2175 421 2226 quam
442 2175 502 2209 cum
526 2157 663 2210 Larcbero
688 2157 781 2222 (Tabl.

236 2245 328 2295 geogr.
344 2246 371 2294 p.
385 2228 457 2286 376).
484 2229 552 2279 Nam
566 2228 686 2293 antiquis
697 2229 781 2279 Grae·

236 2299 276 2349 cis
302 2297 350 2349 illa
373 2298 497 2363 seprdcra
520 2297 660 2351 Thebaica
687 2298 781 2362 ignota

237 2368 323 2418 fuisse
333 2383 411 2419 uerno
425 2367 584 2428 crediderit,
599 2367 648 2431 qui
661 2366 714 2417 loci
726 2366 781 2416 Ηο-

237 2437 331 2487 merici
354 2437 389 2487 de
414 2436 601 2501 magnitudine
626 2435 781 2486 Thebarum

235 2508 291 2558 sim
305 2506 458 2573 intelligere
470 2504 578 2557 calleat.
601 2507 638 2555 At
650 2521 714 2556 vero
726 2504 781 2554 sui·

236 2577 292 2629 licit
303 2577 384 2628 nobis
397 2577 431 2628 ad
446 2581 566 2628 nostram
583 2591 694 2627 musam
713 2574 780 2625 iilud

236 2651 343 2697 tenere:
363 2647 414 2697 snb
423 2661 512 2696 rerum
523 2647 716 2711 Aegyptiarum
728 2645 781 2711 pri·

237 2716 349 2767 mordiis
364 2715 473 2767 Thebae
492 2734 525 2768 eo
545 2717 605 2766 loco
618 2732 652 2766 ac
668 2731 780 2767 numero

236 2786 336 2850 fuisse,
358 2790 430 2837 utet
446 2786 614 2852 reipublicae
632 2792 660 2836 et
674 2785 781 2851 religio·

236 2872 300 2909 num
308 2861 391 2922 ceput
402 2872 435 2908 ac
446 2857 586 2924 fastigium
594 2856 781 2908 censeretur.“

238 2928 349 2979 Oreus.
376 2928 405 2977 in
428 2928 590 2979 Commentt.
609 2925 731 2978 Herodd.
753 2941 781 2990 p.

235 2996 270 3049 00
283 3012 360 3063 seqq.
404 3066 416 3089 ο

272 3127 377 3197 λέγεται
399 3125 430 3182 dh
450 3128 499 3181 sel
525 3124 592 3183 τάδε
611 3122 663 3182 ὑπ’
686 3122 782 3181 αὐτῶν

235 3193 402 3268 Ἀμμωνίων]
431 3196 479 3249 καί
498 3218 558 3252 curn
578 3201 729 3267 Schweigh.
754 3206 782 3253 et

237 3272 327 3325 Gaisf.
339 3271 459 3337 reposui.
477 3271 623 3322 Abieeerat
633 3270 782 3322 Wesselin-

235 3343 311 3407 gius,
327 3358 406 3408 quern
418 3340 697 3392 recentt.edd.secuti
708 3345 781 3392 sunt.

236 3414 317 3463 Hanc
328 3428 393 3462 vero
403 3414 599 3473 narrationem,
610 3411 643 3462 de
652 3427 706 3476 qua
716 3427 780 3461 con·

237 3482 328 3532 serunt
342 3479 440 3532 lustin.
453 3481 476 3543 I,
490 3482 507 3532 9
521 3485 549 3531 er
560 3480 655 3533 Senec.
666 3481 780 3543 Quaest.

236 3552 312 3603 Natt.
326 3552 363 3614 ΙΙ,
377 3552 419 3613 32,
433 3549 458 3599 si
470 3552 541 3615 quis,
553 3566 624 3615 quae
634 3550 679 3603 vel
688 3566 781 3602 recen-

236 3621 352 3672 tioribus
377 3620 543 3684 temporibus
568 3620 624 3671 illic
645 3621 781 3671 accidisse

236 3692 487 3755 dicuntur,reputat
498 3688 652 3757 multosque
664 3690 782 3755 peregri-

236 3766 334 3812 nantes
345 3777 399 3811 una
410 3776 470 3811 curn
483 3761 604 3825 camelis,
614 3760 687 3823 aliis,
698 3762 782 3810 areni

235 3835 327 3883 ventis
351 3831 455 3881 adflata
478 3831 590 3882 obrutos
616 3847 677 3883 esse
698 3831 779 3893 norit,

235 3903 345 3953 minime
364 3900 549 3951 incredibilem
563 3901 653 3952 videri
667 3900 712 3949 virt
727 3906 779 3961 est,

235 3971 308 4036 quod
329 3986 462 4021 moneam.
496 3971 591 4036 Neque
613 3968 782 4021 incredibilis

234 4039 283 4090 illa
292 4041 399 4090 videtur
408 4042 467 4090 viro
477 4040 572 4103 docto,
584 4040 637 4091 Iul.
649 4041 779 4105 Magnus:

236 4111 294 4160 Des
303 4109 521 4160 Einbalsamiren
532 4109 580 4161 der
589 4109 708 4160 Leiclren
718 4126 744 4174 p·
752 4111 779 4171 8,

235 4179 352 4242 aliisque
364 4179 418 4231 viri
427 4179 528 4229 doctis.
567 4180 639 4241 Quin
651 4180 723 4243 quod
734 4179 777 4230 his

235 4249 304 4314 ipsis
316 4248 529 4312 integrorum,
551 4249 580 4298 in
592 4249 689 4313 quibus
700 4248 777 4299 Ganr-

234 4319 310 4383 bysis
330 4318 480 4369 exercitum
499 4319 612 4383 periisse
631 4318 780 4370 verisimile

235 4394 286 4445 est,
301 4404 386 4452 nuper
399 4386 543 4437 admodum
552 4387 614 4438 loca
626 4388 734 4451 altiora,
745 4405 779 4440 ex

235 4459 343 4511 ossibus
359 4474 431 4523 quae
447 4462 590 4519 coustant,
604 4459 678 4509 terri.
690 4459 779 4524 sepul-

831 1891 938 1929 crorum
952 1874 986 1925 ad
999 1876 1087 1925 instar
1099 1875 1311 1939 superimpositi
1320 1910 1327 1936 ,
1337 1876 1377 1923 in·

831 1951 914 1998 venta
929 1950 1011 2006 sunt,
1029 1945 1144 2008 triginta
1157 1960 1282 2007 numero,
1304 1959 1378 2008 quae

831 2015 940 2081 singula
962 2015 1004 2064 vel
1025 2019 1135 2065 centum
1151 2015 1276 2080 adeoque
1296 2013 1378 2079 plura

830 2086 969 2138 hominum
982 2086 1118 2136 cadavera
1129 2085 1268 2135 continere
1281 2088 1378 2149 potue-

830 2156 895 2208 rint.
907 2156 947 2205 Ac
957 2155 1047 2219 plnres
1058 2154 1213 2204 istiusmodi
1224 2153 1308 2205 colles
1318 2153 1378 2204 iore

831 2231 862 2276 ut
878 2227 1068 2288 inveniantur,
1091 2223 1235 2275 adfirmant
1253 2224 1378 2274 deserto-

831 2311 890 2345 rum
914 2295 1028 2346 istorum
1051 2293 1166 2346 incolae.
1191 2295 1252 2344 l'id.
1271 2294 1376 2343 Ritter:

832 2364 979 2416 Erdlrunde
989 2365 1012 2415 I.
1020 2364 1141 2430 papate
1155 2362 1320 2414 collldeler.
1331 2362 1376 2413 1.Ι.

832 2451 859 2500 p.
871 2434 937 2495 417,
949 2434 1010 2496 cui,
1022 2450 1093 2499 quae
1105 2434 1138 2484 de
1150 2449 1261 2484 numero
1274 2436 1378 2483 exerci-

834 2512 877 2555 tus
888 2505 1033 2554 Persarum
1052 2504 1096 2555 hic
1114 2507 1276 2567 narrantur,
1294 2518 1379 2569 exag-

832 2578 928 2641 gerata
943 2573 1084 2636 videntur-3
1107 2575 1206 2625 Persas
1222 2574 1269 2625 illo
1287 2579 1378 2639 putat,

830 2661 847 2695 a
873 2643 1033 2696 ductoribus
1054 2645 1198 2711 Aegyptiis
1226 2645 1254 2694 in
1282 2644 1379 2694 mediis

831 2715 948 2766 desertis
964 2714 1108 2766 derelictos
1128 2721 1156 2764 et
1175 2715 1314 2779 proditos,
1337 2715 1379 2763 ita

830 2800 896 2850 prae
920 2784 1119 2849 defatigatione
1141 2784 1313 2850 omniumque
1334 2800 1378 2834 re-

832 2870 906 2917 rum,
925 2869 1013 2920 aquae
1026 2856 1195 2918 praesertim,
1210 2854 1303 2919 inopia
1317 2867 1379 2919 per·

831 2924 907 2975 iisse.
942 2924 1045 2989 Arrigis
1072 2924 1256 2975 Herodoteam
1283 2938 1379 2973 narra-

833 2995 935 3045 tionem
952 3010 1059 3059 qnoque
1073 2994 1193 3045 Hoslrins
1208 2992 1335 3059 (Trarels
1349 2993 1379 3043 in

832 3063 944 3129 llthiop.
952 3080 978 3128 p.
989 3064 1032 3115 30.
1044 3063 1126 3115 Visit.
1137 3070 1166 3114 to
1178 3062 1224 3114 the
1234 3070 1312 3129 great
1323 3064 1378 3113 Oa-

833 3134 871 3184 sis
884 3139 936 3185 etc.
958 3149 1020 3199 pag.
1033 3133 1085 3185 260
1097 3134 1199 3199 seqq),
1218 3133 1265 3198 qui
1285 3133 1313 3182 in
1331 3132 1377 3183 de·

833 3205 915 3254 sertis
938 3219 1021 3269 prope
1040 3203 1130 3253 Siwalr
1154 3202 1237 3253 colles
1258 3203 1377 3253 inueniri

832 3274 928 3324 scribit
949 3288 1065 3334 arenae,
1092 3289 1162 3339 quae
1183 3279 1323 3323 ventorum
1348 3273 1379 3321 vi

834 3348 907 3394 mota
918 3344 1034 3393 transire
1044 3342 1166 3393 volentes
1176 3343 1308 3408 impediat
1318 3359 1378 3393 eos-

831 3429 883 3477 qne
900 3412 1006 3478 regredi
1025 3418 1118 3477 cogat:
1144 3429 1232 3477 neque
1254 3428 1317 3464 vero
1337 3418 1378 3462 to-

831 3488 888 3533 tum
896 3486 1045 3533 exercitum
1053 3483 1159 3548 aliquot
1167 3483 1319 3547 myriadum
1329 3482 1378 3533 bu·

830 3552 948 3603 iusruodi
964 3553 1118 3603 turbinibus
1141 3552 1311 3617 pessumdari
1330 3569 1377 3617 po

830 3622 916 3673 tuisse
931 3627 1026 3685 putat,
1046 3623 1095 3674 sed
1106 3623 1203 3673 Persas
1221 3638 1238 3673 a
1255 3623 1318 3673 viae
1331 3623 1378 3672 du-

830 3693 908 3743 cibus
931 3692 1018 3744 salsos
1037 3693 1065 3742 in
1085 3692 1233 3757 perniciem
1250 3710 1310 3744 esse
1329 3692 1377 3742 ad·

831 3763 937 3814 ductos.
959 3789 994 3800 -
1017 3752 1128 3811 udrosos
1151 3778 1199 3825 pro
1221 3762 1296 3827 vulg.
1324 3752 1374 3810 ors}-

832 3827 917 3881 νέοισι
940 3848 955 3881 e
975 3832 1114 3883 Sancrdfti
1133 3831 1203 3882 libro
1227 3831 1291 3882 dedi
1315 3848 1377 3881 cum

831 3907 944 3952 recentt.
964 3902 1025 3951 edd.
1045 3903 1155 3953 iubente
1172 3902 1290 3953 Bredov.
1311 3917 1375 3966 pag.

830 3971 891 4022 246,
905 3997 939 4006 —
950 3960 1073 4032 ἐξαίσιος
1089 3971 1122 4021 da
1133 3977 1215 4021 rento
1230 3971 1376 4022 admodum

830 4041 983 4093 vehementi
1010 4056 1169 4106 omnemque
1194 4042 1304 4092 modum
1332 4056 1376 4091 ex-

830 4111 944 4162 cedente
958 4111 1086 4162 direrunt
1103 4126 1212 4177 quoque
1223 4110 1376 4177 Xenophon

829 4180 937 4231 Hellen.
952 4183 985 4243 V,
999 4184 1024 4241 4,
1039 4183 1070 4231 17
1087 4186 1115 4231 et
1127 4181 1206 4231 Plato
1223 4183 1294 4232 Tim.
1311 4198 1374 4246 pag.

829 4253 863 4301 22
876 4252 909 4301 Ε.
937 4251 1015 4312 Quae
1032 4250 1213 4313 antecedunt,
1236 4245 1324 4314 μέγαν
1346 4265 1375 4300 τε

828 4315 889 4379 καί,
917 4337 966 4385 pro
985 4320 1149 4385 glossemate
1172 4320 1257 4371 habet
1273 4320 1377 4371 Mehler

830 4390 858 4439 in
878 4390 1047 4455 Mnemosyn.
1063 4392 1097 4441 V.
1119 4407 1145 4455 p.
1164 4391 1213 4454 db,
1237 4392 1282 4442 cui
1301 4390 1376 4457 equi-

830 4460 891 4511 dem
912 4460 1021 4513 minimc
1038 4460 1183 4512 assentior.
