3042 5125
445 360 772 422 MELPOMBNB.
796 361 850 421 IV.
875 373 917 425 53.
1188 362 1250 424 413

92 559 194 639 ιθιέχει
211 550 341 641 φράσαι.
374 559 531 639 φαίνεται
559 551 596 620 δὲ
620 554 706 641 ῥέων
729 547 777 620 δι’
800 549 924 639 ἐρήμου
951 555 984 629 ἐς
1004 555 1072 620 των
1092 559 1252 642 γεωργῶν

131 658 282 725 Σκυθέων
301 652 362 743 τὴν
382 654 510 745 χώρην·
543 645 636 724 οὗτοι
664 653 728 744 γδιρ
753 659 788 723 οἱ
804 652 942 724 Σκύθαι
961 649 1046 743 παρ’
1067 652 1172 725 αὐτὸν
1197 659 1251 726 ἐπὶ

131 763 199 827 δέκα
210 755 356 847 ἡμερέων
370 758 474 828 πλόον
487 761 654 848 νέμονται.
688 758 818 847 μούνου
834 757 870 826 δὲ
889 755 1010 826 τούτου
1026 763 1086 827 πού
1099 766 1251 848 ποταμοῦ

129 863 176 931 nul
187 868 310 932 Νείλου
323 858 385 931 οὐκ
405 869 468 950 ἔχω
491 862 617 952 φράσαι
633 859 691 942 τὰς
706 860 828 950 πηγάς·
859 863 962 930 δοκέω
977 860 1031 945 δὲ,
1045 858 1125 931 οὐδὲ
1140 859 1252 943 οὐδεὶς

124 963 281 1052 Ἑλλήνων.
323 962 442 1054 Ἀγχοῦ
454 993 490 1036 τε
505 964 547 1056 δὴ
559 964 730 1054 θαλάσσης
744 960 763 1033 δ
779 967 994 1052 Βορυσθένης
1009 968 1097 1052 ῥέων
1112 974 1250 1052 γίνεται,

128 1076 178 1139 καί
189 1073 222 1137 oi
236 1077 454 1159 συμμίσγεται
470 1065 488 1138 ὃ
504 1066 663 1156 Ὕπανις,
687 1072 720 1149 ἐς
741 1064 848 1137 ιωυιδ
866 1072 938 1147 ἕλος
959 1068 1122 1149 ἐκδιδούς.
1156 1067 1193 1137 ιδ
1215 1070 1251 1139 δέ

128 1236 218 1303 uigou,
237 1237 271 1287 nd
285 1236 380 1288 urbem
394 1236 458 1288 Orel
470 1243 497 1288 et
511 1238 603 1289 Kursh
614 1254 658 1289 us·
708 1236 742 1288 de
753 1234 873 1287 laMalle
885 1234 1039 1300 Gangreph.
1052 1234 1187 1301 physiqus
1199 1241 1252 1287 ete.

127 1305 250 1371 queillam
259 1307 366 1371 quidem
376 1309 565 1371 pertinentem.
583 1308 657 1358 Idem
707 1323 735 1373 p.
756 1304 821 1365 120;
845 1309 877 1354 ut
899 1319 966 1353 saue
992 1303 1061 1355 haee
1083 1306 1163 1370 palus
1189 1305 1252 1356 olim

127 1376 163 1426 vir
175 1375 267 1427 doetus
278 1377 343 1428 iude
360 1380 442 1428 etiam
457 1378 592 1429 desertam
606 1383 660 1428 ter·
708 1377 794 1427 multo
811 1375 899 1440 magis
917 1379 1031 1425 extensa
1045 1374 1132 1427 fuisse
1150 1377 1253 1441 cogite·

127 1460 189 1507 rem,
198 1461 276 1511 qnam
288 1452 413 1512 permeat
423 1447 608 1514 Borysthenes
622 1445 658 1497 ad
710 1454 762 1496 tur.
792 1444 830 1495 at
841 1448 915 1495 reete
927 1445 1058 1496 observat
1070 1446 1154 1508 iiiut,
1167 1446 1254 1509 Bory-

127 1514 275 1579 Boythsrum
305 1516 489 1582 agricolarum
521 1518 658 1582 regionem
709 1516 820 1566 sthenes
835 1515 860 1564 si
869 1514 1002 1564 Herodoti
1015 1521 1107 1565 aetate
1123 1517 1152 1565 in
1161 1515 1254 1566 Maeo-

126 1587 285 1650 perveniens,
305 1586 513 1652 qnaerivultin
526 1588 658 1653 gubernio
709 1586 794 1636 tidem
817 1584 984 1647 influxisset,
1010 1585 1062 1635 hoe
1085 1586 1209 1650 prolecto
1237 1602 1253 1634 a

127 1654 206 1705 llinsk
219 1660 246 1706 et
259 1648 415 1707 Smolensk.

136 1789 139 1794 ξ
156 1715 182 1781 ἐς
193 1723 244 1775 τῶν
260 1723 392 1791 γεωργῶν
404 1717 555 1790 Σκυθέων]
579 1725 658 1776 cons.

128 1799 186 1846 nott.
206 1794 241 1845 ad
258 1795 314 1860 IV,
336 1797 378 1848 17.
402 1795 443 1849 18.
465 1821 497 1831 -
526 1792 658 1858 φαίνεται

128 1855 203 1928 δέων,
226 1870 301 1917 reete
319 1869 448 1917 monente
461 1864 586 1916 Hansen.
606 1862 625 1916 l.
640 1864 658 1915 l.

127 1948 180 1999 pag.
191 1936 238 1999 22,
255 1941 298 1986 est
316 1934 390 1986 idem
406 1936 462 1986 iere
475 1939 556 2001 atque
572 1948 659 1997 quus-

127 1994 169 2065 ρός
181 1994 232 2054 ἐστι
245 1997 337 2068 δέων
357 2009 422 2057 rutis
434 2014 530 2057 constat
545 2020 568 2055 s.
582 2007 661 2055 muni·

124 2073 203 2134 futur
216 2085 252 2127 eri
259 2079 344 2139 liuere
359 2092 409 2139 per
420 2077 544 2127 διακαίων
561 2077 586 2125 in
596 2075 660 2138 Sey·

127 2143 211 2194 tlurum
225 2149 397 2211 agricolarum
406 2147 540 2210 regionenr.

155 2206 196 2262 tet
209 2212 276 2264 δέκα
291 2205 432 2280 ἡμερέων]
454 2213 532 2275 Quod
550 2215 678 2285 uruleeiru¹

127 2281 177 2334 dies
190 2299 269 2350 snpra
282 2285 341 2347 IV,
355 2283 388 2335 18
401 2284 511 2349 posuit,
531 2284 576 2334 vix
590 2282 662 2332 tanti

127 2358 174 2414 eat,
190 2359 219 2404 ut
237 2354 424 2406 obtrectemus
444 2352 572 2418 scriptori
591 2350 661 2403 alias

127 2421 334 2488 diligentissimo.
374 2423 433 2473 Neo
454 2438 521 2473 sane
537 2421 663 2473 Herodo-

128 2497 175 2541 tum
185 2494 235 2543 sibi
245 2493 361 2559 obloqui
370 2491 662 2544 contenditVoeleker.

126 2560 162 2613 Ι.Ι.
172 2578 196 2627 p.
212 2565 270 2627 175,
280 2580 344 2616 enm
356 2564 437 2614 unius
450 2561 505 2613 diei
517 2564 578 2625 iter,
590 2560 663 2628 qnod

127 2631 400 2696 edHylseamNoster
414 2632 547 2696 retulerit,
560 2634 584 2681 si
596 2632 664 2683 adii·

127 2701 213 2762 eiatur,
221 2706 336 2763 undecim
345 2702 448 2754 dierum
461 2705 578 2754 exsistat
590 2718 664 2753 sum-

127 2787 164 2820 ne
178 2772 282 2825 itrheris
299 2787 388 2838 nsque
408 2773 443 2823 ad
464 2772 664 2838 Olbiopolitss3

127 2842 199 2905 quisi
212 2857 266 2893 non
279 2844 339 2894 und
351 2846 515 2907 supputetur
531 2842 604 2905 dies,
619 2843 664 2892 de·

126 2926 170 2961 ren
176 2911 284 2964 dierum.
299 2912 353 2963 Illa
366 2919 458 2962 antem
470 2911 596 2964 undecim
608 2911 665 2961 die-

709 1657 843 1720 soriptore
857 1655 1066 1705 accuratissimo
1082 1654 1168 1705 fuisse
1184 1654 1254 1704 indi·

709 1730 816 1787 ustum,
833 1721 926 1788 quide
938 1725 1075 1774 Maeotica
1087 1723 1187 1790 palude
1199 1739 1254 1774 uon

709 1794 881 1845 adhibuisset
892 1808 987 1844 vocem
1001 1789 1077 1858 ἕλος,
1099 1794 1210 1843 minime
1224 1792 1254 1842 il·

709 1865 763 1914 lam
782 1863 890 1929 quidem
908 1864 1132 1926 convenientem,
1154 1864 1201 1914 sed
1215 1863 1254 1911 tt-

709 1949 799 1998 μνην,
812 1938 843 1983 ut
855 1932 908 1993 IV,
919 1933 962 1982 57.
981 1932 1037 1983 109.
1067 1934 1167 1999 Itaque
1180 1938 1255 1983 reete

709 2004 782 2053 Miot
796 2003 838 2053 sie
855 2002 1065 2066 interpretatur:
1091 2006 1135 2063 „il
1151 2019 1179 2053 se
1190 2005 1257 2066 jette

710 2089 772 2124 uvea
788 2075 825 2124 lui
841 2074 907 2122 dene
924 2075 961 2122 les
977 2073 1066 2124 memes
1076 2075 1208 2132 muruis,·“
1225 2078 1255 2120 ut

711 2148 810 2208 stagna
824 2141 992 2207 paludesque
1010 2142 1046 2191 ad
1058 2143 1140 2193 Ponti
1156 2140 1256 2191 Euxini

712 2227 774 2263 oras
795 2226 880 2278 prope
900 2212 960 2276 ipsa
975 2211 1156 2277 Borysthenis
1174 2216 1256 2276 atque

712 2282 839 2348 Hypanis
868 2283 940 2332 ostia
970 2281 1170 2347 intelligantur.
1214 2280 1257 2331 ad

712 2358 900 2417 argumentum
922 2347 995 2401 coni.
1016 2352 1098 2402 Dion.
1114 2351 1256 2415 Chrysost.

713 2437 753 2473 or.
766 2420 800 2472 3ss
819 2423 878 2472 init.
898 2437 923 2485 p.
939 2421 990 2472 437
1000 2422 1042 2483 B.‚
1056 2422 1193 2472 Mannert.
1208 2421 1255 2471 IV.

712 2509 738 2557 p.
753 2491 814 2554 226,
829 2490 991 2544 Tasohuehe
1003 2490 1037 2540 ad
1047 2491 1110 2544 Mel.
1124 2490 1142 2543 l.
1154 2491 1172 2541 l.
1186 2495 1257 2541 nott.

715 2577 810 2628 exegg.
823 2579 849 2628 p.
863 2559 912 2622 32,
930 2567 1005 2612 reete
1021 2568 1190 2624 monentem,
1203 2561 1258 2612 He·

713 2633 828 2683 rodotea
840 2630 996 2682 confirmari
1004 2632 1103 2682 Dionis
1120 2632 1137 2682 l.
1149 2631 1167 2682 l.
1178 2636 1206 2680 et
1216 2646 1257 2680 re·

712 2702 863 2752 nuntiorum
876 2715 985 2765 quoque
999 2701 1222 2763 narrationibus,
1241 2715 1258 2750 a

713 2770 812 2837 quibas
823 2770 900 2820 lanus
915 2769 960 2819 ills
976 2776 1021 2820 sat
1035 2770 1143 2835 amplus
1155 2770 1258 2821 dieitur

712 2843 810 2891 Limon.
821 2868 854 2878 —
867 2839 1025 2891 Particulae
1035 2854 1063 2889 ιε
1074 2868 1104 2875 -
1116 2836 1164 2888 καλ
1174 2840 1202 2889 in
1215 2838 1258 2889 his

714 2910 806 2961 verbis
820 2899 923 2973 (αγχοῦ
935 2923 969 2958 τε
983 2902 1019 2974 δὴ
1031 2935 1065 2946 -
1078 2906 1139 2958 καί
1152 2901 1182 2957 οἰ
1191 2922 1258 2973 σομ-

713 2978 853 3044 μίσγεται)
875 2980 916 3029 1ιιι
942 2978 995 3029 sibi
1018 2979 1198 3044 respondent,
1227 2984 1258 3028 ut

127 3055 299 3116 tumaequare
308 3051 531 3117 millisrr.geogr.
539 3056 566 3102 et
576 3050 612 3100 ad
623 3066 664 3101 re·
713 3049 854 3100 commode
875 3048 952 3100 reddi
973 3050 1082 3114 possint
1100 3063 1148 3114 per
1169 3050 1212 3100 ubi
1225 3075 1258 3084 -

127 3120 379 3183 gioneseireaKiew
389 3121 663 3187 usqnepertiuere.-
713 3121 764 3184 ibi,
787 3119 858 3169 hune
885 3119 941 3169 sere
965 3119 993 3167 in
1015 3119 1153 3169 modumr
1171 3118 1259 3180 „Ubi

126 3188 206 3239 Verba
216 3184 281 3255 παρ’
294 3182 383 3240 αὐτὸν
396 3190 502 3241 valent:
514 3193 589 3241 iurata
601 3206 661 3240 eum.
713 3189 783 3239 haud
792 3190 885 3253 promel
900 3206 916 3239 α
933 3190 999 3239 mari
1009 3189 1183 3254 Borysthenes
1194 3190 1258 3253 fluit,

155 3252 256 3322 μούνου
276 3252 308 3309 δὲ
329 3252 541 3317 τούτου-τὰς
558 3255 661 3323 πηγας]
713 3259 759 3309 ibi
780 3262 804 3309 ei
822 3261 940 3309 miscetur
957 3259 1113 3324 Hypanis.“
1148 3258 1190 3309 Cf.
1210 3259 1258 3319 lv,

127 3327 162 3378 lle
177 3331 231 3382 Nilo
249 3330 326 3381 conl.
345 3330 388 3392 ΙΙ,
406 3329 442 3381 34
462 3329 528 3394 ibiq.
548 3329 662 3394 dispntt.
716 3326 775 3379 199.
811 3329 867 3379 Nee
882 3327 977 3392 dispar
994 3343 1027 3379 es
1045 3328 1131 3391 ratio,
1151 3343 1205 3393 qua
1224 3326 1259 3377 sd

126 3397 292 3463 Borysthenis
311 3399 404 3450 fontes
418 3398 559 3449 Herodoto
578 3399 664 3448 fuisse
714 3402 822 3461 tempus
843 3397 998 3477 referuntur
1019 3398 1144 3479 idemque
1167 3397 1260 3448 valere

126 3466 290 3533 incognitos,
317 3484 398 3520 nemo
424 3469 581 3531 mirabitur,
607 3468 663 3533 qui,
713 3465 853 3529 videntur,
870 3467 941 3532 quod
954 3483 1024 3518 οταν
1035 3474 1063 3519 et
1076 3482 1151 3531 rore,
1171 3472 1202 3517 ut
1214 3467 1260 3517 ob-

126 3551 256 3603 quousque
270 3538 320 3589 illa
334 3543 428 3590 aetate
441 3538 607 3589 Graecorum
620 3553 664 3588 eo·
714 3536 971 3603 servatSehueigh.
988 3537 1158 3599 adIV,181.
1189 3535 1258 3587 Add.

126 3607 204 3669 gnitio
223 3614 358 3660 terrarum
375 3611 591 3674 septentrionem
603 3623 665 3658 ner·
714 3606 769 3668 IV,
790 3605 848 3658 135.
868 3607 925 3669 111,
946 3607 979 3659 76
993 3608 1059 3672 ibiq.
1079 3611 1135 3659 not.
1156 3609 1195 3669 V,
1215 3605 1258 3656 86.

126 3690 166 3726 sus
178 3677 309 3742 valuerit,
331 3680 401 3729 satis
418 3681 578 3744 respexerit.
606 3677 664 3728 Nee
714 3675 784 3739 Vll,
802 3678 844 3726 12.
859 3676 902 3727 23.
915 3678 976 3728 217.
994 3677 1136 3739 vl11‚5n.
1154 3674 1257 3728 (14.83.

127 3747 368 3812 angustabunt,
396 3747 457 3799 aliis
479 3752 600 3799 veterum
623 3747 664 3796 illi
715 3751 743 3797 et
753 3745 827 3798 coni.
842 3747 981 3812 Hartung:
1004 3746 1092 3796 Lehre
1109 3742 1258 3796 dGrieeh.

128 3815 269 3871 innotuere.
299 3818 491 3869 ctumnert.
508 3819 597 3883 1v.p‚
612 3818 664 3868 224
714 3814 821 3866 Partilr.
835 3817 858 3866 Ι.
870 3831 934 3881 pag.
950 3816 995 3867 tre.
1038 3815 1158 3865 Similem
1181 3829 1259 3863 usum

127 3900 187 3951 seq,
200 3887 363 3940 Tasohuehe
377 3888 413 3939 ad
426 3887 525 3939 Melam
538 3892 609 3938 nott.
620 3903 665 3938 ex·
714 3883 910 3950 particularum
933 3874 989 3950 ἤδη
1002 3898 1030 3934 τε
1044 3886 1102 3935 sive
1111 3875 1169 3949 ἅμα
1178 3898 1205 3933 rs
1219 3899 1260 3934 se·

128 3969 182 4019 egg.
202 3956 220 4008 l.
241 3958 259 4011 l.
282 3974 309 4023 p.
330 3957 361 4008 31
382 3973 460 4024 seqq.
496 3960 575 4009 Nune
595 3958 664 4006 satis
715 3960 816 4019 quente
829 3950 878 4003 sul
898 3955 942 4007 vel
960 3956 1043 4005 etiam
1056 3950 1104 4003 καὶ
1118 3981 1149 3990 -
1163 3949 1212 4002 καὶ
1226 3969 1259 4005 ex

128 4032 241 4089 onustat,
259 4042 308 4079 eos
322 4028 350 4077 iu
363 4028 497 4093 gubernio
510 4026 664 4090 Smolenslr,
714 4026 831 4074 Arriano
845 4024 966 4075 illustrat
978 4023 1088 4074 Ellendt
1104 4024 1139 4074 ad
1151 4026 1259 4075 Arrian.

128 4093 618 4232 lutitdtlitttttllt
639 4169 664 4216 o
714 4092 1129 4230 lsl⁰ltt.ttt²tl·.lilt¹l
1146 4097 1193 4214 ⁴i5
1208 4095 1260 4214 lt·

127 4235 518 4291 euuderatucumseeeroueraue.
535 4234 664 4287 Adaeum
714 4233 787 4285 hune
817 4234 906 4285 locum
935 4234 1082 4287 vernacule
1112 4236 1259 4299 expressit:

126 4304 196 4354 rerbi
211 4297 355 4356 ἐκδιδόναι
376 4307 448 4357 conf.
468 4311 538 4358 nott.
561 4305 598 4355 ad
616 4305 665 4367 IV,
714 4305 792 4365 „Der
805 4304 989 4369 Borysthenes
1003 4304 1068 4369 geht
1081 4305 1152 4355 nahe
1162 4318 1199 4353 an
1210 4302 1260 4352 dns

127 4370 165 4423 50.
199 4375 241 4425 De
258 4380 317 4427 lucu
329 4392 351 4427 s.
362 4378 456 4441 palude
473 4375 600 4428 Moeotr'ca
620 4374 665 4425 hie
714 4374 789 4424 Meer
800 4373 901 4437 heran,
916 4376 963 4426 der
975 4375 1100 4438 Hypanis
1112 4376 1139 4423 in
1155 4372 1260 4423 densel-

125 4442 167 4505 sgi
181 4447 319 4496 sententia
332 4446 385 4496 fuit
401 4446 453 4499 viri
466 4445 541 4496 doeti
554 4447 665 4495 Dureau
715 4444 767 4494 ben
781 4445 836 4495 und
853 4445 934 4496 beide
952 4447 980 4494 in
998 4443 1111 4495 einerlei
1123 4440 1204 4495 See.“

127 2995 177 3031 rum
186 2982 285 3033 itinera
296 2983 437 3033 Mannert.
450 2981 498 3033 lv.
510 2999 537 3048 p.
555 2981 589 3034 96
602 2996 664 3031 een·
