3042 5125
509 369 715 432 THALIA.
738 372 796 432 ΙΙΙ.
819 385 859 437 10.
883 387 925 439 ll.
1246 377 1283 440 21

145 562 348 645 Αἰγυπτίων
361 551 405 638 ὧς
418 559 680 648 συμβαλέοντες,
697 563 847 631 ἐνθαῦτα
860 568 896 632 ολ
907 565 1079 655 ἐπίκουροι
1094 571 1129 635 οδ
1145 575 1206 638 τοῦ
1220 575 1283 639 Αἰ·

143 667 301 748 γυπτίου,
316 659 427 741 ἐόντες
439 657 562 749 ἄνδρες
572 658 730 753 Ἕλληνές
744 691 780 734 τε
794 666 851 734 καὶ
866 671 994 755 Κᾶρες,
1015 669 1222 760 μεμφόμενοι
1237 679 1284 767 τῷ

143 763 260 853 Φάνῃ,
276 759 328 834 ότι
344 761 488 853 στρατόν
500 761 606 854 ἤγαγε
620 764 672 836 ἐπ’
689 777 866 855 Αἴγυπτον
879 766 1080 860 ἀλλόθροον,
1104 780 1281 861 μηχανῶν·

143 896 196 937 ται
208 871 346 956 πρῆγμα
360 868 394 947 ἐς
407 864 511 938 αὐτόν
527 868 666 940 τοιόνδε.
682 861 768 959 ἦσαν
777 876 823 965 τῷ
837 872 934 965 Φάνῃ
942 878 1061 955 παῖδες
1075 877 1113 944 ἐν
1121 878 1283 973 Αἰγύπτῳ

142 971 450 1060 καταλελειμμένοι,
464 968 543 1053 τοός
561 969 743 1060 ἀγαγόντες
756 977 789 1055 ἐς
799 973 836 1045 τό
850 976 1077 1064 στρατόπεδον
1092 980 1148 1048 καὶ
1156 982 1189 1059 ἐς
1203 977 1283 1063 ὄψιν

142 1078 204 1143 τοῦ
217 1071 353 1165 πατρός,
368 1078 516 1164 κρητῆρα
532 1079 570 1145 ἐν
582 1077 672 1171 μέοςο
687 1082 831 1166 ἔστησαν
842 1074 1042 1169 ἀμφοτέρων
1059 1086 1128 1150 τοῖν
1143 1104 1280 1171 στρατο-

142 1179 276 1248 πέδων·
291 1174 615 1267 μετᾶδδόγονέοντες
628 1177 780 1251 κατᾶἕυα
795 1184 1018 1253 ἕκαστοντῶν
1028 1190 1161 1255 παίδων
1175 1191 1279 1274 ἔσφα-

141 1378 243 1430 imbres
254 1378 392 1441 decidant,
403 1378 431 1429 id
445 1395 494 1444 pro
504 1385 630 1445 portento
641 1381 689 1432 ba·
739 1380 863 1449 παίδων]
883 1375 955 1432 κατὰ
974 1399 990 1434 ο
1005 1384 1078 1435 binis
1089 1385 1222 1436 Parisinis
1234 1388 1280 1437 ab·

140 1449 240 1499 beatur
258 1449 293 1497 ab
309 1447 421 1510 incolis,
441 1454 472 1499 ut
487 1452 688 1502 narratRosel·
738 1457 788 1503 est.
825 1452 907 1504 Male.
943 1453 1005 1504 via.
1019 1453 1119 1507 Mattb.
1133 1457 1180 1508 Gr.
1195 1457 1242 1508 Gr.
1254 1461 1278 1520 §-

140 1518 189 1568 lini
208 1518 229 1568 l.
242 1517 262 1568 l.
275 1518 315 1568 11.
333 1535 359 1584 p.
375 1519 423 1570 169
442 1534 500 1585 seq.
517 1525 585 1578 not,
600 1521 687 1571 videri
737 1524 797 1574 427,
810 1527 868 1574 not.
881 1524 907 1572 2.
922 1537 985 1588 pag.
998 1523 1058 1574 789.
1069 1529 1097 1574 et
1110 1526 1184 1577 coni.
1196 1527 1281 1576 Hero·

139 1589 168 1638 in
184 1587 324 1651 superiore
337 1588 625 1655 Aegyptoautiquitus
644 1605 684 1639 ra·
737 1592 794 1642 dot.
816 1593 842 1654 l,
861 1591 886 1642 9.
910 1592 969 1642 196.
993 1592 1039 1654 11,
1060 1592 1102 1643 93.
1120 1594 1205 1652 VIII,
1230 1595 1279 1646 113

140 1658 198 1708 rius
214 1657 351 1707 decidisse
363 1658 476 1720 imbres,
490 1674 569 1723 quam
584 1660 685 1710 nostris
736 1662 829 1727 ibique
842 1665 911 1712 nott.
926 1661 1007 1712 Valct
1021 1664 1108 1713 enim:
1126 1666 1280 1715 adducentes

139 1727 310 1791 temporibus
330 1726 474 1777 adiicieus:
492 1728 551 1793 ipse
571 1745 630 1779 cum
643 1744 686 1779 su·
736 1735 849 1796 stapulas
863 1733 981 1796 debireps
992 1749 1103 1796 pirenos,
1121 1748 1203 1783 unum
1216 1739 1279 1798 post

141 1812 190 1862 pra
203 1795 314 1845 Thebas
327 1796 398 1846 inter
411 1796 491 1847 urbes
505 1797 577 1847 Edfu
591 1804 618 1856 et
630 1798 687 1850 Eli·
736 1795 1278 1865 alterurn.Quaescquuntnrverbai'aqa-

140 1866 246 1932 thyiam
263 1866 293 1915 in
304 1864 367 1916 Nilo
380 1866 538 1932 navigaret,
551 1868 595 1918 die
613 1869 685 1920 vice-
735 1868 785 1930 ζον
802 1860 831 1927 ἒς
848 1860 898 1918 τὸν
916 1867 1045 1934 κρητῆρα
1056 1869 1137 1935 vulgo
1150 1870 1277 1921 reddunt:

141 1937 209 1985 simo
233 1936 349 2000 septImo
365 1935 509 1987 Februarii
533 1952 595 1989 ann.
618 1937 685 1990 1829
734 1948 924 2004 superamare
934 1949 1086 1990 aucturam:
1100 1940 1171 2005 quod
1183 1941 1223 1990 sic
1239 1942 1279 1989 in-

140 2006 250 2070 pluvias
260 2005 464 2069 copiosissimas
475 2005 575 2071 pluries
592 2023 685 2073 exper-
736 2007 930 2073 telligendnm,
944 2013 974 2058 ut
988 2023 1100 2072 pueros,
1122 2024 1204 2059 annm
1216 2017 1279 2074 post

139 2079 257 2126 tuaest.
294 2075 337 2125 Tu
357 2074 420 2125 add.
443 2075 602 2141 Aligemeim
623 2078 685 2128 Zei-
736 2077 861 2141 alteram,
878 2077 1205 2142 tamquamvictimassic
1220 2094 1280 2129 cae·

140 2152 209 2210 tang
226 2143 301 2197 1836.
322 2144 349 2196 3.
367 2143 452 2210 April.
466 2146 685 2198 Ausserordentl.
736 2148 843 2209 derant,
857 2153 888 2197 nt
903 2148 1016 2213 sangnis
1031 2148 1058 2197 in
1070 2153 1200 2198 craterem
1217 2164 1279 2214 sup-

139 2215 266 2280 Beilage.
302 2214 463 2265 Accaratius
485 2218 514 2266 in
534 2216 604 2268 banc
629 2233 684 2267 rem
734 2217 854 2283 positum
868 2217 1012 2267 delineret:
1027 2217 1181 2282 quaebaud
1196 2217 1279 2268 inire-

140 2301 226 2351 nuper
250 2284 393 2349 inquisivit
414 2285 567 2352 Russegger
584 2287 685 2337 Reisen
735 2303 821 2353 quens
834 2290 876 2336 est
889 2286 996 2337 dicendi
1008 2285 1095 2350 ratio,
1110 2303 1190 2352 quam
1206 2304 1239 2338 ex
1249 2288 1276 2338 h.

140 2361 193 2406 etc.
207 2355 232 2416 1,
243 2354 268 2403 1.
283 2369 310 2418 p.
321 2355 439 2419 264οοο.
453 2355 503 2405 224
518 2370 593 2421 seqq.
606 2357 644 2418 II,
658 2357 684 2409 1.
733 2357 752 2408 l.
770 2356 879 2407 notavit
896 2355 1023 2407 Kuehner
1041 2356 1159 2408 Gramm.
1181 2357 1277 2408 Graec.

139 2440 203 2489 pag.
220 2424 281 2473 521.
294 2422 346 2475 536
357 2439 433 2489 seqq.
453 2439 604 2491 causasque
625 2424 684 2491 plu·
734 2427 774 2477 Il.
787 2429 810 2489 ξ.
826 2426 886 2486 622,
900 2425 927 2476 b.
955 2426 997 2476 Tu
1008 2424 1064 2476 vid.
1084 2425 1215 2477 Herodot.
1228 2429 1276 2488 IV,

139 2494 247 2544 viarum
270 2493 359 2543 rarius
375 2493 468 2558 utique
490 2494 518 2544 in
541 2495 583 2546 his
604 2495 684 2546 terris
733 2498 777 2549 62.
788 2495 852 2558 v‚5.
863 2495 927 2558 VII,
938 2494 987 2547 113
999 2495 1089 2561 ibique
1098 2495 1193 2546 allata.
1206 2496 1276 2546 Add.

139 2562 322 2616 decidentium
335 2578 368 2613 ex
377 2564 438 2629 Ipsa
447 2562 541 2616 haram
553 2570 684 2617 terraram
735 2565 907 2630 Xenopbont.
918 2566 1037 2615 Anabas.
1049 2566 1087 2628 II,
1095 2568 1121 2627 2,
1132 2568 1158 2618 9.
1168 2565 1278 2616 Platon.

138 2640 240 2685 natura
250 2633 375 2698 aliusque
388 2636 516 2699 temperIe
533 2651 566 2686 ac
581 2637 684 2701 praeci·
735 2637 778 2685 De
796 2633 900 2698 republ.
921 2634 973 2685 111.
994 2650 1021 2699 p.
1036 2634 1083 2685 391
1101 2635 1131 2684 B.
1146 2634 1277 2699 Polyaen.

138 2719 192 2769 pne
204 2703 295 2754 ventis
309 2704 523 2768 asepteutrione
540 2721 639 2772 magna
655 2706 685 2755 vi
736 2705 794 2766 111,
817 2704 849 2766 9,
872 2704 915 2753 aa.
937 2703 1076 2754 Plutarch.
1097 2704 1210 2754 Aristid.
1233 2705 1276 2755 21.

139 2773 272 2823 flantibus
285 2773 448 2837 repetendus
463 2774 570 2838 docuit,
585 2775 684 2841 quibus
734 2773 825 2838 Apitz.
845 2773 881 2823 ad
896 2771 1023 2838 Sophocl.
1041 2771 1170 2825 Trachin.
1184 2788 1211 2835 p.
1228 2772 1277 2822 128

138 2843 239 2893 imbres
253 2842 353 2907 tropici
370 2843 399 2893 in
417 2843 591 2895 interioribus
610 2844 684 2895 Afri·
734 2842 895 2894 Adversurr.
910 2846 937 2891 et
950 2841 985 2891 ad
999 2840 1123 2905 Euripid.
1135 2839 1277 2917 Phoeniss.

139 2929 188 2964 cae
199 2912 335 2963 tractibus
346 2912 423 2963 effusi
436 2914 619 2978 probibentur,
630 2930 683 2980 quo
737 2912 813 2963 1924.
826 2927 890 2977 pag.
904 2911 963 2960 184.
987 2909 1028 2987 λδ
1039 2909 1137 2960 verba:
1151 2899 1277 2957 διαπαν-

139 2983 228 3032 minus
249 2982 462 3046 septentrionem
480 2999 575 3034 versus
597 2983 683 3049 magis
736 2996 792 3029 των
817 2974 847 3030 δὲ
875 2976 1070 3040 διοξολθοντες
1088 2974 1144 3025 τῶν
1165 2975 1277 3025 παίδων

138 3050 303 3117 procedant,
328 3067 388 3102 cam
407 3052 480 3102 intra
494 3060 585 3105 certos
597 3054 686 3104 lermi-
736 3049 886 3116 Schweigb.
901 3049 929 3098 in
943 3049 1010 3100 Lex.
1021 3047 1122 3097 Herod.
1133 3061 1156 3096 s.
1167 3062 1191 3096 v.
1204 3043 1276 3107 διεξ-

138 3136 198 3183 uos,
209 3121 246 3171 ad
260 3120 373 3185 gradum
385 3121 686 3174 duodevicesimumbo-
736 3115 792 3184 ε’ρχ.
808 3119 846 3183 (1.
864 3136 889 3185 p.
906 3117 965 3237 iffi?
986 3115 1107 3235 suppleri
1127 3115 1186 3166 vult
1205 3109 1277 3179 σφό-

137 3191 222 3241 realis
246 3189 400 3241 latitudiuis
426 3207 512 3257 usque
534 3198 685 3259 porrectos,
737 3188 832 3249 102τέ6*
847 3186 908 3238 καθ
957 3201 992 3234 W
1027 3185 1277 3250 861ῑο2,1118ἆ60

135 3261 318 3313 retineantur.
737 3258 791 3309 loci
814 3257 952 3308 sententia
972 3255 1039 3306 baec
1058 3255 1110 3305 sit:
1134 3272 1208 3315 „caan
1227 3274 1277 3322 per

350 3363 477 3415 Μ·
735 3324 1280 3460 λβὲῑὲἔ.”λὲἱὲ.ᾞῗὲἒῗῗδῒδῖ.ἶίἲῖἕὲἔῗ

173 3460 205 3516 οἴ
219 3456 367 3529 ἐπίκουροι
385 3459 415 3515 oi
429 3462 480 3515 τοῦ
492 3458 644 3529 Αἰγυπτίου
658 3481 683 3514 κ.
736 3483 788 3532 que
801 3463 1011 3515 absolvissent.“
1034 3463 1096 3514 Vid.
1109 3463 1242 3515 Herodot.
1253 3466 1276 3527 1,

138 3554 160 3586 τ.
170 3534 207 3602 L]
221 3539 392 3588 mercenarios
401 3535 501 3587 milites
513 3536 586 3601 regis
598 3536 685 3601 Aegy·
737 3536 786 3587 196
801 3534 892 3598 ibique
904 3537 973 3583 nott.
989 3561 1021 3569 —
1032 3532 1074 3582 Ad
1085 3533 1182 3583 verba:
1198 3523 1277 3597 lam-

138 3606 259 3672 ptioram
268 3604 683 3671 intelligibilid.nott.adIII‚4.
734 3596 813 3660 όντες
822 3596 852 3651 δὲ
864 3598 913 3650 τοῦ
927 3598 1053 3666 αἳματος,
1068 3602 1165 3668 quibus
1178 3604 1278 3653 Noster

173 3666 217 3725 ότι
230 3666 350 3737 στρατόν
362 3701 394 3712 -
412 3664 583 3739 ἀλλόθροον]
604 3663 684 3723 ἄλλό·
734 3672 873 3724 declarare
883 3669 952 3734 vult,
968 3670 1090 3736 singulos
1100 3687 1223 3737 quosque
1233 3687 1277 3722 ac·

139 3744 232 3809 δροος
249 3745 281 3809 (ἰ.
299 3761 324 3795 ο.
346 3749 398 3796 ulia
419 3747 602 3809 linpaautena,
621 3742 684 3792 inde
734 3742 862 3794 cedentes
888 3737 992 3805 aliquot
1015 3741 1157 3803 sanguinis
1184 3746 1278 3805 guttas

138 3818 296 3879 alienigena,
310 3812 473 3879 perepriuaa)
491 3829 544 3863 τοι
562 3812 685 3862 Homeri·
734 3814 869 3877 gustasse,
890 3809 926 3859 ci.
943 3809 1036 3859 Monk.
1051 3808 1085 3858 ad
1098 3808 1221 3873 Euripid.
1234 3808 1278 3859 Al-

138 3901 186 3945 ca3
204 3885 279 3934 conf.
292 3883 391 3947 Odyss.
405 3884 428 3944 l,
445 3883 494 3935 183
508 3881 565 3945 (ubi
576 3879 684 3946 Apollo·
736 3884 804 3932 cest.
816 3879 877 3930 316.
893 3905 926 3913 -
943 3877 984 3928 Ad
1003 3882 1191 3942 argumentum
1210 3878 1279 3928 citat

138 3956 202 4003 uias
215 3970 243 4018 p.
258 3952 292 4005 88
305 3953 426 4017 explicat
440 3942 620 4018 βαρβάρους).
631 3949 685 4010 111,
735 3946 1279 4013 Wesselingiussimilemferebarbariem

139 4022 201 4073 362.
215 4023 289 4083 xlv,
301 4022 346 4073 -13,
359 4022 418 4084 XV,
428 4023 489 4072 452.
527 4022 559 4070 ln
573 4035 626 4084 quo
639 4033 687 4067 an·
735 4016 894 4084 Apollodori
904 4015 1115 4068 Cassandrensis
1128 4018 1236 4081 tyranni
1252 4017 1280 4067 iu

140 4092 211 4156 tiqui
233 4090 332 4141 coloris
350 4090 415 4156 quid
433 4091 524 4141 inesse
539 4104 617 4139 nemo
630 4103 685 4137 non
735 4088 851 4139 Diodor.
867 4087 921 4137 Sic.
938 4087 976 4137 ΙΙ.
995 4102 1021 4151 ρ.
1042 4085 1093 4137 563
1105 4101 1162 4150 seq.
1175 4087 1277 4151 (XXII,

139 4160 226 4211 videt.
256 4161 328 4225 Apte
342 4160 429 4213 ltalus
441 4161 579 4224 Interpres
594 4156 686 4208 admo·
738 4154 793 4220 19).
815 4157 905 4221 Atque
918 4156 999 4206 etium
1012 4154 1080 4205 alias
1096 4155 1167 4220 apud
1183 4162 1277 4221 gentes

141 4230 201 4280 nait
214 4229 332 4281 Barucb.
348 4230 396 4292 IV,
408 4230 441 4280 lb
457 4229 515 4293 (ubi
528 4241 687 4279 commemo·
736 4225 837 4276 similia
848 4226 904 4276 lere
916 4225 1137 4276 memoranturde
1146 4226 1279 4291 sanguiue

142 4304 219 4350 ratur
229 4292 319 4357 ἔθνος
331 4289 447 4355 ἀναιδὲς
464 4292 513 4347 καὶ
533 4286 687 4360 όλλόγλωο-
737 4295 866 4358 humano,
881 4295 936 4361 qui,
949 4295 1012 4345 vino
1024 4295 1125 4344 mistus
1138 4295 1220 4360 inque
1233 4310 1279 4357 pa-

144 4369 215 4449 aov).
738 4365 806 4415 teris
825 4364 1014 4427 circumlatus,
1038 4363 1072 4413 sb
1091 4363 1140 4425 ils,
1158 4363 1204 4429 qui
1225 4364 1279 4412 foe-

179 4427 495 4501 αγινὲοντεςκατόιένα
506 4428 690 4486 ἕκαστοντῶν
739 4434 805 4486 dora
826 4434 993 4500 iungebant,
1025 4432 1198 4499 gustabatur.
1238 4432 1280 4479 De
