3042 5125
241 370 302 431 142
590 414 594 426 .
656 366 942 430 .HERODOTI

239 565 296 634 καὶ
310 565 382 652 ἐμοὶ
397 557 624 652 ὑπερέθεσθε,
640 555 662 650 ἡ
675 561 842 648 ποιέωμεν
854 557 1018 650 σήμερον,
1032 552 1137 647 ἡέστε
1151 554 1234 649 ὑμῖν
1249 558 1318 646 ότι,
1340 555 1388 649 ἡν

238 664 411 758 όπερπέση
433 661 452 755 ἡ
473 669 538 734 νῦν
556 661 678 754 ἡμέρη,
708 658 753 744 ός
778 659 840 732 οὐκ
863 660 962 743 άλλος
981 660 1074 752 φθόις
1095 666 1176 753 έμεό
1197 663 1387 753 κατήγορος

195 782 234 844 72
243 779 351 859 ἔσται,
372 768 455 842 άλλά
476 793 564 858 σφεα
582 765 681 848 αὐτὸς
699 765 765 856 ἐγω
785 768 931 856 κατερέω
951 763 1035 857 πρός
1047 765 1107 836 τόν
1120 766 1238 856 μάγον.
1280 772 1386 855 Λέγει

239 874 321 966 πρὸς
334 880 438 946 ταῦτα
454 870 606 961 Ὀτάνης,
629 870 744 960 έπειδὴ
759 867 831 961 όόρα
845 871 1073 960 σπερχόμενον
1086 883 1254 962 Δαρεῖον·
1290 869 1389 941 Ἐπεί

240 1008 275 1050 τε
289 976 391 1069 ἡμέας
403 976 627 1075 συνταχύνειν
640 972 853 1064 ἀναγκάζεις,
875 978 932 1045 καὶ
945 970 1217 1064 ὑπερβάλλεσθαι
1236 972 1299 1044 οὐκ
1311 979 1385 1067 ἐᾷς,
1425 1071 1431 1078 η

240 1094 292 1153 ἴθι
303 1087 416 1172 ἐξηγέο
429 1077 546 1168 αὐτὸς,
560 1078 645 1173 ὅτεῳ
658 1078 771 1172 τρόπῳ
785 1077 930 1168 πάριμεν
944 1083 978 1160 ἐς
991 1077 1032 1149 τό
1047 1078 1223 1170 βασιλήια,
1235 1080 1294 1149 καὶ
1307 1083 1385 1150 ἐπι-

239 1185 436 1278 χειρήσομεν
449 1182 588 1255 αὐτοῖσι.
621 1181 774 1272 φυλακὰς
786 1180 852 1271 γὰρ
872 1181 914 1272 δὴ
929 1180 1127 1264 διεστεώσας
1141 1181 1235 1263 οἶδάς
1248 1210 1311 1253 κον
1323 1188 1388 1254 καὶ

239 1288 355 1378 αὐτὸς,
384 1298 415 1361 εἰ
432 1287 477 1379 μὴ
498 1286 582 1358 ἔδων
603 1284 679 1357 ἀλλ’
701 1283 864 1374 ἀκούσας,
895 1283 935 1366 δὶς
955 1289 1019 1379 τέςο
1041 1286 1154 1381 τρόπω
1175 1286 1386 1377 περήσομεν;

237 1391 423 1484 Ἀμείβεται
439 1403 582 1482 Δαρεῖος
597 1397 725 1462 τοῖσδε·
752 1387 887 1478 Ὀτάνη,
905 1381 1046 1479 ἦπολλά
1059 1393 1145 1478 ἐστι,
1161 1390 1202 1462 τὰ
1215 1392 1304 1485 λόγῳ
1317 1394 1387 1480 μὲν

240 1493 302 1567 οὐκ
322 1494 377 1567 οἷά
397 1525 432 1567 τε
448 1501 611 1583 δηλῶσαι,
633 1503 719 1587 ἔργω
735 1498 788 1564 δέ·
820 1491 905 1563 ἄλλα
926 1490 959 1562 δ’
975 1496 1064 1580 ἐστὶ,
1083 1493 1124 1565 τό
1143 1494 1231 1589 λόγῳ
1247 1497 1310 1586 μὲν
1324 1492 1387 1566 οἷά

240 1628 293 1687 τε,
316 1608 415 1690 ἔργον
437 1600 474 1669 δέ
493 1597 595 1669 οὐδὲν
609 1595 669 1668 ἀπ’
684 1594 797 1668 αὐτόν
810 1594 964 1688 λαμπρόν
976 1606 1113 1686 γίνεται.
1142 1594 1237 1689 ὑμεῖς
1259 1600 1296 1669 δέ
1309 1610 1385 1670 ἔστε

241 1703 393 1794 φυλακὰς
421 1701 478 1784 τὰς
505 1701 730 1782 κατεστεώσας
756 1701 875 1782 ἐούσας
896 1697 998 1772 οὐδὲν
1018 1699 1163 1792 χαλεπός
1182 1712 1383 1792 παρελθεῖν.

240 1812 337 1877 τοότο
355 1809 417 1899 μέν
431 1805 513 1896 γὰρ,
533 1803 644 1897 ἡμέων
657 1805 783 1878 ἐόντων
801 1810 959 1894 τοιῶνδε,
982 1803 1093 1886 οὐδεὶς
1112 1803 1202 1888 ὅστις
1216 1803 1257 1876 οὐ
1271 1809 1382 1898 παρή-

241 1933 307 1997 σει,
322 1910 363 1980 τό
376 1914 438 2000 μέν
451 1939 514 1981 τιον
529 1909 784 2001 καταιδεόμενος
797 1906 914 1999 ἡμέας,
929 1907 969 1979 τά
984 1913 1025 1980 δέ
1035 1937 1097 1980 κου
1111 1912 1168 1981 καὶ
1182 1917 1440 2001 δειμαι’νων.234

240 2020 337 2084 τοῦτο
358 2016 395 2084 δὲ
410 2022 473 2104 ἔχω
489 2011 588 2095 αὐτὸς
610 2020 734 2105 σκῆψιν
754 2009 1041 2103 εὐπρεπεστάτην,
1064 2017 1107 2102 τῇ
1126 2014 1287 2106 πάριμεν,
1312 2015 1383 2104 φάς

239 2117 314 2209 άρτι
328 2147 363 2188 τε
376 2116 472 2208 ἡκειν
491 2122 528 2189 ἐκ
544 2123 704 2210 Περσέων
718 2119 775 2189 καὶ
788 2115 976 2205 βούλεσθαί
993 2145 1025 2187 τι
1043 2125 1122 2198 ἔπος
1136 2118 1226 2210 παρὰ
1239 2124 1300 2189 τοῦ
1312 2147 1380 2189 πα-

240 2221 315 2312 τρὸς
337 2226 481 2312 σημῆναι
502 2226 549 2314 τῷ
569 2225 707 2311 βασιλέϊ.
742 2230 828 2293 ἔνθα
847 2219 911 2311 γάρ
933 2250 965 2292 τι
987 2226 1042 2291 δεῖ
1057 2226 1181 2305 ψεῦδος
1200 2226 1373 2312 λέγεσθαι,

239 2329 404 2414 λεγέσθω·
433 2330 493 2395 τοῦ
506 2323 570 2416 γὰρ
583 2323 688 2396 αὐτοῦ
701 2323 885 2415 γλιχόμεθα
903 2330 987 2395 οἵτε
1001 2324 1206 2415 ψευδόμενοι
1219 2329 1275 2398 καὶ
1289 2332 1325 2395 οἱ
1333 2334 1382 2415 τῇ

239 2501 564 2552 baniecensorelenensi
576 2501 781 2568 (tetsdrgans.
834 2500 895 2552 edd.
913 2506 1090 2567 receperunt:
1119 2506 1149 2551 tu
1165 2500 1221 2552 rid.
1244 2503 1316 2551 nott.
1339 2498 1379 2550 ad

241 2570 323 2622 Biiitt.
331 2575 422 2625 naid.
431 2572 516 2638 ptis
528 2578 558 2625 et
572 2588 613 2626 nr.
623 2572 679 2624 186.
690 2589 717 2638 p.
725 2573 781 2639 45).
832 2572 885 2634 ΙΙΙ,
900 2571 941 2624 lt.
954 2571 1032 2621 Libri
1045 2585 1138 2622 omnes
1151 2570 1176 2620 h.
1186 2569 1205 2621 l.
1215 2572 1379 2635 conspirant

832 2642 861 2693 in
873 2641 990 2693 lectione
1003 2639 1125 2705 vulgata.
1143 2641 1201 2717 Pro'
1215 2653 1379 2706 περητομεν

410 2744 475 2797 ⁰⁰·
489 2745 603 2798 ΜΗ·
830 2709 1090 2845 addititii
1100 2710 1378 2832 tittttd‘ttt‘ff

274 2841 320 2895 ἴθι
335 2836 443 2913 ἐξηγέο]
457 2838 562 2914 ἐξηγέο,
574 2854 605 2899 nt
616 2843 691 2900 αἰτέο
701 2849 725 2913 Ι,
736 2850 780 2913 90,
831 2866 891 2901 cum
905 2850 1016 2901 dicendi
1027 2864 1113 2915 genus
1129 2849 1226 2902 referri
1236 2865 1329 2916 posse,
1341 2856 1376 2902 ut
1411 2837 1430 2860 ³

239 2916 285 2966 ubi
297 2917 353 2968 vid.
367 2923 437 2969 nott,
451 2919 527 2970 Idem
545 2920 655 2971 verbnm
673 2920 732 2985 111,
746 2919 780 2972 79
831 2917 949 2986 πείρατα
960 2934 1010 2985 pro
1027 2911 1142 2983 πέρατα.
1171 2918 1224 2970 Sed
1235 2920 1292 2972 vid.
1305 2921 1376 2972 Bre-

238 2992 265 3035 et
279 2987 356 3063 [Vbii
372 2987 499 3042 Dindorf.
512 2989 599 3039 edidit
611 2979 731 3054 έξηγέεο.
830 2989 893 3041 δον.
913 3004 977 3055 pag.
991 2988 1050 3053 151,
1064 2990 1110 3055 qui
1125 2990 1222 3042 merito
1235 2989 1307 3042 hanc
1319 2991 1377 3042 ior-

272 3052 354 3112 οὶδας
372 3070 424 3105 που
438 3055 486 3106 καλ
504 3048 600 3123 αὐτὸς]
617 3058 650 3107 ln
666 3057 779 3109 Floren·
830 3074 900 3110 mam
912 3058 1011 3110 reiicit.

237 3125 295 3174 tino
319 3123 389 3174 libro
413 3141 521 3192 unoque
545 3127 671 3178 Parisino
695 3118 778 3176 οἶδά
864 3120 958 3194 ἡμέων
974 3119 1078 3178 ἐόντων
1094 3125 1224 3195 τοιάνδε]
1246 3128 1266 3179 i.
1279 3145 1303 3181 e.
1318 3146 1375 3181 ενοι

236 3207 297 3243 κου.
321 3195 357 3243 ln
372 3201 504 3261 excerpit.
523 3195 582 3248 cod.
596 3196 719 3247 Palatini
738 3195 777 3261 (v.
828 3216 874 3251 nos
891 3203 955 3251 talea
971 3202 1062 3261 ιίιιιιιι,
1081 3199 1219 3265 principes
1233 3199 1293 3250 scil.
1308 3200 1374 3252 Per-

236 3262 364 3313 Greuzeri
379 3263 540 3316 Commentt.
554 3265 698 3317 Herodoti.
711 3281 776 3332 pag.
828 3283 928 3333 sarum,
943 3283 1047 3319 summa
1057 3267 1193 3336 «lignitate
1205 3270 1306 3334 orncti,
1316 3286 1373 3336 qua

235 3331 298 3395 429)
310 3333 449 3384 invenitur
460 3327 542 3383 οἶδά
555 3349 627 3384 πον.
640 3337 682 3386 Ad
692 3337 777 3401 signi-
828 3338 907 3390 nobis
921 3337 990 3389 liber
1004 3344 1083 3405 petet
1103 3340 1138 3390 ad
1159 3355 1251 3407 regem
1268 3340 1372 3392 cditue.

236 3401 389 3452 ficationem
408 3404 486 3455 verbi
503 3396 585 3462 οἶδας
603 3405 690 3470 (costi)
712 3422 776 3457 con·
826 3406 968 3460 Revooevi
981 3409 1203 3461 cumMatthiaeo
1216 3415 1372 3463 etrecentt.

236 3470 302 3521 ferri
323 3474 423 3535 poterit
445 3473 579 3525 Herodot.
597 3475 652 3538 IV,
677 3476 726 3527 157
746 3477 775 3526 in
826 3475 1100 3545 edd.rotoivdc,quod
1114 3479 1214 3532 dudum
1227 3479 1372 3546 placuerat

236 3541 347 3592 oraculo
369 3542 498 3607 Pythice,
524 3545 642 3611 itemque
662 3546 775 3597 Homeri
825 3547 1009 3615 Weeselingio
1023 3549 1083 3615 (qui
1097 3550 1203 3603 confert
1215 3550 1298 3615 VIII,
1312 3550 1371 3616 02),

236 3611 311 3661 iocne
327 3611 354 3660 in
367 3612 466 3674 Odyss.
478 3613 507 3675 1,
522 3613 588 3677 337,
605 3615 652 3666 ubi
665 3621 775 3680 praeter
826 3633 875 3682 pro
893 3616 991 3682 τοίων,
1008 3620 1081 3684 quod
1098 3619 1320 3687 Schweighaeus.
1339 3628 1367 3672 at

235 3679 305 3731 hunc
319 3680 453 3733 Herodoti
471 3682 559 3733 locum
574 3686 665 3736 Ameis
680 3686 776 3737 attulit
828 3687 915 3739 Gaias.
929 3689 1061 3740 eduobus
1074 3690 1152 3741 codd.
1165 3696 1335 3756 receperant.

233 3750 336 3801 similes
355 3752 429 3804 locos
444 3769 478 3804 cx
496 3754 604 3819 Hymno
615 3756 643 3820 in
660 3756 777 3809 Mercnr.
862 3749 936 3808 ἔνθα
947 3747 999 3824 γάρ
1012 3775 1038 3807 τι
1053 3756 1099 3807 δεῖ
1109 3758 1216 3820 ψεῦδος
1227 3756 1370 3827 λέγεσθαι,

232 3821 294 3873 456.
304 3820 355 3872 467
367 3828 396 3873 at
408 3838 440 3874 ex
452 3823 603 3890 Theognid.
618 3824 678 3877 491.
699 3827 778 3889 Quod
828 3824 963 3895 λεγέσθω]
981 3828 1057 3879 Ηεεο
1071 3831 1218 3896 exscripsit
1232 3831 1371 3883 Stobacus

233 3891 269 3941 ad
283 3891 397 3943 formam
416 3893 530 3955 attinet,
545 3894 601 3944 vid.
619 3896 733 3947 Bredov.
747 3913 775 3963 p.
826 3895 891 3961 XII,
906 3897 948 3949 23.
966 3914 993 3962 p.
1011 3898 1057 3950 141
1077 3915 1100 3953 e.
1119 3915 1148 3965 p.
1163 3900 1224 3952 317.
1244 3901 1277 3953 Τ.
1297 3901 1372 3953 led.

233 3961 293 4011 411.
314 3989 348 4000 -
366 3965 398 4013 In
415 3980 492 4029 seqq.
512 3964 547 4014 ad
564 3964 648 4016 verba
675 3961 708 4015 εἰ
730 3961 774 4033 μὴ
826 3965 924 4029 (iaici,
940 3966 1219 4019 ubiinvenitn1·aai
1237 3968 1371 4023 insertum

233 4022 304 4078 ἔδων
325 4022 399 4080 ἀλλ’
420 4023 546 4090 ἀκούσας
564 4034 637 4085 coni.
655 4050 724 4100 qnae
740 4038 777 4088 si·
826 4040 892 4087 ante
913 4034 1031 4101 ψεῦδος.
1055 4039 1109 4089 Sed
1121 4039 1250 4093 Eustath.
1266 4041 1301 4092 ad
1313 4042 1371 4093 Ho-

234 4098 310 4149 milia
333 4103 460 4165 congessi
480 4104 507 4152 in
526 4103 653 4155 Oreuzcri
670 4105 776 4157 Molett.
826 4121 892 4157 mer.
910 4124 936 4173 p.
958 4107 1008 4159 188
1027 4125 1050 4159 ε.
1067 4107 1129 4171 143,
1153 4109 1165 4160 l
1184 4115 1212 4161 ct
1228 4110 1296 4176 028,
1315 4111 1369 4164 8ο.

234 4170 286 4219 111.
303 4184 365 4234 pag.
376 4171 419 4221 26.
435 4172 467 4221 In
478 4171 520 4221 hie
533 4174 604 4223 enim
614 4174 691 4224 velet
703 4166 774 4225 άλλά
825 4176 892 4238 482,
910 4178 943 4227 47
961 4193 1022 4228 cum
1039 4177 1153 4244 vulgata
1174 4179 1291 4232 lectione
1304 4196 1370 4232 con-

232 4238 426 4302 (praecedente
438 4235 464 4289 εἰ
478 4233 528 4306 μὴ)
541 4252 568 4294 ιιι
581 4255 705 4304 -certe,
721 4251 774 4295 scl—
826 4246 910 4296 venit.
935 4247 1000 4311 Ipsa
1016 4250 1154 4299 sententia
1174 4265 1240 4301 rere
1250 4250 1369 4315 Graeca,

232 4318 288 4385 tenen.
430 4368 437 4386 ‘
631 4369 643 4390 η
825 4314 933 4380 qualem
943 4316 988 4367 vix
997 4317 1139 4383 probabile
1149 4321 1308 4371 catPcrsam
1319 4320 1368 4371 ho·

265 4393 302 4435 ας
314 4404 348 4414 -
364 4377 534 4446 περησομεν]
557 4383 609 4432 Pro
625 4382 774 4439 destruite
825 4386 923 4437 minem
935 4402 996 4437 esee
1009 4388 1157 4452 elocutum,
1177 4406 1240 4441 cnm
1256 4392 1369 4441 menda-

232 4446 404 4500 scribendum
411 4446 567 4517 censettdc,
575 4452 647 4516 quod
656 4459 773 4507 recentt.
824 4458 867 4506 cio
880 4455 946 4506 nihil
963 4459 1068 4525 turpius
1084 4460 1157 4525 apud
1168 4461 1267 4513 Persae
1284 4459 1369 4512 habe·
