3042 5125
264 387 325 453 528

677 389 964 473 wnuuonour

194 590 251 650 121
262 579 398 669 Σύργις.
438 577 525 650 Ἐπεὶ
539 572 588 651 οἷν
606 578 624 651 ὁ
639 594 782 669 Δαρεῖος
796 575 882 673 ἦλθε
898 587 930 664 ἐς
944 580 1006 672 τὴν
1019 587 1161 672 ἐρῆμον,
1188 583 1378 671 παυσάμενος

259 690 320 754 τοῦ
340 683 466 773 δρόμου
488 690 605 774 ἵδρυσε
625 685 686 775 τὴν
699 686 858 777 στρατιὴν
875 690 929 757 ἐπὶ
942 693 1080 779 ποταμῷ
1099 685 1212 778 Ὀάρῳ.
1245 690 1335 755 τοῦτο
1349 686 1392 757 δὲ’·

257 787 397 877 ποιήσας
415 784 501 857 ὀκτώ
521 797 630 877 τείχεα
652 795 773 879 ἐτείχεε
792 791 935 881 μεγάλα,
964 801 1038 860 ἴσον
1059 787 1120 859 ἀπ’
1141 788 1290 877 ἀλλήλων
1309 788 1376 859 ‹lal-

257 997 327 1041 uutt.
342 992 377 1041 ad
392 992 447 1054 IV,
461 991 507 1054 57)
525 993 579 1042 sibi
596 994 722 1058 cognitos
742 1007 802 1043 esse

257 1068 353 1127 negat3
385 1060 477 1113 Ourum
503 1061 565 1111 dein
596 1065 710 1113 coniicit
740 1077 801 1112 esse

261 1132 379 1182 ll'crduu
392 1131 513 1194 fluvium,
526 1134 573 1196 qui
585 1148 599 1183 e
612 1137 686 1183 terra
701 1132 801 1183 Kuban

256 1202 427 1266 Caucasiqne
446 1203 582 1252 tractibus
603 1202 748 1253 decurrens
770 1202 800 1251 in

254 1271 421 1321 Maeotideru
434 1272 531 1322 influit.
551 1272 696 1323 Msnnerlo
711 1274 758 1323 1v.
772 1288 797 1335 p.

254 1340 440 1405 reprobabile
452 1341 570 1405 videtur,
583 1341 680 1392 fluvios
693 1344 798 1408 Lycum,

255 1409 347 1461 Oorma
361 1412 495 1476 etS,r91'n
513 1427 560 1461 eos
573 1426 646 1471 esse,
668 1415 714 1477 qui
726 1427 797 1462 nuuc

253 1486 389 1531 vocantur
405 1482 500 1545 Volpa,
523 1483 590 1531 Ilzen
604 1487 632 1531 et
649 1484 720 1533 urar.
748 1482 798 1532 Su-

252 1565 302 1615 pra
314 1550 370 1612 IV,
390 1552 423 1600 57
443 1550 502 1616 (ubi
515 1552 570 1600 vid.
583 1552 666 1614 nott.)
683 1558 799 1602 vocatur

252 1621 351 1685 llppris
365 1620 482 1681 fluvius,
500 1636 577 1685 quem
591 1637 640 1686 pro
652 1622 734 1672 fluvio
745 1624 798 1672 Do-

252 1699 307 1740 net:
325 1688 419 1739 haberi
438 1695 466 1740 et
484 1705 544 1740 cum
560 1692 638 1756 Sprpi
655 1691 796 1753 conlundi,

252 1760 306 1809 nisi
323 1758 425 1809 diversi
442 1761 552 1810 omniuo
573 1761 675 1810 luerint
692 1776 797 1822 amnes,

252 1828 326 1878 adh.
339 1828 357 1877 l.
375 1833 539 1881 monuimus.
567 1831 603 1880 Et
621 1845 682 1880 curu
701 1830 744 1879 his
768 1831 796 1880 in

251 1899 410 1963 regionibns
428 1899 495 1949 nulli
512 1906 655 1950 enoteutur
676 1901 752 1951 fluvii
768 1902 796 1949 iu

252 1982 325 2018 mare
340 1969 488 2019 Asoricum
505 1970 664 2033 influentes,
682 1970 794 2020 Reunel.

251 2053 278 2102 p.
294 2039 345 2088 417
358 2054 417 2088 eam
430 2040 458 2088 iu
472 2041 625 2104 opinionem
639 2039 753 2101 incidit,
766 2046 797 2089 ut

252 2108 470 2173 siugula'l‘anais
483 2108 596 2159 brachia
604 2126 653 2175 pro
666 2111 733 2175 ipsis
746 2110 797 2159 flu·

252 2179 305 2228 viis
324 2178 387 2228 olim
406 2178 501 2228 habita
517 2180 627 2244 suisque
641 2181 795 2230 nominibus

250 2249 396 2313 designata
410 2263 471 2299 esse
490 2249 674 2299 contenderet.
697 2251 796 2315 ltaque

253 2316 345 2368 Omnem
360 2318 519 2382 suspicatur
530 2334 591 2368 esse
603 2319 725 2383 Volgam,
741 2322 795 2384 Lp-

252 2404 305 2438 eum
332 2392 359 2438 et
378 2390 472 2453 Syrum
495 2403 527 2438 ea
545 2389 650 2438 Tanais
672 2388 794 2451 brechia,

253 2458 350 2523 quibus
370 2473 442 2507 nuuc
462 2473 560 2507 nomen
582 2458 748 2508 Medueditza
767 2464 795 2508 et

253 2528 360 2593 Clloper.
381 2529 482 2578 Ritter:
496 2527 643 2579 Erdkuude
656 2529 693 2578 11.
704 2544 731 2594 p.
744 2528 795 2578 765

253 2613 313 2648 cnm
336 2599 444 2662 Bayero
471 2604 498 2648 et
517 2600 600 2648 Zeuss
624 2599 688 2662 (Die
709 2600 795 2648 Deut-

252 2668 336 2718 schen
360 2684 387 2718 u.
410 2668 469 2717 ihre
494 2667 658 2718 Nachbarst.
680 2684 708 2733 p.
731 2666 794 2730 21⁴)

253 2737 345 2788 Ocrum
362 2754 410 2803 pro
430 2741 511 2803 Volua
533 2756 554 2788 s.
570 2740 625 2789 le
643 2738 738 2798 babet;
761 2739 795 2787 de

252 2823 303 2874 quo
323 2808 434 2858 dubitat
446 2810 585 2874 Koeppen.
600 2809 619 2859 1.
634 2807 653 2858 l.
671 2823 733 2873 pag.
750 2809 793 2859 le.

251 2878 340 2928 Aliter
357 2879 437 2942 plane
456 2878 524 2928 haec
540 2878 677 2944 explicare
688 2877 795 2928 studuit

252 2947 365 2997 Hauseu
380 2949 546 3014 (Osteuropa
563 2965 589 3013 p.
602 2951 634 2998 27
649 2949 723 3013 seq),
745 2947 795 2996 ali-

252 3025 293 3066 ter
312 3032 420 3082 qnoque
444 3017 583 3067 Eichwald
602 3016 676 3080 (Alte
696 3019 794 3080 Geogr.

251 3084 276 3135 d.
285 3086 477 3151 CaspMeeres
490 3102 516 3150 p.
529 3088 601 3152 319),
616 3090 663 3152 qui
672 3088 794 3137 Maeotin

251 3155 284 3203 ds
301 3155 363 3206 lacu
378 3157 452 3205 circa
463 3157 548 3206 Pinslr
566 3157 654 3221 accipi
674 3156 732 3206 vult
749 3172 794 3207 eo-

252 3241 304 3289 que
321 3226 453 3276 transfert
473 3226 570 3276 fluvios
594 3225 639 3276 hic
662 3241 794 3276 memora·

250 3300 308 3343 tos:
331 3311 419 3360 neque
434 3295 547 3345 meliora
562 3294 670 3361 prolata
681 3297 761 3346 video
775 3312 792 3346 a

250 3364 377 3414 Koletero
396 3363 426 3424 (l.
444 3364 626 3417 l.v01.x111.
645 3382 671 3431 p.
685 3368 718 3415 24
733 3383 790 3431 seq.

249 3434 294 3498 611)
311 3435 359 3484 bos
374 3435 471 3484 fluvios
484 3436 519 3486 ad
532 3436 704 3501 Huugariam
721 3437 791 3486 adeo

248 3506 445 3556 transferente:
465 3520 534 3570 quae
552 3506 643 3555 omnia
659 3522 740 3571 qnam
753 3509 793 3556 iu-

248 3577 410 3634 certarint,
429 3577 563 3625 nemiuem
582 3576 674 3641 lugere
690 3581 791 3642 potest,

248 3651 375 3711 recteque
397 3646 432 3696 ab
453 3646 557 3695 Ukerto
578 3646 595 3694 1.
616 3648 633 3698 l.
653 3662 717 3712 pag.
743 3649 791 3699 199

248 3719 380 3766 monitum
403 3732 463 3767 esse
480 3717 612 3780 arbitror,
637 3719 705 3768 certi
727 3718 791 3783 quid

248 3786 281 3835 de
295 3785 336 3838 his
350 3788 481 3838 constitui
495 3802 549 3837 non
563 3802 650 3851 posse.

411 3960 478 4012 Cer.
487 3919 490 3924 ⁵
499 3960 621 4012 CXXIV.

281 4053 461 4127 παυσάμενος
486 4062 535 4113 τοῦ
560 4060 677 4129 δρόμου]
712 4065 790 4115 Conl.

245 4137 316 4182 nott.
330 4133 365 4183 sd
376 4135 429 4194 IV,
452 4134 511 4184 122.
536 4135 589 4184 Pro
602 4124 790 4198 παυσάμενος,

245 4201 317 4265 qnod
328 4202 418 4267 plnres
430 4207 541 4252 tuentur
549 4203 709 4264 codd.,olim
719 4221 787 4254 nuv-

246 4267 375 4336 σαμένου,
383 4272 456 4337 quod
466 4278 493 4322 et
500 4275 587 4336 ipsum
594 4273 717 4324 codicum
724 4291 788 4340 quo-

244 4340 358 4391 rundam
373 4343 538 4393 auctoritate
552 4343 657 4393 nititur.
682 4344 718 4392 At
730 4345 786 4395 vid.

244 4411 286 4474 ll,
309 4411 365 4464 lus.
383 4412 437 4476 IV,
456 4412 521 4474 126,
537 4418 666 4476 recteque
681 4418 786 4464 monuit

243 4482 358 4537 Dorvill.
374 4483 410 4536 ad
425 4482 528 4535 Charit.
544 4498 605 4554 pag.
620 4485 680 4551 254,
694 4484 785 4553 legen·

851 990 914 1041 dum
932 1006 992 1042 esse
1008 980 1201 1057 παυσάμενος,
1219 1006 1270 1056 quo
1283 992 1379 1055 partici-

851 1064 896 1124 pio
910 1076 965 1111 non
979 1077 1040 1112 eum
1052 1068 1173 1124 tautum,
1190 1066 1238 1126 qui
1247 1078 1293 1112 suu
1306 1071 1380 1125 sporn

850 1136 957 1194 cessat,
981 1147 1074 1181 verum
1095 1133 1179 1181 etiam
1200 1145 1276 1193 eum,
1294 1134 1336 1195 qui
1354 1132 1379 1179 ut

850 1216 929 1251 cussa
948 1209 1056 1252 sutona
1071 1203 1201 1261 summm,
1223 1209 1320 1252 cosmus
1336 1216 1380 1250 cer·

849 1279 903 1329 sut,
922 1276 953 1321 ut
975 1272 1094 1335 speciem
1112 1271 1244 1335 patieutis
1260 1270 1379 1327 adsumat

849 1341 997 1404 significari
1021 1340 1166 1404 observat,
1192 1340 1268 1391 verbi
1294 1341 1380 1389 natust

850 1412 959 1459 minime
970 1410 1033 1460 iude
1047 1413 1164 1461 mutata.

884 1472 956 1527 ὀκτὼ
975 1477 1066 1541 τείχεα
1085 1472 1186 1544 ἐτείχεε
1207 1469 1318 1544 papula]
1337 1477 1379 1525 τεί-

848 1562 898 1612 χεα
912 1565 987 1600 arces
997 1554 1107 1600 multoe
1119 1554 1184 1599 suut
1195 1586 1202 1610 ,
1215 1552 1325 1599 castella.
1345 1547 1379 1597 Cl.

847 1619 896 1681 lV,
904 1622 946 1668 411,
962 1620 1039 1680 Quae
1049 1619 1164 1669 castella
1174 1633 1229 1684 qno
1236 1619 1295 1669 loco
1305 1633 1379 1683 quoue

847 1689 997 1738 consilius
1017 1689 1102 1739 Dario
1124 1689 1228 1739 luerint
1245 1692 1378 1747 exstructa,

845 1758 960 1808 multum
970 1759 1042 1808 iuter
1052 1760 1126 1810 viros
1136 1759 1235 1808 doctos
1244 1758 1377 1823 quaeritur.

845 1828 903 1877 Des
915 1828 1036 1893 Guiguea
1048 1828 1077 1892 (l.
1095 1828 1113 1879 l.
1130 1844 1158 1893 p.
1171 1828 1237 1892 541)
1253 1831 1280 1877 iu
1293 1828 1378 1877 monti-

846 1897 914 1960 bus,
931 1899 1003 1947 uude
1024 1899 1052 1947 in
1068 1898 1224 1948 Caucasum
1242 1898 1378 1946 interioris-

845 1982 898 2031 que
911 1968 993 2017 Asiae
1004 1983 1115 2032 campos
1128 1969 1224 2018 aditus
1237 1973 1342 2032 pateat,
1355 1966 1378 2014 iu

844 2043 918 2087 terra
939 2036 1150 2099 Circassiorum,
1176 2036 1306 2100 aliorum,
1322 2036 1379 2085 baec

844 2106 960 2157 cautella
977 2112 1118 2158 exstructa
1137 2123 1201 2158 esse
1222 2112 1318 2172 putat,
1335 2120 1377 2170 qno

845 2178 936 2226 minus
954 2176 1073 2240 Scythae
1090 2177 1118 2227 in
1133 2178 1218 2228 Asiae
1236 2176 1378 2242 provincias

846 2246 939 2296 Persis
956 2246 1083 2297 subditas
1106 2247 1247 2298 incurrere
1266 2252 1378 2312 possent:

845 2315 929 2366 simili
946 2315 1063 2367 consilio
1082 2323 1195 2381 postera
1210 2322 1302 2367 aetate
1318 2316 1379 2364 eimi-

845 2385 885 2436 lea
905 2390 1061 2436 exstructas
1078 2385 1136 2436 illic
1155 2402 1219 2437 esse
1238 2401 1328 2447 arces,
1350 2384 1378 2433 ab

844 2454 919 2506 hisce
929 2455 997 2507 bene
1007 2455 1228 2520 distinguendas.
1242 2456 1310 2505 Add.
1317 2456 1378 2504 Dau-

845 2525 902 2575 vill.
915 2525 982 2576 ibid.
1000 2540 1028 2591 p.
1041 2526 1102 2577 587.
1126 2526 1262 2578 Reunelio
1280 2531 1378 2576 auclore

845 2611 872 2660 p.
890 2595 943 2646 420
958 2596 1059 2646 Darius
1088 2596 1223 2647 orientem
1244 2611 1335 2647 versus
1350 2595 1379 2644 sd

845 2681 904 2715 earn
917 2665 1022 2730 Volgae
1035 2671 1138 2730 partem
1155 2681 1246 2731 usqne
1259 2665 1379 2731 pervenit,

843 2734 1379 2800 quacircaregionemZeritzinocciden·

844 2811 898 2855 tem
912 2820 1008 2856 versus
1020 2806 1134 2855 multum
1146 2812 1290 2868 curvatur,
1306 2819 1378 2868 prope

843 2875 968 2924 Saratow
987 2875 1037 2925 snb
1056 2876 1141 2940 gradu
1162 2875 1378 2941 quinquagesimo

845 2946 932 3010 primo
947 2945 1103 2996 latitudiuis
1116 2945 1247 2996 borealis.
1273 2945 1330 3006 Quo
1340 2957 1378 2993 us·

844 3030 898 3080 quc
921 3030 1081 3080 progressus
1101 3030 1148 3065 rex
1175 3015 1267 3066 veloci
1288 3014 1376 3078 Volgus

844 3099 926 3135 curan
940 3086 976 3135 ad
992 3084 1109 3134 reditum
1135 3085 1191 3134 luit
1213 3091 1336 3145 coactus,
1356 3082 1376 3130 si

843 3153 1005 3204 Renuelium
1019 3155 1126 3205 audias.
1141 3153 1307 3205 Dahlsuauu.
1319 3153 1377 3216 (He-

843 3225 900 3275 rod.
915 3240 941 3289 p.
959 3223 1021 3287 161)
1038 3225 1072 3274 de
1091 3225 1159 3289 ipsis
1176 3226 1303 3287 arcibus,
1321 3237 1376 3288 qua·

842 3310 901 3345 rum
919 3294 1048 3360 reliquiae
1062 3294 1220 3346 Herodotus
1240 3292 1376 3345 sevidisse

842 3369 975 3426 testatur,
1001 3370 1031 3413 nt
1055 3365 1177 3414 dubitari
1197 3381 1281 3430 posse
1296 3367 1377 3427 negat,

841 3435 883 3483 its
900 3434 951 3484 hoc
969 3435 1060 3499 potius
1084 3436 1270 3499 quaerendum
1293 3433 1376 3484 existi·

842 3510 908 3568 mat,
921 3510 1011 3554 utrum
1025 3519 1042 3553 a
1055 3504 1138 3554 Dario
1149 3504 1217 3554 illae
1229 3504 1330 3556 luerint
1338 3517 1375 3553 ex·

840 3579 972 3638 structae,
979 3576 1137 3638 praesertim
1148 3589 1209 3625 cnm
1217 3573 1376 3636 intelligine·

842 3650 934 3711 queat,
944 3658 996 3710 qno
1009 3643 1124 3695 consilio
1134 3650 1162 3694 et
1173 3659 1254 3710 quem
1265 3647 1293 3693 in
1305 3644 1374 3692 linem

840 3715 947 3780 quodve
963 3716 992 3764 iu
1008 3714 1176 3765 commodum
1189 3713 1259 3764 haec
1272 3710 1375 3764 castella

841 3784 908 3850 erigi
921 3799 968 3835 rex
979 3783 1104 3834 voluerit.
1130 3785 1241 3835 Haecce
1259 3782 1372 3840 castella,

841 3855 867 3904 si
889 3869 984 3905 revera
1003 3869 1019 3903 a
1038 3855 1123 3904 Dario
1144 3860 1286 3905 exstructa
1306 3858 1372 3912 suut,

842 3925 887 3974 vix
905 3924 961 3974 alio
976 3924 1094 3974 consilio
1114 3923 1228 3975 condita
1243 3922 1371 3980 videntur,

840 4010 921 4061 quam
933 3999 964 4043 nt
978 3998 1068 4044 tntum
1081 3993 1283 4059 receptaculum
1295 3993 1321 4042 iu
1333 3990 1370 4041 de-

841 4067 921 4115 sertis
933 4065 1029 4113 vacuis
1039 4064 1200 4129 praeberent
1212 4063 1303 4113 Persis
1315 4062 1371 4123 Scr-

840 4135 957 4200 thasque
971 4134 1005 4184 ab
1019 4135 1221 4185 incursionibus
1238 4137 1368 4183 arcerent:
1454 4195 1455 4200 Ἰ

840 4221 893 4271 quo
913 4204 1007 4254 eodem
1024 4203 1139 4255 consilio
1154 4205 1252 4254 ductus
1265 4201 1369 4252 Alexan·

838 4276 886 4326 dcr
903 4274 939 4324 ad
956 4273 1072 4323 Tanaim
1093 4273 1186 4324 urbem
1210 4271 1368 4323 exstruxisse

836 4345 938 4395 dicitur
949 4343 984 4393 ab
996 4345 1112 4393 Arriano
1121 4343 1222 4408 leped.
1231 4339 1368 4393 Alexandri

836 4414 889 4476 IV,
905 4416 928 4466 1.
941 4417 966 4476 §-
982 4414 1017 4474 3,
1036 4415 1155 4479 itemque
1168 4412 1202 4463 ad
1214 4412 1366 4470 Caucasum,

835 4484 902 4535 ibid.
915 4485 975 4550 111,
988 4484 1030 4534 28.
1046 4486 1071 4549 §-
1086 4486 1112 4534 4.
1130 4483 1241 4535 Illorum
1255 4497 1315 4534 vero
1327 4493 1366 4533 ca·
