3042 5125
461 351 786 415 MELPOMENE.
808 354 864 414 IV.
887 364 944 418 145.
1208 352 1270 413 553

133 570 168 610 τε
182 545 308 612 οἰκέειν
322 540 390 631 ἅμα
405 543 567 632 τούτοισι,
588 545 710 633 μοῖράν
730 574 766 614 τε
786 549 909 634 τιμέων
929 549 1121 634 μετέχοντες
1142 549 1272 634 καὶτῆς

133 650 193 733 γῆς
206 643 440 733 ἀπολαχόντες.
481 653 776 738 Λακεδαιμονίοισι
794 649 831 719 δὲ
845 653 924 720 ἕαδε
938 653 1097 720 δέκεσθαι
1111 648 1189 731 τοὺς
1202 657 1271 719 Μι-

132 749 236 835 νύας,
258 747 312 819 ἐπ’
328 745 395 819 οἷσι
412 754 553 821 θέλουσι
571 750 683 822 αὐτοί·
718 754 860 841 μάλιστα
881 753 919 823 δὲ
934 757 1034 842 ένῆχέ
1044 775 1165 841 σφεας,
1188 752 1272 822 ὥστε

131 855 263 923 ποιέειν
277 858 399 938 ταῦτα,
415 859 484 922 τῶν
502 859 741 943 Τυνδαριδέων
754 852 775 945 ἡ
789 865 943 946 ναυτιλίη
958 861 995 927 έν
1008 861 1051 946 τῇ
1065 855 1184 946 Ἀργοῖ.
1218 862 1272 926 δε-

131 956 270 1046 ξάμενοι
290 958 327 1026 δὲ
346 955 425 1037 τοὺς
444 957 583 1039 Μινύας
602 964 663 1048 γῆς
683 987 719 1027 τε
740 963 924 1049 μετέδοσαν
945 963 1001 1030 καὶ
1021 963 1055 1040 ές
1074 959 1183 1049 φυλὰς
1205 965 1272 1029 διε-

132 1174 211 1224 uyas,
228 1174 289 1210 curn
299 1159 426 1223 Spartam
436 1161 593 1223 tenderent,
606 1165 681 1212 recte
731 1163 882 1212 arbitratur
894 1159 1109 1226 Valckenarius,
1122 1162 1168 1212 cui
1180 1176 1197 1211 a
1212 1159 1276 1211 Plu-

131 1229 226 1279 dieere
244 1229 380 1292 potuisset
405 1229 463 1289 „ad
477 1238 566 1294 patrea
578 1246 639 1282 auos
653 1247 682 1281 se
731 1231 828 1281 tarcho
844 1236 872 1281 et
882 1229 1019 1295 Polyaeno
1033 1229 1119 1283 allata
1135 1232 1207 1280 ratio
1220 1245 1276 1279 ma·

131 1301 259 1350 oesire?“
272 1299 338 1358 Gr„
357 1297 403 1362 qui
415 1297 488 1348 idem
500 1303 596 1363 postea
612 1299 681 1350 haec
730 1302 773 1364 gis
791 1301 901 1351 videtur
914 1299 1072 1365 probabilis.
1102 1302 1169 1352 Cum
1183 1304 1275 1351 autern

132 1368 250 1419 adiecit:
272 1368 347 1431 „lies
360 1370 400 1419 sic
410 1367 592 1432 expedienda:
607 1370 682 1433 Tyn·
731 1369 772 1420 illi
788 1387 839 1435 per
858 1369 939 1421 tribas
956 1370 1084 1422 distributi
1104 1385 1165 1423 esse
1183 1369 1277 1420 dican-

132 1437 247 1488 dsridae
264 1452 287 1487 s.
305 1437 434 1488 Dioscuri
452 1435 481 1504 [i.
500 1454 523 1488 e.
536 1437 636 1488 Castor
653 1441 681 1488 et
731 1445 791 1501 tur,
805 1439 858 1490 boc
869 1439 899 1489 C.
912 1437 945 1488 0.
958 1436 1104 1493 Muellerus
1114 1439 1276 1491 Orchomen.

132 1505 241 1572 Pollux]
260 1506 354 1557 Iasoni
370 1506 495 1572 adeoque
505 1508 606 1573 Minyis
618 1522 682 1558 con·
732 1524 794 1574 pag.
807 1508 859 1560 313
872 1522 947 1574 seqq.
958 1508 992 1558 de
1001 1512 1086 1561 ternis
1101 1510 1163 1562 istis
1173 1510 1277 1559 Dorum

131 1577 224 1628 iuncti
240 1580 320 1628 erant
342 1576 476 1640 sanguine
497 1582 525 1628 et
547 1577 680 1627 familiam
731 1579 928 1642 Spartanorum
938 1577 1062 1631 tribubus
1072 1579 1188 1645 intelligi
1197 1593 1279 1643 posse

131 1645 308 1697 Aeolidarum
332 1645 522 1711 attingebant,
554 1648 681 1698 nimirum
732 1652 830 1713 negat,
847 1647 1022 1698 cumnullum
1036 1649 1288 1715 unquamomnino'

130 1732 181 1782 per
204 1731 287 1766 avum
312 1721 471 1781 patremque
495 1716 587 1768 Ledae
612 1717 681 1767 'Ibe
732 1718 804 1768 inter
818 1717 970 1781 Spartanos
985 1722 1069 1782 atque
1083 1719 1202 1770 advenas
1215 1733 1279 1768 oon-

131 1787 228 1839 stium.
253 1785 316 1837 Vid.
332 1784 489 1851 Apollodor.
504 1787 526 1846 Ι,
540 1789 564 1847 7,
580 1787 639 1837 Set
653 1787 679 1838 8.
731 1786 967 1838 nubiiiusiuerit.
1004 1788 1072 1838 Tres
1087 1789 1159 1839 enim
1173 1786 1279 1838 illasin

130 1873 159 1921 p.
172 1856 208 1906 48
220 1871 276 1920 seq,
292 1854 334 1907 ed.
347 1857 363 1904 2
377 1855 466 1920 Heyn.
485 1859 512 1904 et
530 1856 603 1907 conl.
614 1858 682 1906 Bur·
732 1851 838 1918 tribus,
855 1855 954 1920 quihus
964 1857 1157 1921 antiquissimo
1169 1856 1233 1907 inde
1245 1871 1279 1906 ex

131 1941 227 1976 mann.
240 1924 364 1990 Catalog.
378 1926 540 1990 Argonautt.
553 1941 579 1989 p.
590 1925 682 1976 CVIII
732 1941 801 1977 aevo
818 1925 1014 1989 Spartanorum
1034 1928 1161 1978 constitit
1187 1941 1279 1989 respu-

132 1996 177 2047 ed.
197 1993 330 2045 Harles.“
366 1994 407 2044 Ad
425 1996 512 2057 Ipsam
531 2010 586 2046 rem
608 1994 680 2046 conl.
703 2015 705 2020 ·
732 1994 806 2046 blica
831 1995 917 2056 (conl.
942 1995 973 2045 (l.
997 1997 1043 2046 Fr.
1066 1997 1208 2047 Hermann
1234 1995 1278 2044 in:

132 2064 376 2131 quoquePausan
391 2064 461 2126 VII,
473 2067 499 2115 2
515 2067 540 2126 5.
554 2066 682 2129 2ibiqne
734 2064 844 2114 Handb.
871 2063 919 2114 der
943 2064 1041 2115 bellan.
1070 2063 1276 2117 Staatsaltcrth.

132 2132 329 2196 Siebelispa..
305 2133 399 2195 ν166,
415 2133 586 2183 Lachmann·
601 2134 683 2199 Spar·
734 2138 759 2219 5.
776 2133 819 2184 20.
833 2138 890 2183 not
908 2135 936 2184 ll
959 2134 1000 2185 ed.
1014 2140 1103 2199 quart.
1120 2141 1148 2185 et
1164 2136 1278 2186 Kortiim

132 2211 193 2255 tau.
207 2204 419 2254 Staatsveriass.
436 2205 510 2284 pli
519 2218 594 2269 seqq
733 2205 776 2253 in:
793 2202 934 2254 Schlosser
950 2220 977 2254 u.
992 2204 1092 2255 Bereht
1105 2204 1216 2256 Archiv.
1228 2204 1277 2254 lv.

170 2275 276 2336 μοιραν
286 2286 315 2321 τε
331 2267 432 2336 τιμέων
446 2266 617 2335 μετέχοντες]
639 2271 682 2323 Ob
734 2290 758 2339 p.
776 2273 920 2332 tel-143,
938 2273 1111 2324 Lachmann:
1128 2276 1182 2325 Die
1186 2273 1280 2338 Spar-

133 2357 181 2406 μω
185 2358 240 2404 ραν
264 2345 292 2391 in
318 2341 370 2392 hac
394 2346 534 2392 structura
559 2342 682 2392 additam
733 2341 1085 2394 taniscbeStaatsverfass.
1096 2360 1123 2409 p.
1133 2344 1167 2395 87
1181 2324 1280 2408 seqq),
1299 2385 1301 2391 ,

133 2411 211 2463 conl.
222 2411 357 2462 Knehner.
368 2411 412 2461 Gr.
425 2412 472 2462 Gr.
483 2414 508 2474 5.
518 2412 577 2463 519.
588 2416 646 2463 not.
659 2412 681 2462 l.
734 2426 869 2462 nemmem
878 2427 964 2477 recipi
974 2414 1097 2476 potuisse
1108 2413 1279 2477 pronuntrat

134 2488 164 2533 et
182 2481 296 2532 Scborn.
319 2480 354 2530 sd
375 2480 534 2545 Anaxagor.
556 2481 682 2565 fragium.
733 2482 790 2532 nisi
804 2497 850 2546 qur
862 2497 958 2532 revera
970 2483 1072 2533 Dorica
1085 2484 1171 2547 stirpe
1183 2499 1213 2534 se
1227 2483 1280 2533 ori-

134 2552 238 2615 (Bonn.
260 2549 338 2613 1829)
362 2566 424 2616 pag.
444 2550 493 2606 26·
517 2549 553 2601 ad
570 2543 662 2601 ἕαδε·
654 2567 682 2601 ιιι
734 2549 1094 2635 undumplaueprobaqset,
1114 2554 1280 2616 Minyarum-

132 2638 213 2687 seqq.
226 2620 300 2671 coni.
314 2621 343 2680 Ι,
359 2620 404 2672 151
428 2621 520 2685 iqune
537 2626 607 2673 nott.
641 2621 683 2671 Ad
734 2635 787 2686 qne
802 2620 914 2684 stirpem
931 2622 1059 2673 Doricam
1077 2623 1281 2683 cognationem-

133 2680 284 2743 verbain'
297 2657 438 2741 οἷδιοοιιλ.
451 2695 521 2741 nott.
535 2690 605 2751 adl,
619 2691 682 2751 1413
734 2705 788 2755 que
807 2691 1024 2755 cumSpartanis
1043 2693 1177 2757 Doribns‚
1200 2708 1280 2758 quam

134 2762 171 2812 ad
186 2750 392 2823 ιιιΙιιιιιιένήχε
407 2759 464 2822 ΙΙΙ,
482 2760 599 2824 libique
613 2764 683 2810 nott
735 2759 892 2811 Herodotus
902 2760 1033 2825 proferat
1047 2777 1107 2812 eam
1120 2761 1206 2812 multo
1219 2766 1282 2825 post

171 2828 225 2908 γῆς
246 2845 275 2879 τε
300 2824 454 2890 μετέδοσαν
469 2825 517 2878 καλ
539 2819 568 2885 ές
591 2821 684 2890 φυλὰς
734 2829 828 2880 fictam
841 2830 929 2882 luisse
940 2829 1030 2882 videri
1045 2832 1080 2881 ab
1095 2831 1162 2883 his'
1155 2831 1236 2896 lpsis,
1250 2836 1281 2880 ut

136 2890 321 2964 διεδάσαντο]
335 2896 425 2948 Aliam
439 2914 564 2960 cansam,
577 2915 626 2949 cur
638 2898 685 2949 ad
736 2898 880 2962 probabile
888 2899 1015 2950 vldeatnr
1025 2901 1179 2965 Mrnyarum
1190 2905 1281 2963 poste

133 2985 224 3020 venae
238 2968 386 3019 civitatis
379 2984 437 3019 mre
459 2968 599 3031 donarint,
618 2968 684 3019 affe·
735 2969 785 3020 ris.
814 2969 961 3031 Quaecnm
977 2969 1086 3021 itasint
1093 2970 1282 3035 ,perPerioe·

134 3044 202 3090 runt
222 3037 384 3088 Plutarchus
403 3053 437 3088 ac
450 3037 607 3101 Polyaenus
621 3037 639 3087 l.
654 3036 683 3099 l.,
735 3053 827 3088 corum
841 3039 933 3102 potius
947 3040 1036 3090 tribus
1050 3041 1281 3105 atqueLaconum

136 3111 186 3174 qui
204 3107 406 3171 Tyrrhenorum
425 3122 448 3158 s.
463 3107 640 3172 Pelasgorum
656 3105 685 3156 tl-
735 3107 1210 3174 indigenarumMinyasdistributos
1221 3123 1282 3159 esse

133 3180 206 3239 lios,
221 3178 255 3228 ab
267 3177 478 3227 Atheniensibus
487 3176 579 3241 pulsos
593 3176 685 3227 Imbro
735 3177 902 3238 arbitratur,
919 3179 988 3243 nisi,
1010 3178 1039 3229 id
1051 3180 1123 3242 quod
1136 3179 1180 3230 vel
1192 3179 1281 3244 magis

136 3251 298 3312 Lemnoque
308 3248 463 3297 Taenarum
478 3246 617 3309 appulisse
631 3251 685 3296 tra·
735 3247 771 3296 ad
784 3262 878 3297 verum
893 3247 934 3297 illi
952 3248 1082 3299 accedere
1094 3248 1221 3312 videtur,
1241 3264 1282 3298 se-

136 3319 209 3369 dunt
221 3333 256 3367 ac
269 3317 414 3381 Spartanis
431 3318 458 3366 in
471 3315 542 3367 bello
554 3332 616 3366 cum
630 3316 684 3366 He·
735 3316 782 3365 des
795 3331 907 3379 prorsus
921 3317 1060 3368 seiunctas
1073 3333 1090 3367 a
1101 3317 1214 3384 reliquis
1229 3319 1282 3367 La-

135 3389 204 3439 lotia
224 3402 301 3452 opem
319 3385 417 3436 tulisse
434 3401 548 3451 eamque
567 3387 601 3436 ob
620 3401 685 3436 can·
735 3386 831 3436 coniao
843 3387 977 3436 incolisin
988 3388 1113 3437 Taenaro
1127 3391 1283 3453 promonto-

136 3473 199 3510 sam
217 3456 334 3508 civitate
349 3470 383 3505 ae
400 3456 573 3505 matrimonio
591 3456 686 3520 digna
736 3456 778 3505 rio
803 3460 886 3520 atquc
907 3456 997 3505 insula
1013 3456 1104 3506 Crana
1125 3473 1180 3506 non
1203 3455 1282 3505 valde

139 3534 185 3578 tos
203 3540 273 3577 esse.
295 3526 362 3576 Cum
376 3540 441 3575 vero
453 3524 590 3589 nequead
602 3525 686 3587 magi·
737 3529 843 3574 remota
867 3524 979 3589 (quippe
998 3541 1068 3590 quae
1089 3525 1150 3578 looa
1170 3526 1281 3590 Minyis,

138 3600 246 3647 stratus
266 3610 355 3660 neque
374 3595 402 3644 in
418 3598 544 3645 senatum
562 3594 688 3644 admitte·
738 3608 810 3656 quae
820 3594 903 3643 fuerit
914 3610 980 3657 gens
989 3594 1071 3645 rebus
1081 3593 1226 3645 navalibus
1238 3593 1282 3644 de·

138 3670 251 3728 rentur,
269 3666 298 3715 iu
315 3664 500 3728 suspicionem
518 3678 564 3714 eos
581 3665 689 3715 venisse
739 3662 813 3718 dita.
833 3663 952 3713 maxime
965 3666 1126 3715 convenisse
1138 3668 1282 3714 consenta-

139 3751 230 3787 rerum
243 3750 374 3785 novarum
385 3732 501 3798 indeque
513 3732 688 3798 comprehen-
738 3729 845 3795 neum),
866 3737 949 3796 atque
971 3735 1055 3782 etiam
1083 3734 1111 3783 in
1134 3733 1281 3797 Amyclaea

140 3822 188 3857 sos
201 3820 219 3854 a
231 3803 459 3855 Lacedaemoniis
475 3802 593 3853 vinculis
607 3808 689 3867 atque
739 3800 843 3851 ditione
861 3801 932 3850 iuter
945 3800 994 3851 hos
1008 3803 1082 3863 ipsos
1097 3802 1221 3852 Achaeos
1233 3804 1283 3852 Pc-

139 3874 270 3927 custodit
281 3876 403 3925 retentos
415 3872 510 3924 irrisae
540 3874 600 3935 Qua
613 3873 646 3922 de
659 3887 689 3922 re
738 3871 859 3931 rioecos,
882 3885 996 3934 quorum
1017 3871 1045 3921 in
1069 3873 1159 3921 tribus
1181 3871 1283 3921 fuerint

141 3944 240 3998 eadem
262 3944 304 3994 sio
327 3943 453 3993 Valerius
475 3942 647 3994 Maximus]
667 3940 686 3992 l.
739 3940 857 4004 recepti,
885 3941 1052 4004 acceperint.
1095 3941 1202 4003 Quibus
1229 3956 1283 4006 quo

143 4017 244 4075 ,Quos
270 4014 406 4074 Spartana
435 4011 536 4062 civitas
562 4016 689 4076 respectu
739 4009 830 4059 miuus
849 4010 995 4074 accedam,
1022 4010 1159 4060 obstant
1150 4027 1217 4090 rpaa
1229 4012 1284 4062 lle-

133 4069 410 4147 'Tyndaridarum-
429 4080 561 4132 deductos
581 4080 645 4132 iude
663 4079 689 4135 (e
739 4078 830 4128 rodoti
844 4079 943 4128 verba.
969 4048 998 4135 ές
1018 4071 1110 4139 φυλας
1134 4071 1283 4131 διεδάσαν-

142 4151 401 4218 Taygetollegibus
415 4150 618 4216 commodisque
631 4152 689 4202 anis
740 4162 771 4197 το
793 4146 854 4214 (pes
874 4150 956 4199 ινλδιιε
981 4148 1190 4215 distribuerunt),
1215 4166 1285 4216 quae

142 4221 306 4282 immiscuit3
332 4221 380 4272 sed
397 4219 449 4270 hoc
467 4224 575 4270 tantum
594 4220 691 4271 benefi
740 4233 788 4269 cnr
815 4218 848 4268 de
869 4219 1058 4270 Perioecorum
1087 4221 1211 4270 tribubus
1235 4235 1285 4270 nec

143 4293 216 4344 oium
241 4292 272 4341 in
288 4290 417 4341 iniuriam
432 4290 502 4340 bene
521 4292 634 4339 meritae
649 4304 691 4338 ur·
739 4303 818 4347 vero,
841 4288 914 4351 qnod
934 4289 995 4353 ipsa
1015 4289 1069 4339 fert
1085 4305 1128 4339 res
1144 4290 1285 4354 ipsiusque

143 4362 186 4413 bis
202 4376 317 4424 regnum
333 4359 496 4410 affectantes
512 4363 654 4410 verterunt
661 4358 689 4417 ;“
738 4358 895 4408 sententiae
912 4374 1065 4419 connexus,
1091 4359 1125 4408 de
1138 4358 1285 4422 Spartano-

143 4447 215 4498 quae
238 4432 300 4495 ipsa
321 4445 354 4481 ex
374 4429 539 4480 Herodoteis
560 4443 692 4493 expressa
740 4442 799 4477 rum
813 4427 940 4477 tribubus
954 4427 1117 4492 accipianda
1129 4427 1193 4490 sint,
1208 4428 1284 4491 equi-
