3042 5125
473 362 538 421 AD
558 359 811 422 HERODOT.
830 363 891 436 IV,
911 373 951 425 18·
1223 365 1284 424 715

149 555 216 603 runt
236 549 357 602 Boeckh.
381 550 408 602 in
434 550 520 621 Corp.
543 550 685 619 Inscriptt.
706 552 822 603 Graeco.
847 550 883 603 ll.
906 569 971 621 pag.
991 554 1026 606 86
1047 570 1106 624 seq.
1130 554 1193 626 (qui
1214 555 1284 607 idem

149 635 272 686 Graecas
287 634 483 705 inscriptiones
496 651 529 687 ex
543 633 592 686 hac
608 635 675 688 urbe
690 635 886 706 provenientes
901 636 1023 689 exhibuit
1039 639 1132 692 eodem
1149 639 1285 693 volumine

148 718 213 772 inde
228 736 244 770 a
258 736 301 772 nr.
318 722 387 773 2058
402 720 511 790 seqq),
528 718 618 771 Meier
637 720 665 771 in
677 720 776 772 Erech.
793 727 822 773 ot
837 721 958 773 Gruber.
974 721 1125 793 Encyclop.
1142 724 1215 776 Sect.
1232 725 1282 776 111.

149 802 212 855 Vol.
229 803 280 854 lli.
303 821 367 874 pag.
382 806 435 858 480
450 822 539 875 seqq,
559 803 661 874 quibus
679 804 742 857 add.
762 805 923 858 Neumaun:
944 805 997 857 Die
1011 805 1145 860 Hellenen
1161 808 1197 861 im
1211 808 1283 875 Sky-

148 886 297 940 thenlande
311 907 338 958 p.
355 892 406 942 352
422 907 501 959 seqq.
523 895 551 939 et
564 888 598 939 C.
614 888 698 940 Gust.
714 890 839 956 Brogren
855 888 884 941 in
898 890 1048 942 Dissertnt.
1064 891 1098 945 de
1110 892 1206 960 Olbia,
1229 892 1282 945 hli-

149 972 279 1024 lesiorum
294 973 399 1025 colonia
414 972 525 1043 (Upsal.
542 972 623 1038 1833)
636 972 668 1023 Ρ.
684 973 736 1024 ΙΙΙ.
753 991 817 1042 pag.
833 977 946 1028 21-30.

235 1057 295 1109 Hoc
310 1057 398 1125 igitur
412 1056 470 1109 loco
486 1057 578 1126 prisco
594 1057 733 1109 admodum
749 1076 818 1111 aevo
838 1057 890 1110 iam
907 1058 1038 1111 coloniam
1056 1060 1146 1113 fuisso
1159 1060 1282 1114 Thraco·
1319 1104 1324 1114 .

149 1140 323 1211 phrygicam,
337 1142 453 1194 Graecis
470 1141 595 1193 admixtis
609 1148 638 1192 et
651 1141 752 1210 duplici
771 1142 860 1196 outae
873 1143 906 1214 (i.
916 1161 940 1195 e.
954 1144 1051 1211 divitis,
1067 1145 1173 1212 deutur)
1189 1152 1217 1198 ot
1231 1148 1282 1200 Sa·
1348 1199 1356 1207 .

148 1228 209 1281 diae
223 1232 254 1296 (a
271 1229 358 1291 Sabo,
375 1226 423 1296 qui
439 1232 483 1279 est
496 1225 635 1291 Bacchus)
650 1226 757 1279 nomine
773 1226 940 1295 insignitam,
957 1227 1089 1281 Creuzer.
1108 1230 1250 1283 contendit
1263 1229 1281 1280 Ι.

149 1312 168 1363 Ι.
191 1328 253 1381 pag.
279 1313 459 1365 1235-1237.
486 1310 527 1362 De
551 1327 606 1380 quo
624 1309 651 1362 in
674 1316 751 1363 tanta
769 1311 945 1380 antiquitatis
969 1312 1138 1365 obscuritate
1159 1314 1284 1384 equidem

150 1396 222 1448 haud
234 1396 394 1463 decernam
410 1394 509 1447 etenim
525 1394 597 1446 haud
612 1394 669 1446 scio
685 1412 719 1446 an
737 1401 811 1447 recte
822 1395 940 1449 Mueller
950 1396 1121 1466 (Geograph.
1136 1399 1186 1450 Gr.
1198 1399 1283 1451 minu.

150 1482 174 1533 l.
191 1498 254 1549 pag.
270 1480 335 1545 2⁴29)
357 1479 475 1532 scribat:
494 1496 611 1545 „nomen
627 1480 720 1551 Σαβία
732 1479 799 1531 nihil
816 1488 874 1548 ost,
890 1479 1003 1551 opinor,
1027 1482 1081 1533 nisi
1097 1483 1284 1553 dittographia

150 1565 268 1618 nominis
278 1557 373 1636 Ὀλβία
387 1563 513 1633 (caula
526 1593 559 1603 -
573 1564 728 1631 OABIA).“
761 1565 832 1617 Utut
848 1565 964 1633 statuis,
980 1565 1009 1617 id
1024 1572 1126 1618 certum
1142 1573 1195 1633 est,
1211 1585 1283 1619 anno

149 1651 233 1702 ferme
255 1653 306 1704 655
326 1656 391 1701 ante
405 1648 471 1699 Chr.
494 1664 522 1700 n.
543 1656 616 1699 teste
631 1648 753 1699 Eusebio
776 1648 826 1719 (ad
842 1648 950 1718 Olymp.
966 1649 1044 1716 xxi,
1065 1651 1096 1715 3)
1113 1651 1283 1704 Milesiorum

149 1753 213 1788 esse
227 1734 362 1787 conditam
378 1728 554 1797 coloniam*),
570 1743 599 1783 ut
615 1739 724 1801 praeter
736 1732 805 1784 alios
819 1733 880 1802 ipse
891 1733 1178 1787 testaturHerodotus
1194 1736 1240 1801 IV,
1250 1740 1284 1789 78

150 1820 291 1872 scribens:
314 1815 342 1871 oi
355 1814 385 1871 dl
399 1804 612 1883 Βορυσθενεῗται
634 1805 711 1870 οὗτοι
731 1815 840 1885 λέγουσι
859 1815 944 1886 σφέας
958 1810 1060 1880 αὖτοὺς
1077 1814 1150 1871 εἶναι
1164 1822 1284 1889 Μιλησί-

153 1923 203 1965 ους
231 1904 308 1957 Haec
328 1903 415 1971 igitur
430 1901 537 1953 colonia
554 1918 637 1953 unum
655 1903 746 1955 Olbiae
767 1919 863 1954 nomen
879 1902 994 1955 retinuit
1010 1904 1159 1972 urbemque
1173 1923 1233 1956 mox
1248 1904 1283 1957 ad

150 1990 177 2041 id
194 1988 333 2056 fastigium
350 1987 493 2057 perduxit,
516 1991 546 2037 ut
568 2002 626 2039 cum
641 1986 763 2038 maximis
784 1986 874 2056 ipsius
889 1986 1023 2039 Graeciae
1039 1989 1155 2040 urbibus
1171 1995 1283 2041 conten·

150 2075 216 2126 dere
234 2080 346 2143 posset,
364 2072 475 2124 maxime
490 2070 606 2123 florente
619 2071 827 2140 mancipiorum,
842 2088 983 2139 annonae,
1001 2072 1108 2141 pellium
1123 2092 1155 2126 ac
1170 2074 1284 2143 piscium

149 2164 317 2223 mercatura,
338 2156 376 2209 ita
400 2162 431 2208 ut
452 2157 477 2209 ei
499 2155 575 2221 urbi,
597 2174 668 2227 qaae
689 2173 763 2208 nunc
785 2156 812 2208 in
831 2154 885 2207 illis
901 2157 985 2209 ferme
999 2157 1160 2225 regionibus
1174 2158 1285 2211 condita

151 2256 179 2296 et
194 2244 255 2312 ipsa
270 2248 438 2295 mercaturae
456 2239 614 2294 celebritate
631 2241 727 2309 floret,
746 2243 872 2295 Odeasatu
887 2240 962 2309 dico,
976 2241 1083 2295 minime
1098 2243 1218 2296 cessisse
1232 2260 1283 2313 pu-

151 2329 203 2381 tari
219 2328 326 2380 debeat.
356 2326 521 2393 Naugentos
536 2325 606 2377 enim
623 2344 673 2395 per
688 2342 776 2377 annos
792 2327 877 2378 ferme
891 2327 970 2378 stetit
987 2326 1147 2393 incolumis,
1170 2346 1283 2380 sexcen-

151 2420 195 2465 tos
216 2430 304 2464 annos
327 2410 438 2464 maxime
461 2410 506 2463 illa
529 2409 637 2478 quidem
660 2410 777 2478 florens,
800 2411 887 2463 donec
903 2411 1055 2464 Gothorum
1076 2412 1284 2465 incursionibus

151 2497 233 2550 tertio
248 2498 307 2549 iore
322 2502 386 2567 post
401 2494 467 2547 Chr.
489 2513 516 2547 n.
532 2494 642 2547 saeculo
663 2493 752 2547 deleta
769 2513 832 2548 esso
847 2494 984 2547 videatur.
1015 2496 1084 2549 Nam
1103 2496 1167 2549 inde
1185 2498 1218 2549 ab
1234 2497 1285 2548 hoc

150 2591 273 2652 tempore
290 2581 364 2634 nulla
377 2580 520 2633 invenitur
533 2580 633 2632 mentio
651 2580 743 2645 urbis,
765 2597 843 2650 quam
865 2581 974 2650 quidem
987 2581 1039 2634 iam
1053 2590 1135 2636 autea
1152 2583 1284 2635 Getarum

151 2669 212 2721 sive
226 2667 359 2719 Dacorum
374 2664 586 2734 irruptionibus,
600 2664 687 2718 medio
699 2664 774 2734 quod
783 2664 922 2717 Christum
937 2666 1059 2735 proximo
1074 2666 1213 2719 antecedit
1223 2684 1284 2719 sae·

151 2751 228 2819 culo,
248 2756 394 2821 tantopere
413 2749 542 2802 afflictam
559 2750 648 2803 inisse
664 2749 795 2802 credibile
813 2756 871 2816 est,
895 2755 925 2802 ut
944 2767 1084 2821 nunqnam
1098 2757 1195 2819 postea
1209 2758 1285 2804 vete·

151 2856 206 2890 ram
222 2836 395 2907 splendorem
409 2841 492 2904 atque
505 2833 709 2903 amplitudinem
729 2850 895 2903 recuperare
915 2835 1046 2904 potuerit.
1075 2835 1120 2888 Gi.
1136 2834 1234 2888 librum
1247 2835 1285 2888 ci·

152 2927 238 2975 tatum
255 2920 343 2973 Choix
358 2921 384 2972 d.
401 2919 516 2973 medaill.
533 2935 597 2990 pag.
613 2921 639 2972 5.
657 2921 704 2986 29,
728 2918 809 2971 cuius
832 2925 929 2971 auctor
948 2918 1024 2971 urbis
1038 2919 1229 2973 celeberrimae
1245 2920 1285 2972 hi-

152 3007 265 3059 storiam
280 3024 330 3076 per
344 3003 453 3073 singula
469 3003 579 3056 saecula
594 3003 774 3072 persequitur
790 3019 988 3073 humorumque
1008 3004 1097 3057 adhuc
1111 3004 1287 3059 inventorum

152 3097 308 3144 accuratum
329 3089 428 3142 adiecit
447 3088 571 3142 indicem.
600 3087 645 3140 Tu
661 3088 724 3140 add.
741 3087 978 3141 Raoul-Rochette
997 3089 1108 3161 Antiqq.
1129 3090 1233 3159 Grecq.
1248 3090 1285 3144 du

153 3176 289 3245 bosphor.
305 3174 431 3226 Cimmer.
448 3173 542 3244 (Paris
559 3172 641 3239 1822)
658 3190 721 3242 pag.
737 3175 848 3226 15-25
868 3180 896 3226 et
912 3190 983 3245 quos
1005 3190 1092 3246 supra
1106 3173 1286 3244 laudavimus,

153 3260 273 3312 Booclth.
288 3260 307 3312 l.
323 3258 341 3311 Ι.
358 3265 386 3311 et
399 3258 498 3311 hleier.
511 3258 529 3310 l.
547 3257 565 3311 l.

220 3425 247 3488 ‘l
266 3422 345 3475 coni.
357 3421 443 3473 choix
455 3422 481 3474 d.
491 3419 632 3473 medailles
649 3425 701 3473 etc.
715 3436 778 3487 pag.
787 3421 832 3473 29.
844 3421 886 3484 ll,
907 3421 1157 3475 itacui-Bochetto:
1169 3423 1285 3474 Histoir.

151 3495 176 3544 d.
191 3491 312 3545 dtabliss.
332 3492 357 3543 d.
373 3491 424 3543 ool.
439 3492 484 3543 Gr.
500 3491 552 3542 111.
565 3507 629 3557 pag.
643 3491 693 3542 315
708 3503 785 3555 seqq.
