3042 5125
189 371 251 435 τοι
525 343 531 351 ’
623 371 890 436 unionum

191 567 313 656 ἄνδρες
327 567 390 635 εἰσὶ
411 567 466 635 καὶ
480 565 683 654 χρυσοφόροι
700 562 740 634 τὰ
757 563 907 653 μάλιστα.
938 563 1108 631 ἐπίκοινον
1129 562 1165 630 dl
1182 565 1251 629 τῶν
1268 588 1332 648 γυ-

192 675 319 741 ναικοῖν
339 667 400 757 τὴν
420 672 509 759 μίξιν
530 674 719 753 ποιεῦνται,
742 673 800 737 ἵνα
822 673 1018 754 κασίγνητοί
1029 692 1064 734 τε
1084 661 1238 753 ἀλλήλων
1251 671 1334 734 ἔωσι

193 836 276 889 wald:
292 835 353 887 Alte
364 834 516 901 (ieograph.
528 833 555 887 d.
566 834 734 901 Caspischeu
785 835 937 895 tenuiores,
960 832 1058 897 quibus
1073 831 1116 882 usi
1137 830 1241 883 fuerint
1258 832 1338 898 Aga—

192 908 298 958 Meeres
316 920 379 971 pag.
399 904 460 967 271,
480 904 604 955 Schuller
621 906 663 954 iu:
684 903 736 954 Ar·
786 903 890 969 thyrsi,
906 903 1007 967 respici
1020 901 1172 952 arbitratur
1182 900 1337 1020 Orpheum-

193 976 256 1028 ehiv
272 976 290 1026 f.
310 973 408 1025 Kuude
428 974 666 1026 isterreiehiseber
685 973 736 1023 Ge·
787 989 838 1039 que
852 973 904 1023 buc
920 974 1005 1023 refert
1019 974 1119 1037 Argon.
1135 970 1202 1025 leot
1236 968 1336 1036 βρυχί-

193 1043 424 1110 sobichtsquelleu
433 1044 506 1096 XlV.
527 1058 589 1110 pag.
601 1043 636 1096 tt
648 1058 734 1108 seqqo
787 1058 878 1100 revue
896 1041 926 1106 (i.
939 1058 962 1092 e.
976 1044 1083 1093 molliter
1099 1046 1127 1091 et
1141 1042 1250 1092 delicate
1267 1044 1337 1092 laui-

194 1116 242 1182 qui
265 1116 347 1165 etiam
374 1114 407 1164 de
429 1113 490 1178 ipso
515 1115 606 1179 gentis
628 1113 736 1163 nomine
788 1123 870 1173 cotos,
893 1116 924 1161 ut
936 1112 1048 1162 Gesner.
1063 1111 1272 1176 iuterpretatur)
1289 1125 1338 1161 ve·

194 1187 306 1250 eiusque
329 1184 499 1234 derivatione
519 1181 599 1247 plura
618 1182 735 1247 profert:
787 1187 896 1233 euntem
914 1179 1060 1232 Maeotidis
1085 1179 1209 1242 accolas,
1234 1179 1338 1245 quibus

194 1269 263 1322 quae
288 1268 351 1303 num
376 1267 440 1303 vera
466 1253 538 1314 siut,
567 1266 622 1300 uon
651 1251 737 1317 magis
788 1251 855 1316 ipsis
868 1252 893 1302 si
904 1250 1042 1301 accenseri
1053 1248 1120 1300 velit
1128 1249 1252 1300 Ritterns
1260 1252 1338 1315 Aga-

193 1324 347 1374 discernam
369 1336 450 1386 quam
478 1336 548 1387 quse
565 1322 650 1372 Zeuss
673 1320 738 1385 (Die
788 1321 907 1386 thyrsos,
922 1319 1104 1370 exinterioris
1115 1319 1198 1370 Asiae
1207 1318 1337 1386 adeoque

192 1390 325 1445 Deutseb.
338 1406 363 1441 u.
378 1390 436 1441 ihre
447 1390 612 1442 Nechbarst.
632 1405 660 1455 p.
675 1388 738 1454 398)
788 1390 885 1440 Indiae
902 1389 1036 1441 tractibus
1049 1389 1102 1439 buc
1115 1388 1237 1453 deletus,
1257 1396 1337 1440 rete-

193 1468 222 1517 et
229 1463 343 1512 Hausen
352 1459 503 1525 proterunt,
512 1475 545 1511 ex
555 1474 669 1526 quorum
679 1474 739 1510 sen·
790 1474 900 1525 remque
912 1459 1064 1511 Asiaticum
1081 1460 1225 1524 vestitum,
1248 1458 1340 1509 subti-

194 1532 283 1584 tentis
294 1529 444 1597 Agathyrsi
458 1528 532 1581 haud
543 1529 644 1580 diuersi
656 1529 739 1579 sinte
789 1528 883 1580 liorem
905 1527 981 1580 illum
1005 1528 1113 1594 quidem
1136 1530 1164 1578 in
1182 1529 1340 1595 Europaeis

191 1604 275 1689 pente
294 1603 421 1666 posterae
437 1601 554 1661 aetatis,
579 1600 625 1649 eui
642 1613 739 1648 nomen
789 1598 900 1650 sedibus
917 1597 981 1649 bine
995 1599 1159 1662 retinentes,
1175 1614 1288 1661 vereor,
1306 1604 1341 1649 ut

195 1668 357 1735 Ακατζῐροι,
376 1670 423 1735 qui
440 1676 504 1720 suut
516 1668 604 1719 siluae
620 1667 737 1721 incolae.
790 1669 902 1733 probari
918 1668 1014 1732 possit.
1047 1667 1089 1718 sd
1106 1668 1340 1733 significationem

194 1741 236 1792 sd
256 1742 389 1793 Slaoorum
408 1739 522 1805 stirpem
543 1739 657 1789 Hanseu
681 1753 739 1788 eos·
789 1738 867 1789 vocis
885 1727 1034 1802 ἁβρότατοι
1052 1738 1182 1802 pertinet,
1200 1738 1275 1804 quod
1293 1754 1341 1789 su-

195 1811 254 1861 dem
268 1808 365 1861 referri
381 1807 441 1859 vult
458 1824 543 1873 seque
560 1813 644 1873 atque
659 1806 739 1856 Eieh·
789 1823 838 1872 pra
846 1805 949 1872 legitur
957 1805 1030 1872 apud
1039 1807 1169 1857 Nostrum
1178 1808 1254 1871 1,71,
1269 1809 1339 1859 Per-

194 1878 275 1931 uaid.
288 1878 307 1930 l.
320 1877 353 1939 l.;
370 1877 406 1928 ad
419 1879 502 1930 Celtae
513 1875 638 1929 Sehuller
652 1876 671 1926 l.
682 1874 700 1925 l.
712 1892 738 1940 p.
791 1892 851 1939 sas,
877 1880 941 1925 ante
961 1890 1023 1925 uam
1046 1876 1139 1941 Lydos
1165 1876 1339 1942 subegerint,

197 1949 260 2010 1063
279 1947 313 1999 ad
327 1950 460 1999 Fenne'eam
470 1948 580 2005 tribum,
593 1960 663 2013 quae
674 1944 739 1995 elim
759 1978 765 1987 ·
790 1945 918 1996 habuisse
936 1958 951 1994 e
985 1958 998 1993 a
1013 1934 1125 2011 ἁβρὸν
1140 1933 1204 1995 οὔτε
1217 1938 1339 2011 ἀγαθὸν

195 2019 230 2070 ad
255 2023 399 2083 utramque
416 2016 522 2083 Volgae
546 2017 634 2081 ripam
660 2014 738 2065 sedes
790 2005 891 2075 οόδένς
918 2015 954 2064 sd
975 2014 1049 2080 quod
1072 2017 1211 2081 spectavit
1234 2017 1339 2082 opinor

194 2088 335 2150 habuerit,
353 2092 466 2137 revocat
481 2086 579 2139 Virieu
597 2085 630 2136 de
649 2084 739 2134 Saint-
789 2083 943 2149 Hesychius
960 2083 1083 2134 scribens
1106 2074 1209 2152 ἁβρόν·
1231 2101 1339 2150 τρυφε-

195 2159 298 2208 Martin
325 2158 366 2206 iu:
397 2155 518 2207 Annales
544 2155 591 2206 des
612 2156 739 2219 Voyages
791 2147 898 2219 ρότ.-
913 2148 963 2201 καὶ
974 2146 1160 2218 χρυσοφόροι,
1174 2157 1193 2204 i.
1207 2171 1231 2205 e.
1247 2172 1341 2207 ιιιιιτιιιι

197 2226 274 2280 1848.
286 2225 415 2278 Decemb.
435 2240 462 2290 p.
481 2224 541 2277 296.
577 2223 741 2275 AdSsrma·
787 2233 930 2289 pectantes,
949 2225 1036 2274 auree
1052 2228 1203 2276 οτιιιιιιιοιιὶι
1215 2227 1338 2276 distincti.

194 2302 284 2347 tarum
294 2296 404 2359 stirpem
417 2294 577 2413 Apoetpreos
588 2293 672 2343 refert
682 2294 741 2343 liit-
790 2294 870 2357 Quod
889 2292 1051 2343 documento
1072 2296 1129 2355 est,
1152 2299 1254 2344 terram
1272 2294 1340 2346 illos

195 2372 252 2417 ter:
264 2364 393 2415 Verballe
405 2365 493 2431 peg.2
511 2362 596 2427 bseq.
609 2361 739 2425 collata,
790 2362 939 2414 incoluisse
954 2362 1015 2412 auri
1032 2361 1158 2424 divitem,
1178 2362 1267 2428 qualis
1289 2364 1340 2414 bo-

196 2436 229 2487 de
241 2436 301 2501 ipae
320 2434 436 2485 nominis
455 2437 546 2497 etymo
564 2447 692 2494 monens,
711 2433 739 2482 in
790 2433 887 2499 dieque
897 2433 983 2483 fertur
994 2447 1055 2483 esse
1066 2432 1267 2497 Transylvauia
1277 2436 1340 2484 auri

195 2521 249 2573 qiro
273 2505 316 2568 (ut
341 2504 370 2553 in
387 2502 450 2553 aliis
471 2501 604 2553 similibus
627 2501 742 2552 nomini·
792 2503 899 2570 copiam
910 2504 938 2553 in
950 2502 1089 2551 montibus
1102 2501 1247 2568 praebens.
1271 2503 1339 2556 Vid.

194 2576 246 2627 bus
256 2573 739 2640 ldautbyrsorum,'1'hyrsegetsrum,
791 2576 931 2639 Koeppen.
944 2573 962 2622 l.
973 2570 991 2621 l.
1004 2587 1032 2636 p.
1046 2570 1093 2634 13,
1108 2573 1235 2623 Heerent
1251 2574 1340 2625 Ideen

197 2645 445 2711 Thyssagetarum‚
471 2642 597 2706 aliorum)
621 2643 740 2693 numinis
790 2644 813 2705 1,
824 2641 966 2709 l.pag.9⁴,
977 2640 1111 2693 Niebuhr:
1122 2642 1338 2696 Verm.Scbrift.

201 2717 252 2781 lio·
273 2714 392 2780 aliquem
410 2713 544 2765 rationem
559 2712 682 2762 habitam
699 2712 740 2762 vi·
790 2713 813 2763 Ι.
826 2727 889 2779 pag.
903 2713 954 2764 377
966 2711 1029 2761 coll.
1043 2711 1146 2761 Ritter:
1161 2711 1293 2763 Vorballe
1308 2729 1336 2777 p.

196 2785 254 2835 deri
269 2785 390 2835 coniicit.
411 2785 465 2834 Pro
475 2784 560 2833 Dacis
572 2781 680 2834 eosdem
692 2780 741 2831 ha·
790 2781 850 2834 288.
877 2781 947 2834 sud.
965 2781 1131 2847 Pomponius
1147 2780 1222 2832 Mela
1243 2782 1288 2845 11,
1312 2784 1334 2834 l.

195 2854 377 2905 betNiebuhr.
387 2853 440 2916 tl,
452 2852 577 2903 Thraciis
590 2851 653 2902 hinc
663 2855 740 2902 uten·
789 2854 814 2915 5.
825 2853 872 2905 94:
893 2850 1063 2918 „Agathyrsi
1072 2865 1120 2900 ora
1133 2855 1264 2917 artusque
1272 2854 1336 2917 pin-

195 2928 238 2975 tes
259 2923 378 2974 moribus
395 2927 478 2987 atque
494 2924 639 2974 institutis.
660 2922 740 2971 Mau·
787 2926 869 2987 gunt,
879 2926 909 2971 ut
919 2921 1032 2987 quisque
1043 2919 1189 2972 maioribus
1198 2925 1336 2987 praestat,

195 2998 274 3043 nerto
288 2992 306 3044 l.
320 2993 338 3045 l.
364 2991 514 3057 Agathyrsi
529 3008 589 3043 cum
603 2991 679 3043 Getis
691 2992 739 3041 im·
789 2992 830 3040 ita
841 2991 928 3057 magis
945 2990 989 3043 vel
1005 2989 1108 3051 miuus,
1129 2995 1268 3042 caeterum
1288 2992 1335 3043 iis-

197 3061 377 3127 migrantibus
402 3061 536 3113 coaluisse
560 3061 688 3112 videntur
710 3061 738 3110 in
790 3060 849 3111 dem
876 3077 969 3113 omnes
987 3059 1060 3111 uotis
1080 3064 1108 3109 et
1126 3061 1183 3123 sio,
1206 3065 1238 3111 ut
1259 3060 1338 3112 ablui

195 3145 278 3182 uuam
289 3135 412 3196 gentem,
434 3129 626 3195 undepostera
644 3132 738 3180 aetate
789 3132 956 3197 nequeant.“
982 3129 1036 3181 Ubi
1050 3130 1209 3181 consuletur
1222 3132 1338 3197 copiosa

197 3201 314 3261 factum,
335 3204 365 3249 ut
383 3198 429 3263 qui
447 3201 533 3264 magis
551 3199 587 3250 ad
607 3199 738 3250 orientem
790 3200 955 3251 Taschuclrii
968 3199 1110 3250 adnotatio
1121 3201 1149 3249 in
1158 3205 1229 3253 nott.
1238 3216 1338 3267 exegg.

196 3270 366 3332 habitarent,
389 3269 479 3329 Getae,
499 3269 547 3333 qui
560 3270 595 3318 ad
613 3268 738 3319 occideu-
789 3269 850 3321 Vol.
861 3270 912 3322 ΙΙΙ.
923 3270 954 3321 P.
965 3270 1003 3319 11.
1013 3284 1076 3336 pag.
1088 3269 1123 3321 et)
1136 3284 1194 3335 seq.
1211 3270 1337 3321 Schuller

197 3343 266 3398 tem,
280 3342 368 3389 Darae
381 3338 593 3402 nominarentur.
789 3339 807 3389 l.
818 3340 837 3389 l.
853 3355 916 3406 pag.
935 3339 984 3392 100
999 3339 1114 3389 cumbis
1130 3339 1248 3390 conferri
1264 3342 1335 3403 vult,

239 3398 390 3476 ἁβρότατοι
413 3394 517 3471 ἄνδρες
536 3401 601 3474 eloi]
625 3396 739 3468 elvdooie
791 3425 862 3474 quae
877 3410 910 3459 de
924 3408 1009 3460 Gallis
1025 3409 1122 3460 scribit
1138 3410 1276 3461 Diodorus
1293 3412 1338 3461 Si-

197 3477 287 3544 plures
302 3476 367 3528 libri
380 3477 513 3541 praebent
532 3493 592 3527 cum
610 3477 738 3531 Eustath.
789 3479 866 3530 culus
879 3481 912 3542 V,
928 3481 970 3529 tt.

196 3546 213 3596 l.
227 3547 244 3598 l.
267 3547 468 3612 Interpretatur
479 3545 644 3613 Schweigh:
663 3552 739 3607 „leu-
824 3538 1171 3613 ἐπίκοινον-ποιεῦνται]
1183 3546 1225 3598 sd
1238 3564 1338 3600 uocem

195 3621 284 3668 tissimi
309 3619 418 3668 leminea
447 3619 539 3667 eunt.“
585 3616 737 3668 Larcherus
789 3608 935 3668 ἐπίκοινον
946 3617 1019 3669 conf.
1030 3621 1100 3668 nott.
1113 3617 1149 3668 ad
1161 3619 1183 3682 Ι,
1193 3617 1254 3669 216.
1280 3619 1338 3670 He-

195 3686 327 3738 reddidit:
347 3690 410 3746 „lea
425 3689 483 3750 plus
496 3688 621 3752 effecistis
634 3688 666 3736 de
682 3696 738 3738 tous
788 3687 902 3739 redotea
915 3688 982 3739 haec
999 3686 1072 3738 haud
1086 3689 1143 3739 seio
1156 3703 1191 3737 su
1205 3703 1338 3753 respexe-

195 3761 232 3807 lee
245 3758 382 3816 lommea,“
397 3771 545 3822 congruere
557 3771 659 3821 negans
670 3755 738 3808 baec
787 3757 824 3806 rit
834 3757 932 3808 Strabo
942 3757 1005 3809 Vll.
1015 3772 1042 3822 p.
1053 3757 1105 3808 300
1114 3773 1135 3808 s.
1143 3757 1193 3808 eei
1201 3759 1234 3809 A.
1254 3761 1337 3821 Quod

196 3842 256 3876 cum
272 3842 320 3888 eo,
345 3826 417 3890 quod
434 3824 543 3890 Scythis
561 3827 639 3877 aditu
654 3825 738 3876 iuter·
787 3842 941 3878 communes
952 3827 1099 3877 habuerint
1108 3826 1258 3893 Agathyrsi
1267 3844 1337 3879 uxo-

196 3895 314 3946 dixerint
325 3894 386 3960 (lv,
400 3894 461 3959 125)
472 3933 478 3959 ,
491 3895 546 3946 nisi
558 3899 667 3961 gentem
676 3895 737 3946 effe-
788 3912 844 3958 res,
857 3896 900 3961 id,
914 3898 1051 3948 Ritterum
1062 3895 1082 3950 l.
1095 3896 1113 3946 l.
1130 3913 1157 3963 p.
1171 3897 1222 3948 287
1235 3912 1293 3963 seq.
1308 3901 1334 3949 si

196 3965 326 4014 minatam
348 3963 465 4015 subinde
484 3967 626 4031 pristinam
649 3966 736 4016 virtu·
789 3967 897 4029 audias,
922 3968 955 4017 sd
974 3966 1124 4016 Asiaticam
1143 3968 1233 4032 gentis
1251 3969 1336 4034 origi·

195 4038 250 4084 tem
261 4048 438 4097 recuperasse
450 4039 567 4086 statuas.
603 4034 736 4101 Equidem
788 4052 849 4086 nem
866 4036 1025 4103 pertinebit,
1047 4051 1109 4088 cunr
1129 4037 1157 4085 in
1176 4037 1244 4087 Asia
1261 4037 1337 4090 inte-

195 4117 289 4153 vocem
309 4093 458 4167 ἁβρότατοι
480 4103 516 4153 ad
539 4105 613 4156 vitae
634 4104 737 4156 cultum
786 4108 862 4170 riori,
875 4107 946 4158 unde
958 4105 1248 4173 veneriuthgsthyrsi,
1261 4109 1338 4160 Bnd-

193 4170 737 4240 lsutioremeeliberaliorem,quahaec-
787 4176 857 4228 dbae
882 4181 1034 4228 sectatores
1058 4176 1099 4226 ita
1122 4192 1195 4227 more
1219 4183 1336 4243 recepto

194 4255 226 4292 ee
239 4256 305 4306 gens
318 4256 384 4305 prae
395 4245 511 4293 caeteris
522 4242 609 4307 iisque
622 4244 736 4296 rudiori·
786 4247 880 4297 vivers
900 4246 1017 4297 eoleant.
1052 4246 1088 4296 At
1111 4246 1204 4312 plures
1221 4250 1334 4300 omnino

194 4310 245 4361 bus
261 4309 432 4370 excelluerit,
448 4310 600 4376 retulerim,
624 4319 736 4366 auctore
787 4316 939 4382 antiquitus
950 4317 1035 4367 tuisse
1049 4320 1160 4382 gentes,
1173 4317 1246 4382 apud
1263 4333 1334 4384 quas

194 4380 312 4431 Rittero:
330 4379 457 4432 Verballe
469 4381 593 4447 pag.28'l
606 4398 673 4448 seq,
689 4386 736 4450 qui
785 4386 839 4437 iste
852 4402 908 4437 mos
926 4385 1058 4448 obtinuit,
1080 4388 1150 4437 satis
1168 4387 1335 4452 intelligitur

193 4450 365 4515 potissimum
378 4455 470 4504 vestes
484 4451 640 4506 subtiliores
654 4458 735 4521 atque
786 4470 819 4506 ex
832 4456 880 4521 iis,
897 4471 965 4525 quae
976 4456 1011 4507 ad
1024 4455 1132 4507 Platon.
1145 4458 1241 4523 Remp.
1256 4459 1291 4522 V,
1302 4461 1330 4516 7,
