3042 5125
501 371 708 438 THALIA.
731 377 793 438 III.
816 387 950 442 31—33.
1255 387 1301 447 68

149 561 216 651 τὴν
232 559 269 632 δ’
284 568 410 633 εἰπεῖν·
446 562 579 653 Ταώιην
592 565 706 652 μέντοι
727 566 804 636 κοτὲ
823 564 867 635 σύ
880 563 944 657 τῆν
956 576 1107 656 θρίδακα
1121 573 1295 664 ἐμιμήσαο,

149 665 212 737 τὸν
226 663 346 756 Κύρου
367 665 463 737 οἷκον
477 663 703 750 ἀποψιλώσας.
751 668 818 741 Τὸν
831 670 868 740 δὲ
882 675 1092 760 θνμαθίνια
1107 677 1295 769 ἐμπηδῆσαι

150 768 239 862 αὐτῆ
253 769 376 858 ἐχούσῃ
394 772 432 840 ἐν
446 773 583 858 γαστρὶ,
597 779 657 841 καί
669 801 727 859 μιν
740 773 955 864 ἐκτρώσασαν
967 773 1168 849 ἀποθανεῖν.

263 879 375 943 Ταῦτα
388 873 451 963 μὲν
465 876 498 953 ἐς
511 872 590 955 τοὺς
604 881 754 965 οίκηλονς
769 874 980 967 ὁΚαμβώσης
993 881 1150 972 ἐξεμάνη,
1168 893 1235 953 else
1250 883 1292 975 δῆ
1301 898 1341 960 33

150 974 209 1047 διά
230 974 292 1046 τὸν
311 968 412 1047 'Auro
432 987 500 1047 είπε
524 979 580 1048 καί
601 976 727 1066 ἄλλως,
753 976 808 1051 οἷα
830 980 938 1052 πολλὰ
960 982 1069 1055 ἐώθεε
1087 982 1293 1075 ἀνθρώπους

149 1078 239 1152 κακά
252 1080 533 1170 καταλαμβάνειν.
567 1084 623 1152 καὶ
637 1083 700 1173 peip
719 1112 796 1154 τινα
815 1086 870 1155 καὶ
892 1089 930 1156 ἐκ
952 1094 1072 1179 γενεῆς
1091 1094 1218 1161 νοῦσον
1231 1119 1290 1180 με·

148 1246 194 1314 εἴη
208 1247 345 1312 καλλίων,
359 1250 570 1315 quaeValclren.
582 1250 646 1301 olim
656 1252 696 1303 sic
747 1242 925 1318 ἐκτρώσασαν
949 1253 1059 1320 (abortu
1078 1255 1182 1325 seclo),
1213 1259 1292 1311 ouius

148 1319 349 1370 constituenda
359 1320 481 1370 censuit:
500 1313 601 1384 adrepe
618 1336 696 1385 περι·
748 1334 826 1373 usum
838 1323 971 1374 damnant
986 1331 1014 1376 et
1026 1326 1145 1378 Thomas
1158 1328 1291 1394 Magister

148 1379 325 1467 τετιλμένηὴ
342 1384 450 1452 θρίδαξ
465 1378 484 1455 ῆ
497 1387 597 1439 δασεῖα
611 1381 697 1440 ἐοῦσα
747 1392 787 1458 (p.
798 1392 860 1458 319)
873 1397 900 1442 et
913 1394 1083 1460 Phrynichus
1096 1395 1133 1463 (p.
1148 1397 1226 1462 208),
1248 1414 1291 1450 su-

148 1455 195 1522 εῖη
202 1457 336 1522 αμείνων,
345 1458 477 1510 εδὶἰαὶεοε
486 1449 611 1524 ἀμείνων
619 1461 696 1511 reddi
748 1463 783 1513 tis
797 1466 909 1513 tuentur
919 1463 972 1515 loci
983 1466 1165 1530 Hippocratis
1182 1471 1209 1518 et
1222 1468 1291 1518 alio-

147 1528 275 1607 potuisse
284 1527 413 1607 καλλίων,
421 1529 623 1594 utinHesyuh.,
635 1530 695 1581 ubi:
747 1548 807 1581 rum
825 1533 998 1598 antiquitatis
1020 1535 1199 1611 scriptorum,
1223 1554 1290 1603 quos

148 1610 284 1662 ιμεινον·
303 1597 425 1647 καλλιον.
448 1600 490 1649 Tu
503 1600 577 1650 conf.
588 1615 696 1665 quoque
747 1602 898 1653 attulerunt
915 1603 1046 1654 Trillerus
1064 1606 1098 1655 ad
1112 1606 1244 1657 Thomem
1262 1613 1290 1658 et

147 1683 290 1718 censorem
303 1667 480 1732 inEphemer.
488 1668 611 1721 lenense.
620 1670 695 1721 1817.
746 1672 868 1722 Lobeok.
891 1673 926 1722 εδ
946 1674 1091 1738 Phrynich.
1111 1674 1164 1726 l.l.
1187 1676 1289 1728 dehoc

147 1754 189 1787 nr.
203 1736 262 1787 163.
270 1737 400 1802 μεμδδθ.
415 1735 523 1800 δασεῖα,
535 1742 636 1789 utmox
646 1735 694 1789 δα·
745 1741 829 1792 verbo
841 1742 919 1806 plura
933 1743 1116 1807 disputantes.

148 1809 240 1870 σείαν,
248 1806 346 1873 reliqui
353 1806 501 1858 intectum:
512 1808 695 1873 Wesselingio

147 1878 176 1927 in
196 1881 315 1928 mentem
328 1882 443 1927 venerat
460 1870 561 1941 δασέη,
580 1883 694 1928 recentt.
912 1912 969 1963 cst
992 1913 1112 1964 XXXIII

146 1946 211 1998 edd.
226 1948 397 2011 scripserunt
408 1939 495 1996 δασέα
507 1952 536 1997 et
548 1943 652 1997 δασέαν
662 1963 695 1998 σε
972 1949 979 1963 ·
1116 1951 1123 1965 ’

147 2033 180 2067 ex
197 2015 308 2081 regula,
324 2031 407 2082 quam
420 2017 562 2081 proposuit
575 2017 694 2069 Bredov.
782 2009 829 2065 οία
839 2044 871 2052 -
887 2006 1190 2082 καταλαμβάνειν]
1204 2032 1288 2067 κατα-

145 2103 173 2152 p.
190 2086 256 2149 158,
276 2085 323 2136 ubi
340 2086 398 2136 vid.
434 2086 511 2135 Libri
528 2087 626 2152 scripti
640 2103 695 2138 non
746 2075 900 2152 λαμβάνειν
912 2084 945 2135 δε
964 2085 1072 2136 casibus
1088 2085 1144 2135 dici
1159 2087 1217 2137 sive
1233 2103 1290 2137 mu-

146 2155 292 2208 addicunt.
316 2154 397 2206 θοαί.
412 2156 495 2206 etiem
507 2155 562 2220 IV,
576 2156 619 2208 21.
635 2156 694 2208 109.
745 2155 793 2218 lis,
818 2170 888 2220 quoe
911 2170 961 2204 nos
979 2155 1071 2205 subito
1093 2155 1243 2220 corripiant
1261 2163 1289 2207 et
1357 2183 1362 2190 ·

145 2225 238 2276 -Άδ
248 2241 306 2276 reru
315 2225 371 2275 iam
380 2224 512 2276 Valcken.
523 2225 618 2276 strum
627 2227 694 2291 Epi·
745 2225 915 2290 opprimant,
939 2241 1009 2290 quae
1028 2225 1172 2290 inopinate
1194 2240 1288 2290 repen-

146 2295 255 2347 charmi
276 2294 380 2346 dictum
397 2296 470 2360 apud
490 2295 589 2347 Athen.
607 2296 644 2346 11.
666 2312 694 2361 p.
744 2295 804 2345 tino
825 2297 928 2360 impetu
949 2297 1157 2359 superveniant,
1183 2298 1289 2347 monuit

146 2365 183 2416 68
192 2367 236 2428 F„
247 2381 281 2416 ex
292 2380 348 2430 quo
358 2369 467 2431 praeter
478 2365 559 2425 alios.
570 2380 637 2430 quos
648 2382 694 2416 en·
744 2364 933 2416 Hemeterhus.
943 2366 979 2416 ad
988 2365 1102 2416 Luciau.
1112 2367 1203 2418 Somn.
1211 2368 1235 2428 ς.
1245 2366 1287 2417 12.

145 2436 220 2487 citat
240 2434 363 2486 Lobecls.
384 2434 443 2486 loco
464 2450 527 2485 mox
546 2434 693 2497 laudando,
745 2434 1018 2501 Tom.I.p.l92,quo
1031 2435 1286 2488 usisuutValoken.

146 2506 232 2555 etiam
244 2504 415 2569 Phrynichus
432 2505 600 2571 processisse
620 2505 694 2556 vide·
744 2504 780 2554 ad
791 2504 893 2556 Herod.
903 2506 952 2568 IV,
963 2505 992 2556 ll
1005 2509 1032 2556 et
1042 2505 1157 2557 Goeller.
1169 2505 1203 2555 ad
1214 2505 1287 2555 Thu-

75 2594 83 2605 ·
145 2582 209 2637 tur,
228 2576 352 2626 scribens
363 2576 532 2627 Herodotum
544 2575 640 2626 Ionum
660 2593 693 2627 ox
744 2575 835 2638 eydid.
850 2577 903 2637 IV,
918 2574 965 2637 31,
988 2576 1036 2626 ubi
1054 2576 1141 2642 plura
1174 2576 1217 2625 'l'u
1230 2576 1286 2626 vid.

147 2647 270 2696 dialecto
295 2646 397 2696 dixisse
421 2643 563 2709 θρίδακα,
587 2646 693 2697 Atticos
744 2660 827 2708 supra
838 2645 876 2708 ΙΙ,
885 2644 920 2697 66
930 2644 1077 2708 ibiqnott.
1091 2645 1167 2695 —In
1179 2650 1287 2696 antece·
1354 2644 1357 2652 '

145 2732 215 2767 vcro
224 2704 320 2780 (ἡμεῖς
332 2707 371 2778 δέ,
385 2715 433 2779 ait,
444 2709 481 2772 ὠς
493 2706 617 2777 Ἀττικοί)
627 2714 693 2780 θρι-
744 2714 873 2764 dentibus
896 2713 932 2772 ap
955 2714 1053 2764 verbu:
1081 2711 1167 2763 ταῦτα
1180 2741 1215 2750 -
1230 2705 1285 2774 ἐξε-

147 2784 289 2849 δανίνην,
310 2784 372 2836 coll.
386 2784 572 2837 Antiatticist.
586 2786 613 2834 in
624 2784 693 2836 Beh-
744 2774 833 2849 μα’νη,
851 2798 921 2847 quae
937 2782 1050 2832 redeunt
1064 2783 1162 2847 capitis
1174 2798 1287 2846 sequen-

146 2854 338 2905 keriAnecdd.
346 2871 408 2921 pag.
417 2854 460 2907 99.
470 2854 512 2906 Au
520 2870 600 2920 quem
609 2854 694 2919 Phry·
744 2852 782 2903 tis
804 2852 897 2903 initio:
927 2842 994 2901 ια’δε
1007 2877 1042 2890 —
1058 2842 1193 2915 ἐξεμάνη,
1212 2853 1285 2901 cons.

145 2924 224 2975 niohi
233 2923 323 2974 lecum
334 2925 453 2976 Lobeclr.
465 2925 498 2976 de
508 2939 574 2975 voce
584 2920 692 2986 θρῖδαξ
744 2922 881 2972 Kuehner.
899 2923 945 2973 Gir.
962 2922 1009 2972 Gr.
1024 2924 1048 2984 β.
1062 2922 1123 2972 547.
1148 2925 1205 2971 not.
1221 2920 1236 2971 3
1254 2921 1288 2970 tle

146 3013 171 3046 s.
186 2999 287 3045 lactuca
305 2991 431 3061 (Lultiolr)
446 2994 693 3061 plurimuveterum
744 2992 797 3043 hoc
818 2991 978 3043 accusativo
1007 2990 1100 3041 addito
1123 2994 1287 3041 monentem.

146 3064 263 3130 collegit
279 3064 445 3115 testimonia.
478 3064 584 3129 Scripsi
601 3067 693 3114 autem
745 3062 787 3113 cf.
802 3062 885 3112 etiem
898 3062 951 3124 111,
963 3061 1006 3112 37.
1029 3061 1094 3111 Mos
1105 3059 1204 3126 reliqui
1216 3060 1287 3110 inta-

147 3151 212 3185 cum
224 3138 340 3185 recentt.
355 3134 417 3185 edd.
436 3130 544 3199 θρίδαξ
561 3148 611 3198 pro
629 3132 694 3183 olim
744 3137 819 3183 ctum
833 3122 931 3196 ἐώθεε,
946 3131 1024 3181 cuius
1037 3129 1099 3182 loco
1111 3145 1125 3180 e
1138 3128 1244 3180 duobus
1255 3129 1287 3178 li-

146 3203 226 3269 vulg.
246 3200 368 3267 θρίδαξ,
391 3204 447 3256 vid.
472 3219 541 3269 quae
565 3204 695 3253 observat
744 3203 801 3253 bris
816 3202 928 3266 scriptis
946 3206 1062 3252 recenti.
1081 3200 1141 3251 edd.
1160 3198 1287 3249 exhibue-

147 3273 303 3337 Goettliug.
314 3273 401 3324 Lehre
412 3289 475 3324 vom
484 3273 588 3325 Acuent
602 3289 629 3338 p.
643 3273 694 3324 255
744 3276 808 3322 runt
819 3264 902 3323 ἐαθε.
922 3272 964 3321 Tu
974 3271 1029 3321 riri.
1042 3271 1104 3333 1,11
1117 3269 1207 3334 ibique
1217 3274 1287 3320 nott.

147 3351 178 3395 et
187 3343 383 3394 coni.rrott.ed
392 3344 429 3406 11,
438 3341 619 3395 73.—Paulo
630 3346 695 3407 post
746 3342 807 3393 184.

148 3414 298 3465 inverbis:
323 3403 427 3478 ταύτην
437 3406 533 3478 μέντοι
543 3403 608 3461 κοτὲ
620 3404 655 3460 σὺ
667 3426 694 3461 κ.
786 3405 835 3461 καὶ
859 3398 912 3473 γάρ
936 3423 999 3457 τινα
1021 3401 1069 3456 καλ
1090 3396 1120 3455 ἐκ
1141 3404 1240 3472 γενεῆς
1260 3422 1286 3456 κ.

148 3484 209 3534 ιλ
230 3471 335 3548 ταύτην
346 3483 428 3534 unice
440 3484 475 3535 ud
489 3480 606 3531 δασεῖαν
616 3478 694 3547 (θρί-
746 3497 770 3531 r.
784 3478 819 3545 λ]
840 3479 962 3529 Alterum
980 3471 1039 3525 καλ
1059 3491 1120 3526 cum
1132 3476 1285 3541 Schweigh.

147 3552 237 3619 δακα)
264 3553 361 3604 referri
383 3569 465 3619 posse
489 3552 556 3603 mihi
576 3549 695 3614 ridetur,
746 3556 775 3603 et
786 3548 874 3601 Gaiei.
885 3547 975 3611 recepi
987 3545 1116 3597 eduobus
1124 3546 1214 3607 codd„
1225 3561 1286 3596 cum

146 3623 218 3675 adeo
231 3628 262 3675 ut
275 3628 336 3674 tote
353 3624 494 3688 responsio
512 3622 615 3673 sororis
633 3636 695 3671 cum
745 3619 827 3685 vulgo
842 3618 998 3676 omittatur3
1017 3614 1141 3665 Dietsch.
1154 3616 1233 3666 uncis
1245 3615 1287 3665 in-

146 3695 239 3744 ironia
254 3693 374 3760 quadum
389 3698 416 3743 et
434 3691 611 3744 cavillatione
624 3689 696 3742 occi·
746 3690 829 3741 clusit
841 3701 950 3748 vocem,
969 3700 1049 3749 quum
1064 3700 1175 3762 prorsup
1193 3686 1286 3761 omisit

148 3763 300 3829 piendssit
316 3764 448 3814 eumferc
467 3763 496 3813 in
507 3760 630 3813 modum:
650 3763 696 3810 At·
746 3757 872 3809 Dindorf.
897 3754 938 3803 lu
949 3755 1034 3803 verbe
1048 3770 1124 3818 seqq.
1137 3767 1233 3803 ονννν
1244 3768 1287 3802 τοι

147 3836 197 3900 qui
215 3838 246 3883 tu
264 3848 332 3885 sane
349 3832 421 3883 hauc
437 3830 595 3897 (integram)
618 3835 696 3882 lactu·
747 3820 840 3883 ἀεικὲς
852 3814 937 3874 οὐδὲν
957 3810 993 3889 ῆν
1010 3820 1084 3887 (οἰίιίλ
1102 3827 1188 3873 minen
1204 3826 1288 3889 utique

149 3922 205 3955 οαοι
217 3920 245 3955 ea
259 3907 380 3964 ἀπὶεααα,
396 3919 425 3954 eo
443 3904 512 3969 qssod
524 3903 587 3968 ope·
601 3903 697 3952 domme
743 3894 807 3963 ferit)
821 3896 858 3946 cf.
872 3894 928 3956 Vl,
939 3892 988 3954 88,
1008 3892 1054 3941 ubi
1068 3892 1163 3942 eudem
1177 3907 1288 3956 prorsus

148 3975 349 4033 circumcidisti,
382 3988 464 4023 unum
495 3971 575 4038 quasi
604 3969 697 4020 lolium
744 3967 860 4018 locutio:
873 3979 924 4013 nec
936 3962 1048 4013 multum
1060 3962 1123 4012 inde
1134 3960 1226 4012 differt
1234 3962 1287 4024 111,

149 4049 213 4108 post
223 4043 340 4093 alterum
357 4042 518 4108 decerpens,
537 4042 555 4091 i.
568 4056 591 4090 e.
615 4054 697 4089 unum
746 4039 790 4099 24,
802 4035 851 4086 ubi
861 4034 898 4085 oi.
908 4032 1067 4084 nott-Ad
1076 4033 1163 4097 ipsum
1172 4047 1228 4082 rem
1240 4032 1288 4083 du·

148 4118 214 4179 post
227 4112 345 4164 alterurn
360 4112 486 4165 occidens
505 4110 595 4175 eOyri
614 4108 695 4158 domo
745 4108 808 4156 dum
836 4121 869 4155 ex
890 4103 1028 4167 Hesychio
1053 4107 1197 4153 monuerat
1222 4103 1289 4153 Lar·

149 4188 233 4235 antee
247 4183 364 4248 integre.
387 4184 421 4234 In
432 4198 509 4248 seqq.
520 4173 594 4244 ἔχειν
604 4168 634 4227 ἐν
646 4192 694 4241 γα·
745 4176 833 4238 chen,
856 4175 891 4225 de
907 4176 1029 4239 epilepsia
1048 4172 1093 4223 hic
1112 4172 1287 4237 cogitandum

149 4249 211 4317 orpl
224 4252 315 4304 valet:
330 4255 462 4318 providam
481 4268 550 4312 esse,
570 4249 650 4315 plane
664 4251 696 4297 ut
745 4262 816 4307 esse,
827 4260 906 4311 quem
916 4243 1038 4294 morbum
1047 4244 1169 4294 Iustinus
1175 4243 1287 4305 xmp,

147 4325 198 4385 IV,
208 4322 244 4375 30
256 4327 286 4374 et
296 4323 370 4386 apud
381 4324 500 4372 Pausen.
511 4322 534 4381 Ι,
545 4319 570 4381 8,
581 4322 596 4369 2
607 4322 635 4369 et
646 4318 695 4380 IV,
748 4317 778 4368 ll
791 4320 875 4367 vocat
885 4316 1046 4366 ααίελιιδίιιεια
1057 4317 1182 4365 arciorem.
1206 4311 1290 4362 Plura

149 4394 176 4451 u,
186 4396 212 4446 5.
234 4391 358 4459 Simplex
369 4384 443 4456 ἐχειν
454 4391 511 4442 aive
522 4386 610 4453 ἴσχειν
622 4388 697 4453 opud
746 4402 818 4437 nunc
829 4384 1018 4451 suppeditabit
1024 4385 1070 4435 Fr.
1079 4384 1169 4433 Dietz.
1179 4382 1213 4431 ad
1222 4382 1289 4445 Hip-

152 4463 325 4515 Herodotum
336 4462 476 4514 invenitur
486 4461 521 4525 V,
532 4461 575 4511 41.
596 4460 698 4509 Vocem
747 4457 868 4523 pocrstis
882 4454 942 4521 (qui
951 4455 1011 4520 ipse
1020 4458 1117 4505 contra
1128 4449 1290 4517 appellatio·
1342 4494 1344 4501 ,
