3042 5125
474 404 678 468 THALIA.
701 406 760 466 III.
785 417 846 472 103.
867 416 926 470 104.
1205 405 1267 469 205

121 600 262 664 ἔσονται
284 598 322 664 ἐν
342 600 385 685 τῇ
402 593 539 687 ἁρπαγῇ
544 619 551 632 ·
587 592 652 666 ὑπὸ
682 595 746 687 γὰρ
775 600 835 666 τοῦ
856 595 1023 684 καύματος
1046 600 1082 665 ολ
1098 594 1268 685 μύρμηκες

126 694 274 785 ἀφανέες
294 707 445 786 γίνονται
466 696 532 770 ὑπὸ
555 705 628 790 γῆν.
663 698 869 789 θερμότατος
888 702 928 768 δέ
945 702 1014 769 ἐστι
1038 694 1056 767 ό
1080 697 1171 788 ἥλιος
1191 701 1266 770 τού-

126 822 214 870 τοισι
233 818 319 871 τοῖσι
338 799 548 892 ἀνθρώποισι
569 802 606 873 τό
624 801 788 891 ἑωθινὸν,
808 799 850 872 οὐ
869 801 1018 891 κατόπερ
1037 819 1123 871 τοῖσι
1138 801 1268 874 ἄλλοισι

126 912 353 994 μεσαμβρίης,
375 903 451 975 ἄλλ’
466 902 662 998 ὑπερτείλας
674 912 771 997 μέχρι
788 896 832 976 οὗ
846 901 970 995 ἀγορῆς
984 904 1162 988 διαλύσιος.
1191 913 1266 977 τοῦ·

126 1035 188 1076 τον
204 1009 241 1078 θλ
255 1006 314 1077 τόν
326 1010 450 1099 χρόνον
463 1018 552 1081 καίει
563 1015 677 1104 πολλῷ
690 1017 817 1102 μᾶλλον
830 1004 853 1098 ἦ
864 1015 906 1099 τῇ
920 1016 1108 1099 μεσαμβρίῃ
1121 1010 1182 1100 τὴν
1195 1008 1267 1080 Ἐλ-

125 1111 234 1199 side,
256 1110 362 1193 οὕτως
383 1111 463 1182 ὥστ’
478 1119 516 1185 ἐν
531 1112 630 1184 ὕδατι
644 1114 740 1203 λόγος
759 1109 882 1191 αὐτούς
896 1117 964 1183 ἐστι
980 1116 1161 1201 βρέχεσθαι
1176 1142 1266 1203 τηνι-

126 1219 246 1284 καῦτα.
278 1221 426 1305 μεσοῦσα
442 1218 478 1288 δὲ
492 1214 512 1307 ἡ
526 1215 630 1307 ἡμέρη
644 1216 765 1306 σχεδὸν
779 1225 1017 1305 παραπλησίως
1036 1225 1124 1286 καίει
1140 1218 1217 1298 τούς
1232 1247 1268 1288 τε

127 1414 228 1466 Philol.
241 1431 267 1465 n.
286 1417 406 1484 Peedeg.
423 1419 563 1484 Supplem.
578 1421 626 1471 IX.
647 1436 673 1485 p.
725 1418 769 1469 his
781 1431 887 1482 semper
898 1403 933 1466 οὖ
945 1417 1077 1482 scribere,
1088 1431 1138 1468 neo
1148 1433 1268 1485 unquam

130 1485 208 1550 13¹),
232 1500 266 1535 ex
283 1496 413 1555 corrupte
432 1489 512 1541 codd.
528 1491 674 1556 scripture,
726 1490 759 1538 et
772 1490 815 1538 uti
826 1486 1047 1550 iormdreietivi‚
1060 1502 1129 1553 quee
1142 1504 1159 1539 e
1173 1504 1268 1541 conso·

128 1570 211 1622 qoem
227 1570 311 1620 sepre
329 1559 487 1621 retulimus,
511 1558 585 1610 illum
603 1559 674 1610 hene
724 1559 804 1608 nenti
816 1558 938 1620 incipiat.

126 1625 274 1676 lectionem
289 1630 457 1680 restituisse:
476 1626 549 1687 ὅκως
565 1620 674 1694 αόγέωο
759 1619 849 1684 οὕτως
862 1619 928 1679 ὥστ’
938 1618 969 1675 ἐν
981 1620 1063 1679 ὕδατι
1074 1616 1154 1691 λόγος
1164 1619 1268 1686 αὐτούς

129 1688 317 1759 θερμοτάτων
329 1689 448 1748 levoion
459 1693 570 1750 ἔσονται
580 1691 612 1749 lo
622 1690 673 1764 ἆρ-
724 1689 781 1747 ἐστι
795 1692 958 1763 βρέχεσθαι]
979 1697 1097 1748 Verbum
1116 1693 1267 1763 βρέχεσθαι

128 1761 220 1830 παγῇ,
236 1766 375 1830 inquibus
387 1768 477 1820 verbis
490 1759 581 1832 αιἰγὰς
593 1769 674 1820 intel·
723 1767 805 1820 Velle
821 1766 952 1818 reddidit:
979 1771 1005 1818 in
1024 1783 1092 1831 aqua
1107 1783 1136 1817 se
1155 1768 1267 1828 abluere,

129 1834 178 1899 ligi
195 1834 257 1885 vnit
273 1835 341 1886 solis
359 1838 461 1890 redies.
493 1838 600 1890 Eltsins
615 1840 673 1905 ipse
724 1835 1084 1902 Schweigh.apedmedere;
1100 1836 1269 1901 quodsi‚ut

128 1904 229 1979 leniori
251 1905 386 1957 medicine
406 1909 530 1961 adhibite
547 1909 674 1975 corrigit:
723 1907 795 1957 idem
808 1909 850 1957 vir
865 1907 963 1957 doctus
975 1905 1103 1968 coniicit,
1123 1905 1156 1955 dc
1174 1909 1269 1957 sudore

129 1988 204 2051 qwt
219 1963 264 2022 dv
275 1990 301 2023 ιτ.
315 1991 340 2027 τ.
352 1976 383 2026 θ.
396 1971 418 2029 ἒ.
431 1972 581 2043 ἔχωνται
598 1972 630 2028 lv
640 1975 675 2045 τῇ
723 1979 859 2028 caementi
868 1976 1035 2040 accipietur,
1048 1989 1160 2038 vereor,
1175 1980 1206 2024 ut
1217 1975 1269 2024 hoc

128 2041 247 2109 αρκογῇ
257 2043 284 2094 h.
296 2059 319 2096 o.
330 2056 367 2106 ut,
383 2059 530 2101 certassem
539 2049 675 2112 ferventis-
724 2048 857 2099 Graecum
875 2046 921 2097 sit.
951 2044 1105 2096 Lercherus
1123 2044 1209 2094 libere
1228 2044 1268 2094 sic

127 2116 187 2164 sissi
195 2117 262 2174 εἰπε,
277 2117 303 2165 in
312 2120 405 2181 rapina
415 2121 581 2171 detineautw.
606 2117 675 2168 Mihi
725 2115 860 2181 expressit
875 2115 957 2165 heec:
979 2113 1121 2180 „pendent
1134 2129 1166 2164 ce
1180 2118 1269 2179 temps

129 2188 257 2235 neutrum
269 2183 371 2249 plecet.
724 2214 757 2223 —
777 2185 805 2235 le
822 2186 855 2235 ils
873 2200 903 2235 se
924 2186 1051 2236 tiennent
1070 2183 1139 2235 dens
1156 2182 1267 2244 l'een;“

164 2245 341 2318 θερμότατος
358 2252 389 2304 ds'
407 2246 465 2305 ἔστι
482 2272 506 2305 ιι.
522 2272 545 2305 τ,
564 2253 598 2320 λ]
618 2256 635 2304 i.
649 2270 672 2305 e.
724 2257 811 2319 Miot,
832 2254 903 2306 elter
919 2256 1067 2321 interpres:
1087 2269 1159 2319 „qne
1172 2252 1213 2305 les
1224 2253 1268 2302 ln-

128 2324 322 2375 ordestiseimse
338 2327 675 2377 alstemle'sltome'nibueeol
725 2325 802 2375 diens
819 2331 896 2388 sont,
922 2325 1038 2387 dit-on,
1063 2322 1169 2388 obliges
1190 2325 1224 2373 de
1240 2339 1269 2373 se

129 2402 168 2443 est
178 2401 291 2458 tempore
303 2398 434 2457 matutino,
454 2412 503 2447 nen
518 2399 613 2447 statiis
629 2397 675 2447 lo·
719 2397 906 2459 jeterdeleau
912 2393 1197 2461 poureer·efruicllir.“
1210 2393 1269 2443 Ite-

130 2464 252 2523 ssinihus,
276 2467 357 2516 medio
374 2467 430 2527 dic,
454 2466 502 2516 sed
516 2467 549 2516 ab
567 2482 596 2518 eo
615 2476 676 2517 tem·
725 2467 768 2516 lus
780 2466 930 2530 interpres:
944 2492 978 2501 -
992 2470 1120 2528 „costoro
1134 2464 1269 2529 bregnensi

128 2549 208 2598 pore,
226 2550 276 2600 ηιιο
294 2537 330 2586 ed
345 2538 454 2602 aliquam
474 2537 627 2588 altitudinem
648 2539 675 2587 in
725 2535 789 2587 nell'
802 2536 919 2601 ecque.“
944 2536 1039 2602 Lange
1048 2535 1165 2600 denique
1176 2536 1217 2585 ite
1228 2533 1268 2584 lo-

130 2607 203 2655 οοείο
212 2609 344 2669 pervenit,
363 2623 442 2672 usque
458 2609 515 2658 άταιι
528 2616 624 2672 tempus
639 2615 677 2658 est
725 2621 787 2657 curn
805 2607 901 2656 vertit:
925 2605 1007 2670 „else
1027 2605 1091 2655 dese
1109 2606 1153 2656 die
1171 2606 1269 2666 Lente,

130 2691 147 2722 ο
170 2673 235 2735 soro
257 2676 417 2738 decedmdr,
444 2692 466 2728 s.
488 2693 567 2743 usque
587 2693 676 2727 sersus
726 2677 778 2727 wie
787 2691 849 2725 men
858 2681 932 2740 segt,
945 2675 1060 2725 elsdenn
1073 2674 1131 2725 sicli
1144 2675 1180 2723 im
1189 2675 1269 2724 Wes-

129 2744 196 2793 diem
221 2746 327 2796 medium
353 2745 426 2811 (cum
450 2747 524 2797 circe
551 2745 676 2797 duodeci·
726 2760 848 2796 serness
861 2744 1004 2795 mechen.“
1038 2743 1132 2793 Malim
1146 2743 1269 2808 equidem

131 2827 205 2861 mem
221 2813 305 2864 terme
318 2815 411 2865 horem
428 2832 443 2867 e
455 2821 551 2866 nostre
566 2815 622 2867 diei
634 2816 676 2866 di·
725 2817 767 2865 sic
779 2814 905 2866 reddere:
924 2816 989 2866 adeo
1002 2822 1028 2863 ut
1038 2817 1064 2864 in
1079 2829 1146 2878 aqms
1158 2827 1206 2877 per
1217 2812 1269 2862 hoc

132 2882 266 2933 metiendi
291 2886 397 2936 retione
427 2900 444 2936 e
467 2886 528 2936 iore
555 2884 675 2936 discede
726 2889 815 2934 totum
834 2889 942 2949 tempus
960 2884 1126 2933 matutinum
1143 2892 1270 2932 :creuere

132 2950 219 3016 rent).
263 2952 309 3003 lte
335 2961 409 3006 recte
438 2955 462 3005 h.
493 2955 512 3006 l.
541 2954 677 3006 intellexit
726 2963 751 3005 et
763 2954 832 3020 aqud
847 2970 876 3004 ee
892 2969 1031 3019 asper-pere
1046 2954 1172 3003 dicenter.
1204 2952 1271 3001 Ber·

132 3019 284 3086 Schwetgn
294 3060 301 3086 ,
313 3013 476 3090 ὑπερτείλας
490 3040 576 3091 seque
591 3030 675 3091 etque
726 3025 776 3074 ker
793 3026 822 3073 in
834 3023 949 3074 Ciessic.
964 3024 1060 3075 Journ.
1073 3037 1114 3073 nr.
1130 3021 1228 3071 xfflv.
1242 3036 1268 3085 p.

133 3079 287 3147 ἀνατείλας
305 3093 388 3156 (teste
404 3094 554 3159 Hesychio)
576 3095 608 3145 de
623 3099 676 3146 sote
727 3095 795 3156 376,
815 3093 861 3159 qui
874 3093 942 3143 hese
958 3093 1043 3143 verbe
1058 3096 1086 3142 et
1105 3094 1163 3157 ipse
1176 3091 1212 3141 ed
1228 3092 1269 3140 ni·
1360 3147 1364 3152 ⁴

133 3163 231 3210 oriente
239 3160 386 3226 accipiens.
403 3164 676 3215 NeceliterBredov.
726 3164 811 3214 mium
837 3163 963 3214 sudorem
987 3163 1083 3214 referri
1105 3161 1178 3224 vult,
1203 3159 1269 3211 solis

134 3228 236 3293 lieogr.
259 3235 287 3280 et
305 3232 453 3314 Urenolog.
475 3233 575 3285 Herod.
601 3249 675 3300 spec.
726 3234 813 3314 gedue
827 3233 994 3314 excitatum,
1012 3232 1098 3283 scribi
1110 3230 1183 3282 vult:
1201 3219 1270 3280 ἄνευ

135 3298 680 3440 ttttttttttttt‘ttttttt
726 3299 1083 3438 ωἶέλέλῗίὲἶθίτμρη
1100 3386 1127 3421 ι,
1142 3386 1164 3419 ι.
1179 3367 1216 3434 τ]
1235 3361 1270 3418 ιι

134 3440 323 3489 ἰαιιιίοετιειοί.
350 3441 393 3492 De
404 3440 566 3494 solelndico
583 3444 677 3494 eodem
727 3459 777 3509 pro
799 3434 836 3507 δὴ
854 3458 916 3494 cunr
937 3447 1051 3493 reccntt.
1072 3440 1131 3491 edd.
1150 3440 1270 3505 reposui.

135 3506 222 3557 iernre
242 3507 348 3558 Ctesias
368 3510 436 3562 Exc.
456 3512 533 3563 Indd.
557 3516 581 3577 ξ.
598 3513 615 3563 8
631 3513 676 3563 fin.
728 3514 779 3564 Est
789 3514 860 3565 enim
869 3512 924 3562 loci
933 3526 1041 3574 sensus,
1052 3510 1271 3575 interpretcBre·

136 3570 168 3627 τὸ
182 3567 308 3626 ἑωθινὸν
324 3578 358 3628 de
374 3584 494 3644 ternpore
504 3585 622 3634 matutino
638 3584 679 3632 in·
728 3583 810 3633 devio
827 3582 847 3632 l.
866 3582 883 3631 l.
903 3586 930 3632 et
947 3580 1100 3646 Schweigh.
1120 3579 1270 3643 „meridies

135 3646 330 3713 mingendum,
343 3653 374 3698 nt
388 3650 417 3698 in
428 3651 600 3716 Xenophont.
615 3652 678 3702 Hel·
727 3668 793 3703 vero
809 3652 842 3716 (s.
854 3651 1020 3702 meridianus
1035 3665 1102 3701 vero
1115 3648 1168 3713 sol)
1186 3648 1270 3699 Indos

134 3718 189 3768 ¹0¹¹·
204 3718 233 3780 Ῑι
250 3718 279 3780 l,
294 3721 324 3768 4²
348 3709 545 3797 ἐναυμάχησαν
555 3748 586 3758 -
599 3716 677 3787 μέχρι
728 3722 786 3773 iere
795 3722 946 3787 nritseque
955 3726 1039 3786 etque
1050 3724 1175 3770 caeteros
1186 3717 1271 3768 horni-

136 3785 233 3851 δείλης
256 3778 286 3849 ἐξ
311 3776 486 3854 tedesco,
510 3789 590 3840 modo
611 3806 679 3841 sene
728 3807 791 3842 nes:
811 3791 965 3843 declinante
979 3790 1092 3841 meridie
1106 3788 1224 3838 teliscst
1239 3787 1271 3836 il-

136 3858 193 3908 sint
205 3858 292 3908 verbs
304 3850 334 3918 ἐξ
347 3847 486 3924 ἑωθινοῦ,
507 3874 578 3925 quse
598 3862 678 3911 eXc-
728 3861 766 3911 lic
784 3860 840 3924 sol,
867 3859 956 3927 qualis
975 3859 1043 3909 elibi
1063 3858 1216 3909 matutinus
1236 3856 1271 3920 (s.

137 3927 277 3993 nophonte
301 3928 407 3992 scripte
435 3942 496 3979 esse
521 3935 624 3994 negent
652 3936 680 3982 et
731 3931 866 3981 matutino
882 3936 1021 3996 ternpore,
1040 3929 1146 3992 mene),
1167 3930 1196 3976 et
1210 3925 1272 3977 reli·

136 3997 287 4049 Brdckner.
312 4003 341 4048 et
364 3997 579 4059 Breidenbech.;
608 4001 679 4050 coni.
731 4015 812 4065 quum
824 4000 894 4052 coeli
906 4000 1024 4064 spetiem
1036 3998 1100 4049 dein
1112 4011 1272 4062 percurrens

136 4067 280 4118 linetsell:
296 4066 457 4118 Zeitschritt
473 4066 493 4118 f.
508 4069 680 4132 Gymnesiel-
731 4070 818 4135 megis
830 4070 971 4135 magisque
984 4069 1081 4134 friget,
1101 4068 1165 4118 dnm
1179 4066 1215 4116 ed
1228 4083 1272 4116 oe-

138 4138 261 4188 wee.xl.
277 4137 437 4216 p.23,2seq3
540 4197 547 4215 ,
731 4154 824 4190 cesum
845 4139 1006 4221 perveniens
1026 4138 1142 4219 menime
1162 4136 1273 4201 friget.“

137 4201 274 4328 :diiii
291 4203 680 4342 ttdtttdtttttti
731 4208 1184 4329 Efftsttltftttttttttt
1200 4208 1275 4328 {ili

141 4345 195 4397 181.
238 4351 278 4398 Ae
306 4351 399 4397 monet
424 4347 523 4397 Snuve
552 4347 631 4413 Spec.
657 4348 680 4402 Ι,
731 4338 1043 4412 οοίοἶποιιλινομένης,
1062 4347 1134 4413 qnod
1153 4344 1274 4397 idemle·
1356 4380 1361 4385 ·

137 4417 251 4478 Queest.
268 4417 302 4468 de
320 4415 386 4467 disi.
405 4416 508 4467 Herod.
529 4417 552 4469 1.
570 4432 633 4483 pop.
647 4420 681 4467 44
732 4417 806 4483 gitur
826 4418 885 4480 III,
907 4419 964 4468 114.
983 4417 1035 4478 IV,
1052 4417 1115 4478 1813
1136 4415 1275 4466 indicetur

137 4485 269 4553 (Opnsco
283 4488 321 4537 ll.
335 4502 363 4551 p.
378 4485 450 4550 tto),
467 4487 633 4538 Herodotum
654 4488 682 4538 in
733 4491 823 4537 entem
838 4487 866 4538 id
878 4487 933 4537 dici
943 4492 1058 4551 tempus,
1072 4501 1126 4552 quo
1139 4485 1181 4536 sol
1194 4501 1211 4535 e
1220 4501 1273 4536 me·
