3042 5125
429 373 753 437 MELPOMENE.
776 375 833 437 IV.
857 385 916 439 186.
945 385 1005 441 187.
1226 376 1287 438 639

151 564 189 633 δὲ
203 559 317 633 αὐτοῖν
332 561 391 643 τάς
406 567 443 633 ἐν
457 579 544 633 τοῖσι
564 563 761 652 κροτάφοισι
788 568 887 634 τοῦδε
908 569 1037 652 εἵνεκα,
1061 560 1105 646 ὡς
1120 565 1166 656 μή
1183 588 1288 656 σφεας

136 671 185 746 ,ἐς
207 665 266 736 τὸν
286 666 395 736 πάντα
414 666 536 755 χρόνον
549 670 733 753 καταρρέον
747 670 879 757 φλέγμα
900 671 937 737 ἐκ
950 673 1007 756 τῆς
1026 674 1172 759 κεφαλῆς
1187 674 1286 759 δηλῆ-

150 797 214 839 ται.
243 772 299 840 καὶ
315 767 371 839 διά
385 770 484 840 τοῦτο’
497 793 603 860 σφεας
615 774 750 857 λέγουσι
768 770 855 840 εἶναι
868 766 1117 859 ὑγιηροτάτους.
1145 776 1210 843 εἰσὶ
1222 773 1287 862 γάρ

150 868 195 953 ὥς
215 870 368 961 ἀληθέως
392 878 428 942 οἱ
444 881 569 961 Λίβυες
590 869 784 962 άνθράκων
806 872 944 943 πάντων
962 871 1192 963 ὑγιηρότατοι,
1220 882 1287 946 τῶν

149 972 244 1064 ἡμεῖς
259 981 373 1065 ἴδμεν·
403 977 507 1065 εἰμὲν
522 974 577 1045 διὰ
591 981 707 1062 τοῦτο,
728 974 791 1046 οὐκ
805 985 869 1065 ἔχει
883 974 1046 1064 ἀτρεκέως
1061 977 1169 1067 εἶναι,
1190 975 1285 1068 ὑγιη-

149 1078 283 1168 ρότατοι
298 1075 332 1147 δ’
349 1069 398 1148 οἶν
412 1086 485 1149 εἰσί.
514 1075 556 1167 ἢν
576 1079 613 1148 cll
631 1079 952 1149 refoventissima
968 1078 1118 1170 σπασμὸς
1132 1085 1285 1172 ἐπιγένη-

151 1242 208 1310 ροὶν
222 1236 373 1312 προβάτων
390 1239 459 1310 ἔρια.
492 1244 562 1295 Aliis
576 1249 695 1296 esteten·
744 1246 809 1297 Mox
826 1262 883 1316 „pro
904 1236 936 1296 ἒν
953 1248 1026 1296 τοῖσι
1047 1238 1215 1311 κροτάφοισι
1234 1247 1287 1299 dno

149 1331 195 1366 εαε
212 1319 324 1375 oeillma,
347 1331 370 1365 s.
384 1315 475 1367 sordes
493 1319 574 1367 enimn
588 1331 696 1366 εναεεοε
745 1316 808 1366 libri
820 1317 850 1365 έν
863 1314 941 1383 τῇσι
955 1331 1049 1382 κροτ.,
1074 1317 1144 1383 qnod
1163 1317 1286 1368 librario-

148 1400 181 1435 ατ
189 1388 310 1449 pingues,
331 1384 448 1435 fortusse
460 1390 568 1450 praeter
577 1401 649 1446 rem,
665 1389 695 1433 nt
744 1401 804 1435 rum
816 1402 830 1436 e
842 1386 968 1437 socordia
979 1386 1090 1438 fluxisse
1102 1387 1212 1439 credam
1226 1404 1287 1439 cum

148 1454 312 1518 wesseling.
331 1454 454 1517 indicat,
478 1469 593 1519 quocum
611 1454 694 1505 etiam
744 1455 862 1508 Bredov.
877 1471 905 1521 p.
920 1457 962 1507 55.
990 1458 1086 1522 Neque
1100 1461 1215 1510 reeentt.
1227 1456 1286 1508 edd.

149 1524 242 1574 iacere
259 1525 338 1574 video
353 1525 440 1575 blanr.
456 1523 579 1575 Schmidt
596 1523 630 1573 ad
646 1523 695 1573 Di·
745 1525 871 1575 obsecuti
890 1531 955 1575 sunt
978 1524 1048 1577 libro
1067 1526 1226 1578 Florentino
1245 1530 1287 1576 at·

149 1592 226 1656 dymi
239 1592 362 1657 iragmm.
375 1609 401 1657 p.
417 1592 466 1655 35,
484 1594 508 1643 si
526 1593 633 1657 quidem
644 1593 693 1641 Di·
744 1609 796 1660 qne
814 1594 954 1645 Sancrolti
972 1594 1055 1657 libro,
1080 1595 1151 1646 hanc
1173 1611 1286 1661 pravam

148 1662 246 1725 dymno
263 1662 317 1711 iam
332 1662 489 1714 distinxisse
502 1662 610 1712 videtur
623 1665 693 1712 inter
744 1664 888 1714 lectionem
906 1663 1093 1716 afferentibus.
1119 1658 1228 1729 φλέγμα
1244 1668 1287 1714 est

149 1723 273 1795 οἰοάιιην
296 1746 318 1783 ε.
340 1728 458 1796 οἴοκην,
489 1747 559 1813 guae
575 1738 618 1783 eet
635 1736 694 1783 lano
740 1736 843 1797 pituita.
875 1736 944 1785 Nos:
963 1733 1082 1794 Sedleirn,
1108 1733 1180 1797 Snst,
1207 1733 1287 1800 quale

147 1803 268 1863 ευεείιλα,
293 1806 321 1851 et
342 1803 412 1851 inter
433 1797 588 1866 ολοοικτην,
613 1816 694 1868 quam
744 1802 872 1852 nimirum
898 1819 912 1852 e
941 1801 1011 1853 male
1037 1802 1142 1853 affectis
1165 1805 1286 1868 corporis

149 1886 246 1922 vocem
256 1870 289 1919 de
294 1874 354 1933 fimo
363 1873 438 1923 ovillo
448 1871 630 1921 adhibuerunt
637 1870 696 1920 Ari·
745 1871 870 1936 partibus
878 1886 1004 1921 emanare
1012 1871 1090 1922 solet.
1098 1873 1220 1938 Langins
1228 1872 1287 1923 red·

149 1940 299 2006 stophanes
320 1946 347 1989 et
365 1941 505 1991 Cratinus.
542 1941 696 2005 Adseripsit
745 1939 829 1990 didit:
841 1941 926 1991 tollen
935 1942 1073 1999 Selmena·
1085 1941 1206 1992 Schoell:
1218 1944 1287 2003 „der

149 2008 610 2075 antemidemWesselingiushaec:
620 2010 696 2071 „Me
725 2056 727 2062 ,
745 2010 820 2060 Flam
831 2026 885 2061 οοοι
897 2010 984 2073 Kopse
1000 2011 1120 2071 derab“,
1139 2011 1242 2063 addens
1258 2011 1286 2061 in

148 2078 205 2130 lius
218 2079 380 2129 Mcuacbius
393 2085 421 2129 et
434 2081 507 2145 prior
517 2094 549 2130 eo
559 2079 693 2143 Scaliger.
745 2083 826 2140 uota,
853 2077 968 2144 intelligi
993 2081 1135 2130 materiam
1160 2081 1287 2132 nocivam

148 2149 264 2200 Emend.
290 2153 373 2213 temp.
389 2150 451 2199 Vll.
475 2166 502 2215 p.
519 2147 571 2200 082
596 2147 696 2198 durare
745 2152 828 2213 atque
850 2147 1095 2199 inflammatoriam.
1127 2150 1287 2200 Latinorum

148 2219 224 2284 apud
234 2217 385 2282 Aethiopas
399 2218 585 2280 Christianos,
598 2216 694 2268 Muha-
745 2217 798 2267 hnc
813 2224 946 2268 revocant
961 2220 1051 2285 flegma
1068 2234 1089 2268 ε.
1105 2220 1233 2286 phlegma,
1253 2219 1287 2269 de

147 2288 280 2339 medanos
311 2303 489 2355 paganosque
517 2286 630 2338 similem
659 2286 694 2336 ad
744 2303 797 2353 quo
808 2286 921 2337 Gesner.
933 2287 962 2337 in
974 2288 1055 2338 Thes.
1067 2288 1099 2338 1..
1112 2290 1143 2340 1..
1156 2293 1226 2340 citat
1235 2289 1286 2340 Th.

148 2356 351 2408 destillationes
361 2357 491 2409 vitandas
503 2358 621 2407 ustionis
632 2372 695 2406 eon·
744 2356 880 2407 Priscian.
894 2358 935 2408 De
946 2356 1030 2407 dicet.
1042 2372 1104 2424 esp.
1119 2358 1159 2410 10.
1184 2357 1227 2408 Ad
1239 2374 1286 2410 vo·

148 2427 338 2490 suetudinem,
355 2427 392 2477 ab
404 2427 468 2479 aliis
480 2429 508 2477 in
523 2426 696 2491 superstitio·
744 2442 803 2477 cem
817 2415 901 2490 ἄκος,
915 2428 1062 2489 remedium,
1073 2429 1146 2479 conf.
1160 2427 1288 2493 Aeschyl.

148 2512 212 2548 nem
222 2512 339 2559 versam,
354 2497 533 2548 docuerunt.“
555 2494 694 2556 harcher,
743 2496 841 2560 Agam.
860 2496 934 2547 1140.
947 2496 1085 2548 Prometh.
1096 2497 1147 2561 43,
1170 2498 1217 2548 nbi
1232 2497 1287 2548 vid.

149 2569 197 2634 qni
210 2567 421 2633 Wesselingium
444 2568 502 2618 fere
522 2571 632 2617 secutus
654 2566 694 2614 in·
745 2565 893 2616 Blomfleld.
907 2566 937 2615 iu
948 2565 1098 2618 Glaesaria.

149 2642 316 2702 terpretatur
338 2641 399 2689 erat
418 2637 451 2687 de
470 2636 533 2686 laua
555 2636 626 2701 „qni
647 2639 693 2684 n'a
780 2626 991 2700 ὑγιηροτάτους]
1014 2635 1219 2701 ef.supra11,
1243 2636 1287 2698 77,

149 2708 229 2772 point
243 2705 287 2758 ete
301 2703 530 2772 degraissde“(nt
543 2706 629 2771 ipsius
640 2704 693 2754 viri
743 2704 790 2754 uhi
812 2710 874 2770 poet
893 2704 994 2767 Libyes
1014 2705 1143 2770 Aegyptii
1161 2705 1288 2755 dicuntur

149 2776 226 2827 docti
235 2783 298 2827 utar
307 2776 410 2839 verbis)
420 2776 453 2826 de
466 2775 528 2841 ipsa
538 2790 566 2825 re
576 2773 694 2825 conferri
745 2775 863 2824 omnium
880 2763 1081 2838 ὑγιηρέστατοι.
1109 2774 1232 2825 Alteram
1245 2789 1288 2825 su·

149 2844 210 2895 vult
229 2845 363 2911 Ludolph.
381 2846 485 2895 Hister.
499 2844 625 2909 Aethiop.
641 2843 693 2905 111,
744 2842 873 2909 perlativi
888 2843 1003 2893 formam
1022 2844 1073 2894 hoc
1089 2859 1122 2893 ex
1139 2843 1200 2895 loco
1222 2843 1287 2894 alla-

149 2914 175 2966 6.
189 2930 229 2964 nr.
241 2917 284 2966 42.
307 2915 377 2965 Add.
392 2915 693 2980 Hippocrat.1)eaiir.,
745 2919 804 2962 tam
825 2913 904 2962 video
928 2913 957 2962 in
976 2912 1097 2965 Aneedd.
1115 2913 1201 2964 Behlr.
1222 2928 1287 2997 pag.

150 3000 197 3049 aq.
213 2989 241 3034 et
252 2984 320 3036 loce.
340 2987 364 3047 ξ.
385 2983 435 3034 100
453 2984 486 3035 de
502 2983 612 3047 Scythis
630 2980 695 3033 scri·
747 2981 806 3033 115.
844 2982 911 3033 Inde
930 2972 1033 3048 ὕγιηρή
1058 2999 1107 3049 pro
1131 2972 1251 3049 ὑγιηρης
1271 2998 1288 3033 a

148 3054 272 3115 beatem,
293 3054 342 3118 qui
356 3054 465 3104 omnino
482 3053 695 3104 crebrius‘utan·
746 3052 833 3102 Corae
852 3051 1007 3103 restitutum
1025 3058 1054 3103 in
1069 3054 1231 3118 Hippocrat.
1245 3054 1288 3103 De

150 3128 195 3173 tur
204 3123 359 3174 ustionibus
369 3124 397 3172 in
406 3123 493 3174 variis
503 3122 625 3188 corporis
634 3137 696 3187 par·
745 3123 819 3185 aba,
835 3137 878 3186 aq.
892 3128 920 3172 et
933 3122 1001 3173 locc.
1015 3126 1040 3186 ὅ.
1053 3123 1096 3174 53.
1111 3139 1138 3188 p.
1153 3122 1211 3174 137.
1226 3122 1287 3175 386.

151 3193 225 3244 tibus
253 3193 288 3243 ad
312 3193 434 3257 corporis
453 3191 638 3243 valetudinem
662 3207 695 3242 sc
747 3191 829 3242 eous.
840 3191 956 3242 Bredov.
969 3207 996 3257 p.
1009 3193 1070 3244 278.
1097 3193 1219 3242 Tertiam
1235 3194 1289 3243 lor·

151 3262 266 3312 formam
274 3262 402 3312 tuendam
412 3260 635 3328 firmandamque,
648 3261 696 3310 ubi
746 3276 816 3311 mam
838 3251 996 3326 ὑγιέστερος
1021 3261 1100 3312 affert
1119 3261 1251 3313 Valcken.
1274 3278 1288 3313 e

152 3331 255 3383 Corsis
268 3347 330 3397 pag.
340 3331 391 3382 303
402 3332 490 3383 nostri
499 3331 553 3381 loci
562 3330 636 3381 harad
648 3332 696 3380 im·
745 3331 873 3382 Strabou.
886 3330 934 3380 VI.
948 3347 973 3395 p.
989 3331 1040 3382 269
1054 3348 1075 3382 ε.
1090 3332 1141 3383 414
1150 3332 1183 3382 Α.
1197 3330 1288 3382 Schol.

150 3417 252 3453 memor
281 3401 361 3451 simul
390 3401 479 3466 gentis
508 3401 695 3452 Ostiaccorum
746 3400 774 3451 in
785 3398 922 3464 Aristoph.
940 3402 1008 3465 qu.
1027 3400 1102 3451 1080.
1121 3426 1154 3435 -
1171 3401 1213 3452 De
1230 3416 1289 3451 ora·

150 3471 294 3533 admonet,
323 3470 371 3536 qui
393 3470 547 3522 huiusmodi
572 3470 695 3521 ustiones
745 3470 830 3519 tionis
841 3473 988 3533 structura,
1006 3471 1035 3519 in
1047 3485 1101 3533 qna
1113 3472 1288 3521 accusativus

150 3539 539 3604 adhibeant,testePallas,ad
548 3541 641 3591 varios
651 3539 697 3589 do·
746 3553 807 3588 cum
817 3537 951 3588 infinitivo
965 3539 1091 3603 ponitur,
1105 3537 1152 3587 ubi
1165 3539 1289 3588 nomina-

149 3610 237 3671 lores,
251 3610 359 3661 morbos
373 3609 607 3660 inflammatorios.
628 3609 697 3658 Ara·
745 3609 833 3657 tivum
845 3611 1065 3672 exspectaveras,
1079 3605 1151 3657 conf.
1163 3608 1185 3669 I,
1196 3606 1238 3658 34.
1250 3607 1287 3666 Il,

150 3680 213 3742 bes,
228 3680 380 3742 Bedninos,
394 3679 505 3730 Mauros
520 3679 608 3728 adhuc
622 3678 694 3728 ferro
746 3679 771 3727 2.
786 3676 834 3738 IV,
850 3676 893 3726 04.

149 3750 280 3800 candenti
295 3750 335 3799 uti
350 3748 482 3801 adversus
494 3748 609 3813 quaevis
622 3746 694 3795 mala
769 3734 967 3826 ,r‘gpsppo'tcros
981 3733 1010 3791 δ’
1024 3727 1072 3807 ὧν]
1091 3744 1134 3793 De
1147 3742 1288 3808 particulis

150 3817 694 3883 morbosquetestatnrblinutoli:Remi·
746 3813 764 3862 0
788 3813 911 3880 corconi.
923 3817 993 3862 nott.
1005 3812 1041 3862 ad
1055 3812 1162 3892 111,8q.
1187 3813 1289 3877 lnpro·

149 3891 297 3940 niscenzeu
310 3904 359 3938 aus
373 3889 475 3938 meiuer
486 3885 695 3937 Africanischcn
745 3885 816 3934 xime
829 3882 1006 3949 sequentihus
1019 3882 1124 3933 verbis:
1138 3897 1176 3947 ην
1188 3875 1218 3931 δὲ
1227 3881 1288 3932 καί·

150 3959 234 4009 Reise
248 3957 378 4021 (Berolin.
398 3957 474 4018 1835)
492 3973 520 4022 p.
535 3957 557 4007 1.
574 3956 604 4005 17
621 3971 694 4020 seq.:
746 3965 808 4002 ουσι
820 3945 854 4001 τά
866 3949 969 4025 παιδία
980 3943 1107 4015 σπασμὸς
1118 3944 1287 4016 ἐπιγένηται,

150 4043 167 4078 ιι
175 4029 274 4092 Negris
284 4027 424 4078 interioris
432 4027 544 4077 Africae
553 4026 622 4076 idem
636 4024 695 4076 lieri
746 4024 765 4074 i.
772 4038 796 4073 e.
804 4025 828 4074 si
837 4038 897 4074 υενο
907 4022 1107 4086 ipsiseminibus
1117 4021 1199 4087 (inter
1211 4037 1289 4073 uren·

150 4098 273 4159 notavit,
287 4098 335 4162 qni
347 4096 375 4147 in
389 4097 499 4147 intimas
510 4095 623 4146 Africae
634 4110 696 4160 par·
746 4090 826 4155 dnm)
852 4107 949 4156 pueros
973 4096 1100 4144 connubio
1128 4093 1289 4158 (puerorum

149 4172 192 4218 tes
201 4165 612 4232 penetravitliellusvirdoctus
621 4164 700 4214 d’Es-
746 4161 819 4226 scil.)
830 4162 956 4221 inciderit,
970 4160 1093 4212 dativum
1104 4160 1226 4225 καίουσι,
1244 4161 1289 4227 qni

149 4251 252 4300 cayrac
271 4235 303 4287 de
321 4236 442 4285 Lantnre
463 4236 491 4284 in
507 4234 591 4297 libro,
616 4249 694 4298 quem
746 4232 781 4281 ad
798 4230 962 4282 antecedens
980 4223 1009 4279 οἱ
1023 4228 1126 4298 Λίβυες
1144 4248 1167 4283 ε.
1187 4224 1216 4280 οἱ
1233 4228 1290 4279 τῶν

149 4305 266 4356 Carolus
278 4304 386 4355 Andree
402 4303 578 4355 vernaculum
596 4304 624 4352 in
641 4318 695 4353 ser·
745 4291 860 4368 Λιβύων
884 4292 1005 4366 νομάδες
1030 4301 1169 4351 commode
1193 4301 1289 4351 referri

148 4391 256 4426 monem
268 4373 424 4425 transtulit:
443 4373 497 4425 Die
505 4371 695 4424 Africanische
765 4374 863 4434 eterit,
888 4370 977 4422 refero
1000 4369 1089 4434 ipsum
1118 4370 1154 4419 ad
1176 4369 1289 4422 verbum

148 4445 247 4496 Wiiste
260 4449 312 4494 etc.
325 4442 413 4510 (Lipe.
427 4442 504 4508 1855)
516 4459 580 4509 pag.
593 4441 651 4494 191.
660 4469 695 4479 -
745 4387 923 4506 fulmentas,
938 4438 1011 4506 quod
1022 4439 1115 4490 eodem
1127 4439 1207 4490 modo
1220 4438 1290 4488 dati·
