3042 5125
415 398 741 462 MELPOMENE.
764 399 820 462 IV.
840 409 886 463 tr.
906 409 950 464 43.
1185 393 1247 458 383

127 590 175 656 nal
187 593 296 675 ἔλεγον
309 590 382 676 ἐμοὶ
398 589 462 678 μὲν
477 584 519 659 οὐ
533 586 651 676 πιστοὶ,
670 586 762 683 ἄλλῳ
778 589 815 660 δὲ
826 566 871 678 ’δή
884 616 965 681 τεῳ,
980 583 1024 668 ὥς
1040 587 1245 680 περιπλώον·

127 716 173 770 τες
188 687 245 777 τὴν
256 690 389 781 Λιβύην
406 689 466 762 τὸν
485 689 582 782 ἥλιον
596 700 694 781 ἔσχον
718 696 751 774 ἐς
771 691 812 763 τὰ
834 691 940 776 δεξιά·
967 688 1055 761 οὕτω
1080 694 1143 782 μὲν
1163 691 1247 783 αὕτη

127 791 265 883 ἐγνώσθη
284 791 322 862 τὸ
344 799 486 885 πρῶτον.
527 794 627 865 Μετὰ
642 796 679 867 δὲ
693 794 924 887 Καρχηδόνιοί
938 801 1002 864 εἰσι
1022 800 1058 866 οῖ
1075 800 1293 885 λέγοντες·43

126 998 207 1046 curate
216 1008 388 1061 persequens,
400 993 452 1047 hoc
464 996 578 1047 triennii
590 1012 654 1062 spa·
704 997 778 1064 qnod
790 999 878 1063 ipsum
890 1001 1021 1062 quantum
1034 997 1070 1048 ad
1080 998 1247 1050 narrationis

127 1066 184 1115 tium
199 1065 226 1115 in
242 1064 311 1115 banc
328 1065 533 1131 navigationem
553 1068 654 1117 insum·
704 1068 849 1118 veritatem
873 1067 976 1129 faciat,
999 1082 1053 1118 non
1079 1067 1152 1133 iugit
1172 1071 1247 1120 viros

125 1140 203 1200 ptum,
217 1134 439 1200 quodbiannerto
453 1134 572 1202 brevius,
586 1137 655 1188 Goa-
704 1137 817 1202 doctos,
851 1152 1014 1203 quemquam
1038 1136 1178 1189 Herodoto
1212 1138 1247 1188 ob

125 1203 208 1255 mlinio
233 1204 339 1271 lougius
362 1205 486 1269 ridetur,
517 1220 599 1271 quarn
623 1210 654 1256 nt
705 1223 780 1271 eam,
802 1222 883 1274 qnam
900 1207 989 1258 animo
1007 1207 1060 1257 sibi
1077 1207 1248 1270 informarat,

125 1274 491 1340 credipossit,satisrsctum
505 1276 654 1327 aciustum
703 1283 794 1329 terrae
818 1278 933 1328 formam
956 1278 1054 1327 mirmu
1075 1276 1128 1328 hoc
1158 1276 1248 1329 visum

124 1344 200 1395 rideri
216 1359 294 1410 posse
313 1345 354 1408 si,
374 1347 420 1411 qui
438 1346 526 1411 ipsam
540 1346 654 1412 naviga·
704 1346 790 1399 fuisse
800 1347 967 1399 nosminime
978 1347 1116 1398 miramur.
1127 1346 1248 1398 Cilicu-

125 1413 212 1464 tioueur
223 1429 270 1480 per
281 1415 370 1465 maria
383 1429 494 1480 prorsus
513 1415 654 1482 incognita
704 1417 757 1468 nel.
765 1415 809 1468 l.l.
817 1433 880 1483 pag.
886 1415 947 1480 383,
961 1417 1079 1467 Heereu.
1091 1414 1174 1467 ldeen
1187 1416 1211 1479 1,
1220 1417 1246 1466 2.

125 1483 214 1535 tardius
225 1484 379 1535 institutam
392 1486 520 1552 ipsasque
537 1501 654 1536 commo·
704 1503 732 1552 p.
748 1488 792 1550 81,
813 1488 923 1539 Dureau
937 1486 1011 1537 dela
1025 1485 1107 1536 Malle
1119 1485 1168 1536 1.1.
1182 1501 1245 1551 pag.

124 1552 229 1605 rationes
236 1554 360 1606 crebrius
374 1555 403 1604 in
416 1558 490 1605 terra
499 1556 653 1606 continenti
704 1557 753 1621 70,
769 1557 852 1611 Koes.
867 1556 914 1609 1.1.
929 1556 1060 1621 pugili,
1074 1554 1184 1607 Innker.
1197 1556 1214 1608 1.
1229 1556 1247 1607 l.

124 1623 200 1674 lactas
212 1624 300 1676 animo
310 1625 382 1675 satis
390 1625 569 1690 reputaverit.
588 1626 653 1675 Pro·
703 1642 768 1692 pag.
777 1625 828 1678 367
839 1642 896 1692 seq.
906 1625 967 1687 372,
980 1625 1077 1677 Grata:
1092 1627 1207 1692 History
1219 1625 1249 1676 of

124 1692 199 1744 factm
227 1708 285 1746 asse
313 1692 467 1746 Phoenicas
496 1694 542 1746 vel
570 1694 652 1745 Innio
704 1697 807 1747 Greece
820 1695 875 1747 111.
887 1711 914 1760 p.
926 1694 988 1747 379.

124 1777 202 1814 neme
227 1768 343 1815 exeunte
373 1763 417 1815 val
439 1763 510 1814 Iulio
541 1764 652 1815 ineunte
738 1756 810 1815 οὕτω
828 1757 880 1830 μὲν
896 1754 967 1830 adro]
982 1752 1111 1828 ἐγνώσθη
1127 1755 1159 1813 τὸ
1173 1761 1248 1830 πρῶ·

124 1831 338 1885 idsmrirdoctns
348 1834 426 1899 ponit
438 1849 503 1900 pag.
517 1832 569 1886 367
579 1850 651 1900 seq.;
703 1834 765 1902 τον]
791 1834 834 1886 Ad
852 1850 923 1902 quaa
941 1838 1033 1885 mente
1049 1833 1169 1900 suppleri
1187 1832 1247 1883 vult
1279 1882 1283 1888 .

125 1903 332 1970 nensehugustc
344 1903 511 1955 boclaotum
522 1919 582 1955 esse
594 1903 653 1954 vult
704 1905 847 1958 harchem
873 1903 1040 1971 περίρρυτος
1055 1897 1155 1969 ἰοῦσα,
1173 1895 1247 1968 πλὴν

124 1970 245 2023 Wheeler:
265 1972 431 2039 Geography
452 1974 482 2024 of
492 1973 652 2025 Herodotus
703 1966 773 2027 ὅσον
788 1965 877 2040 αὐτῆς
898 1969 969 2040 πρὸς
986 1965 1039 2039 τὴν
1062 1963 1154 2037 Ἀσιήν
1170 1962 1247 2038 οὐρί-

124 2039 498 2109 p.ato,etquidemenni613
509 2043 652 2109 neten,
703 2045 757 2112 ζει,
776 2060 838 2096 cum
851 2060 884 2096 ea
898 2042 1033 2096 Herodoti
1049 2043 1087 2094 sit
1100 2044 1246 2104 sententia,

125 2111 250 2176 siquidem
259 2113 346 2176 Neco,
357 2114 403 2179 qui
413 2128 485 2164 anno
494 2112 546 2165 612
556 2113 652 2166 a.Chr.
703 2120 734 2167 ut
759 2120 818 2166 tum
844 2116 959 2181 primum
985 2114 1123 2179 cognitum
1152 2112 1246 2174 inerit,

125 2195 147 2229 a.
162 2180 309 2247 (rolpotius
326 2183 392 2236 616:
413 2182 468 2234 vid.
480 2187 551 2235 nott.
564 2183 599 2235 ad
612 2182 650 2247 11,
703 2185 774 2237 hanc
794 2185 866 2237 orbis
884 2189 1017 2235 terrarum
1035 2189 1140 2249 partem
1159 2198 1182 2235 a.
1199 2183 1247 2233 Li-

126 2249 288 2318 le)regunm
298 2254 422 2319 suscepit
431 2268 465 2304 ao
475 2254 569 2318 primis
578 2259 651 2306 carte
702 2254 785 2321 byam
806 2254 875 2305 mari
891 2270 952 2305 esse
964 2254 1098 2318 cinctam,
1117 2252 1172 2303 nisi
1191 2268 1246 2319 qua

125 2321 191 2385 regni
212 2324 289 2375 annis
314 2329 344 2374 et
370 2323 464 2374 canali
488 2324 652 2375 exstruendo
702 2341 764 2378 cum
776 2326 842 2377 Asia
853 2324 1006 2378 cohaereat.

125 2387 225 2457 aliisque
241 2394 320 2446 rebus
342 2397 495 2459 occupatus
511 2393 578 2458 fuit,
600 2394 652 2445 boc

124 2458 216 2512 demum
232 2462 322 2514 canali
343 2463 465 2528 perlecto
485 2462 518 2514 de
538 2463 591 2514 tali
607 2480 654 2515 ex·
887 2498 943 2549 cst
964 2497 1058 2548 XLIII

124 2529 245 2594 [reditione
263 2533 298 2584 ad
316 2532 440 2587 Africam
458 2533 652 2600 explorandam
944 2533 952 2550 ⁹
1060 2533 1067 2549 ⁸

125 2604 147 2650 et
161 2601 439 2671 chcnmnavigaudarn
459 2604 584 2670 cogitare
606 2619 652 2670 po·
744 2593 827 2651 Μετὰ
851 2594 881 2651 di
900 2594 1093 2666 Καρχηδόνιοι
1114 2617 1140 2650 ν.
1163 2617 1187 2654 τ.
1210 2598 1245 2666 i]

124 2671 198 2722 tuisse
211 2675 346 2739 putandus
362 2676 412 2725 sit:
436 2673 587 2726 Phoenices
602 2673 653 2739 igi-
703 2673 820 2731 „Postea
836 2669 999 2737 (postillam
1015 2670 1181 2722 Phoenicum
1199 2686 1248 2721 na·

124 2744 162 2789 tur
170 2744 390 2810 meusehugnsto
403 2744 467 2795 anni
480 2743 533 2796 613
545 2759 560 2794 e
572 2748 652 2809 portu
703 2740 881 2806 rigationem)
903 2741 1123 2805 Carthaginienses
1151 2742 1246 2799 dicant,

125 2812 653 2948 111111166111311111
703 2811 1184 2944 lili-wittimirum
1192 2826 1249 2928 6ἷὲ

644 2912 654 2923 ·
828 2919 834 2932 ·
1173 2917 1179 2942 r

126 2946 201 3000 dicum
214 2967 303 3006 mense
316 2900 446 3016 Octauii,
466 2952 564 3004 deiude
578 2968 653 3004 oram
704 2948 972 3016 Carthaginiensium
981 2949 1084 3012 verbis,
1092 2949 1189 3000 adiicit
1195 2949 1248 2998 He·

125 3014 229 3083 ligures
256 3022 290 3072 ad
321 3024 537 3089 promontorium
563 3023 653 3074 bonae
703 3020 1071 3086 rodomusaraepesqsuaem
1082 3022 1249 3071 nausii-ean·

108 3088 174 3157 ‚turi
198 3093 354 3156 pervenisse
380 3097 494 3145 exeunte
523 3093 653 3145 Ianuario
704 3093 830 3155 navigavit
847 3090 977 3154 African,
1000 3091 1037 3140 ad
1053 3090 1101 3140 loc
1117 3092 1175 3140 licet
1191 3091 1248 3139 mia-

125 3159 553 3227 muolaponirwheelerl.1.;
582 3162 653 3214 unde
703 3164 783 3212 sus.“
815 3160 989 3224 Schneigb.
1028 3159 1248 3221 Queminrese·

125 3230 268 3282 continuato
291 3231 391 3285 itinere
414 3234 526 3284 ineunte
551 3232 654 3283 Martio
704 3229 797 3296 quitur
820 3230 891 3279 Miot
911 3231 1031 3294 itemque
1053 3227 1142 3279 Italus
1165 3229 1248 3279 inter·

126 3301 180 3347 anni
190 3298 236 3351 611
256 3300 292 3352 ad
308 3303 438 3365 fluvium,
457 3303 503 3353 cui
519 3318 592 3354 nnnc
607 3317 655 3352 no·
704 3313 776 3366 pres.
801 3299 910 3365 ‘ltaque
926 3297 1166 3364 Carthaginienses
1183 3312 1250 3364 quo-

126 3368 306 3437 neuSenegal,
318 3373 470 3425 accmsisse
480 3375 590 3423 stanno
601 3370 654 3424 610
704 3384 757 3435 qua
774 3373 860 3420 testes
878 3368 905 3420 h.
924 3368 942 3418 l.
954 3368 1129 3433 proteruntur
1146 3383 1249 3432 eorum,

127 3440 244 3501 superatis
260 3440 395 3492 columnis
407 3441 550 3493 Herculeis
561 3443 591 3493 iu
603 3442 655 3492 Αο-
705 3453 775 3505 qnae
787 3438 821 3489 de
830 3437 996 3490 Phoenicum
1009 3439 1187 3504 navigatione
1198 3438 1249 3490 eir·

127 3511 224 3572 eyptum
234 3510 350 3563 rediisse
364 3512 435 3564 idam
445 3511 601 3575 existimat,
613 3527 655 3563 se·
704 3524 738 3560 ca
750 3507 877 3573 Libyam,
890 3524 972 3575 quam
982 3509 1052 3559 mari
1062 3509 1249 3560 circumfluam

127 3580 178 3637 gete
190 3584 214 3629 et
232 3595 318 3633 messe
334 3580 437 3648 duplici
449 3582 526 3633 iacta
541 3583 569 3632 in
584 3581 655 3633 occi·
705 3594 765 3630 erae
789 3578 853 3629 inde
881 3580 1022 3645 cognitum
1052 3583 1110 3643 est,
1136 3582 1249 3630 narrata

128 3641 216 3697 deutali
227 3650 338 3702 Africae
351 3668 407 3717 ara,
421 3654 451 3703 in
463 3655 536 3702 terra
545 3649 653 3718 Angola
703 3652 782 3707 sunt;
801 3649 857 3699 rid.
868 3647 964 3700 Grote:
981 3649 1095 3713 History
1108 3648 1138 3700 of
1147 3649 1249 3700 Graece

127 3717 150 3763 tt
169 3730 245 3784 prope
267 3721 379 3772 flurium
404 3720 530 3786 Senegal.
552 3747 587 3759 —
610 3720 652 3771 Ad
703 3718 757 3768 111.
777 3733 804 3782 p.
823 3715 885 3769 378.
923 3718 1165 3784 Carthaginienses
1186 3732 1247 3769 oum

126 3784 195 3860 qerbs
205 3785 252 3837 aul
261 3782 365 3855 ἔλεγον,
379 3781 440 3856 ἐμοὶ
449 3784 501 3856 μὲν
512 3782 651 3854 warneri,
682 3786 853 3853 ,aliquoties
872 3787 920 3848 (ci.
941 3789 997 3851 lV,
1017 3788 1075 3839 196.
1099 3787 1167 3849 VII,
1188 3784 1248 3848 161)

127 3851 187 3903 α11ο
198 3850 226 3905 ol
241 3849 277 3924 δή
290 3873 344 3910 rra
356 3860 392 3932 qi.
404 3862 438 3925 V,
452 3860 496 3916 86,
702 3858 823 3908 citentur
831 3857 999 3908 narrationis
1007 3861 1145 3917 auctores,
1153 3854 1248 3922 quaeri

135 3937 166 3997 ‚r
181 3918 285 3992 νῆλιον
297 3912 380 3994 ligae
392 3920 421 3987 te
434 3922 468 3980 τὰ
483 3918 574 3994 δεξιά]
598 3931 651 3980 Pr0
701 3941 850 3992 sanequam
867 3927 983 3992 peterit,
1006 3941 1071 3977 num
1090 3926 1178 3991 ipsam
1193 3925 1247 3975 No·

125 3982 206 4105 ρὲὶιρν
224 3999 352 4050 revocari
368 3991 464 4066 ἥλιον,
486 4003 517 4049 ut
535 3999 590 4062 IV,
606 3998 650 4052 40.
702 4002 759 4048 ster
777 3996 877 4047 adierit
893 3995 1102 4061 Carthaginem,
1125 4010 1248 4061 praeser-

138 4072 187 4114 στα
199 4058 275 4126 δεξιὰ
289 4066 340 4186 qud
350 4072 468 4121 dextram
481 4066 608 4134 partem),
621 4073 654 4119 ut
703 4068 753 4118 tim
764 4082 826 4118 oum
835 4065 954 4132 aliquam
963 4070 1038 4118 certe
1050 4065 1172 4131 Libycae
1183 4080 1247 4116 orae

127 4125 181 4185 alibi
192 4132 246 4186 fera
254 4127 287 4186 ia
312 4131 347 4187 roi
364 4132 445 4200 δεξιὰ
456 4154 489 4190 ac
498 4137 610 4200 similia,
620 4138 654 4189 de
703 4142 810 4204 partem
823 4137 929 4190 viserit.
953 4138 991 4188 At
1001 4136 1048 4189 vix
1060 4151 1122 4188 aum
1138 4135 1174 4187 ad
1184 4136 1247 4187 Car-

127 4199 211 4261 quibu.
222 4205 257 4258 ci.
271 4206 294 4269 1,
305 4208 350 4259 bl.
363 4208 412 4272 Vl,
425 4208 460 4261 33
474 4208 567 4274 ibique
577 4209 655 4260 Wes·
704 4208 843 4274 thaginern
853 4222 938 4274 nsque
949 4207 1106 4274 pervenisse
1118 4205 1249 4257 credibile

126 4265 208 4337 ssliug.
233 4276 277 4326 Arl
287 4278 405 4330 dannan
419 4278 458 4344 (id
474 4283 516 4329 est
528 4287 655 4344 areptea-
704 4283 761 4341 est,
785 4280 827 4329 ita
852 4282 899 4345 ut,
927 4293 997 4344 quae
1015 4276 1250 4344 Carthaginiensi·

127 4339 206 4405 More)
222 4344 303 4396 solem
315 4346 444 4400 babuisse
459 4347 575 4415 putandi
591 4352 656 4398 sunt
703 4347 755 4400 bus
767 4353 917 4399 narrantur
929 4348 1103 4410 auctoribus,
1121 4363 1139 4398 a
1155 4346 1248 4397 nautis

126 4403 316 4479 Aegyptiacus
326 4417 456 4469 circulum
465 4417 657 4484 aequinoctia·
705 4416 1249 4484 mercatoribusqneCarthaginiensibus,

127 4469 183 4541 ¹0⁸¹»
201 4484 247 4548 qui
257 4485 368 4554 dicitur,
386 4488 655 4556 transgrederentur:
706 4502 776 4553 qnos
785 4491 844 4542 sire
855 4488 884 4540 in
895 4490 1020 4555 Aegypto
1033 4489 1092 4539 sire
1103 4488 1132 4536 in
1142 4484 1248 4548 Libyas
