3042 5125
217 380 278 442 264

655 374 925 438 HERODOTI

211 563 318 651 ἀὐτὸς
340 565 444 640 έθωιιε
465 572 503 640 έν
518 565 679 659 Αίγύπτῳ
702 568 859 654 δεηθέντι
879 566 916 637 τὸ
937 563 1022 658 εἷμα.
1059 565 1186 656 ἀναβὰς
1207 566 1244 637 δέ
1262 570 1296 648 ές
1318 565 1360 635 τὰ

217 679 333 744 Σοῦσα
360 677 445 758 ἵζετο
475 675 509 753 ές
530 669 570 740 τὰ
594 670 751 759 πρόθυρα
778 673 847 738 τῶν
870 673 1025 761 βασιλέος
1046 678 1180 754 οίιιίων,
1210 672 1268 740 καὶ
1293 678 1360 758 ἔφη

218 784 367 868 Δαρείου
388 772 561 865 εὐεργέτης
577 774 672 844 εἶναι.
699 770 852 863 ἀγγέλλει
866 780 970 845 ταῦτα
990 772 1136 857 ὐιιούσας
1155 771 1359 864 ὁπυλουρὸς
1482 865 1483 874 ¹

217 885 266 974 τῷ
286 882 425 969 βασιλέϊ.
456 875 475 947 ὁ
498 879 535 949 δέ
550 875 734 966 θαυμάσας
755 880 844 965 λέγει
863 878 946 968 πρὸς
966 876 1087 950 αὐτόν·
1122 879 1189 948 Καὶ
1209 887 1260 960 τίς
1280 881 1417 949 έστιεῑθ

212 982 380 1074 Ἑλλήνων
401 979 592 1072 εὐεργέτης,
608 985 657 1073 τῷ
671 979 735 1070 έγύ
753 988 994 1074 προαιδεῦμαι,
1015 986 1135 1053 νεωστὶ
1148 983 1210 1072 μὲν
1222 980 1284 1073 τὴν
1296 979 1356 1071 ἆρ-

217 1086 280 1178 γὴν
293 1096 396 1178 ipsum
428 1083 617 1175 ἀναβέβηκε
639 1080 672 1153 θ’
687 1084 708 1174 ἦ
721 1113 771 1165 τις
794 1082 816 1173 ἢ
830 1083 942 1169 οὐθείς
959 1115 1007 1158 κω
1020 1083 1101 1175 παρ’
1118 1083 1221 1176 ἡμέας
1234 1083 1358 1157 αὐτοῖν.

218 1201 282 1281 έχιο
304 1193 342 1263 dl
359 1193 453 1281 χρέος
475 1197 583 1260 εἰπεῖν
603 1184 705 1258 οὐδὲν
731 1185 855 1278 ἀνδρὸς
872 1188 1041 1281 Ἕλληνος.
1074 1188 1163 1280 ὅμως
1189 1190 1226 1260 dl
1252 1186 1360 1260 αὐτὸν

218 1295 383 1385 παράγετε
401 1302 484 1381 ἔσω,
506 1297 563 1364 ἵνα
587 1293 701 1378 sidtu,
729 1299 764 1362 τί
780 1295 893 1364 θέλων
913 1298 1002 1384 λέγει
1024 1299 1137 1364 ταῦτα.
1178 1291 1358 1383 Παρῆγεὸ

218 1398 386 1488 πυλουρὸς
409 1396 469 1468 τὸν
490 1401 709 1466 Συλοσῶντα·
743 1395 866 1467 στάντα
895 1399 931 1469 δὲ
960 1404 993 1480 ές
1015 1400 1118 1488 μέσον
1144 1396 1305 1486 είροέτενν
1327 1403 1363 1468 οἱ

218 1505 390 1592 ἑρμηνέες,
405 1510 454 1582 τίς
468 1529 503 1571 τε
518 1511 586 1588 είη,
601 1501 657 1569 καί
671 1505 706 1569 τί
716 1498 856 1591 ποιήσας
871 1499 1045 1592 εὐεργέτης
1061 1504 1143 1591 φησί
1158 1501 1244 1573 εἶναι
1260 1509 1357 1591 βασι·

219 1609 300 1687 λέος.
327 1605 398 1677 είπε
413 1596 461 1675 riv
474 1601 492 1674 ὁ
506 1607 671 1672 Συλοσῶν
683 1602 846 1675 πάντατὰ
860 1608 937 1695 περὶ
951 1605 1012 1696 τὴν
1025 1613 1167 1695 χλανίδα
1180 1605 1358 1696 γενόμενα,

218 1711 274 1779 καὶ
285 1705 329 1790 ὦς’
342 1706 441 1790 αὐτὸς
455 1719 506 1797 εἴη
520 1711 647 1787 ἐκεῖνος
659 1701 678 1774 ὁ
693 1708 782 1789 δούς.
802 1705 975 1800 ἀμείβεται
988 1708 1071 1798 πρὸς
1083 1714 1188 1780 ταῦτα
1196 1723 1359 1800 Δαρεῖος·

218 1902 303 1962 λύθοι
313 1912 385 1963 coni.
399 1911 536 1963 Kuehner.
546 1910 592 1963 (ir.
601 1909 649 1962 Gr.
665 1912 690 1973 ξ.
698 1909 759 1974 768,

221 1983 246 2042 3,
259 1978 285 2049 β
301 1982 354 2032 Ρεο
365 1971 379 2030 έ
385 1997 399 2038 ς
413 1979 514 2030 τοῦτον
525 1996 548 2030 τ.
556 1970 585 2033 oi,
595 1978 687 2045 plures
696 1980 761 2031 libri

218 2052 292 2117 iique
316 2066 370 2101 ncu
402 2050 547 2116 spernendi
578 2043 622 2107 ὡς
652 2046 760 2113 τοῦτον,

219 2122 291 2187 quod
304 2121 416 2172 retineri
434 2119 494 2171 vult
509 2119 644 2170 Iacobits·
659 2119 696 2170 ad
707 2120 762 2170 Lu-

219 2191 293 2243 οἱον.
313 2191 415 2241 Toxar.
431 2206 495 2256 pag.
512 2190 556 2241 so.
586 2190 681 2253 Neque
697 2204 761 2240 reru

219 2258 382 2324 περιελθεῖν
403 2249 440 2317 ὡς
460 2258 505 2310 rel
523 2249 595 2323 πρὸς
616 2250 680 2307 τινὰ
706 2259 762 2308 dici

218 2344 299 2394 posse
311 2329 412 2380 statuit
420 2327 552 2380 Valcken.
569 2331 697 2392 recteque
708 2343 764 2379 om-

219 2398 283 2448 uino
298 2413 397 2464 negare
414 2399 524 2450 ridetur
538 2396 655 2448 Bredor.
677 2414 703 2464 p.
717 2398 761 2461 34,

219 2466 291 2531 apud
308 2468 478 2518 Herodotum
488 2456 528 2524 ὥς
540 2466 606 2530 poni
619 2481 651 2517 eo
668 2482 762 2530 sensu,

219 2552 272 2604 quo
289 2531 329 2595 είς
346 2554 368 2590 s.
388 2528 461 2602 πρὸς
480 2536 554 2602 apud
566 2535 673 2589 Atticos
695 2537 763 2588 scri-

219 2613 319 2672 ptores.
338 2609 402 2659 Mox
421 2609 456 2660 sd
480 2612 646 2659 structuram
667 2608 759 2659 rerbb.

219 2675 290 2738 ῒζετο
302 2668 336 2735 ές
351 2669 385 2728 τὰ
401 2668 537 2741 πρόθυρα
552 2677 589 2727 cl.
604 2682 674 2727 nott.
688 2678 724 2728 ad
738 2679 761 2741 I,

220 2747 261 2799 14.
278 2747 320 2798 Ad
333 2740 367 2797 τὰ
377 2745 513 2813 πρόθυρα
524 2746 561 2798 cl.
574 2751 647 2797 nott.
659 2748 695 2798 ad
707 2748 760 2807 ΙΙΙ,

253 2900 376 2967 Δαρείου
389 2891 534 2968 εὐεργέτης
546 2893 629 2967 εἶναι]
653 2903 730 2954 Haec
745 2919 760 2955 e

219 2989 292 3024 more
320 2973 462 3023 Persarum
495 2971 658 3039 explicanda
687 2977 760 3035 sunt,

218 3057 270 3107 quo
283 3041 392 3092 nomina
403 3043 557 3109 scrum,qui
570 3058 666 3094 munus
677 3042 762 3108 quod·

217 3111 280 3161 dam
305 3112 494 3175 praebuissent
512 3114 583 3178 regi,
606 3112 634 3161 in
652 3111 761 3163 tabulas

217 3179 421 3243 reserabuntur,
440 3181 564 3247 ipsique,
587 3186 617 3231 ut
631 3183 702 3247 regis
716 3171 761 3232 εὐ-

218 3243 342 3313 εργέται,
358 3265 380 3301 s.
395 3250 504 3301 Persico
525 3252 633 3302 nomine
649 3252 762 3304 Orosco-

214 3336 277 3384 ροε,
298 3319 454 3370 muneribus
477 3319 627 3384 splendidis
640 3321 762 3372 virissim

217 3388 393 3439 ornabantur.
417 3389 519 3439 Auctor
539 3394 581 3440 est
598 3391 656 3455 ipse
673 3391 761 3442 Hero·

216 3457 297 3508 dotus
312 3457 397 3521 VIII,
410 3457 453 3519 85,
468 3457 515 3509 ubi
528 3459 584 3513 rid.
601 3464 670 3510 nott.
698 3460 761 3511 illis

219 3527 295 3577 dabit
309 3526 393 3578 Briss.
408 3528 450 3578 De
468 3544 524 3594 reg.
542 3530 618 3580 Pers.
632 3531 717 3593 princ.
737 3531 759 3593 I,

219 3595 282 3655 1383
295 3597 460 3648 Graecorum
472 3598 616 3648 civitatum
631 3599 760 3651 instituta

216 3664 317 3715 similis
347 3666 443 3729 attigit
468 3668 692 3720 Hemsterhusius
724 3670 759 3720 ad

216 3735 332 3785 buoloni
357 3736 430 3787 Disl.
454 3738 527 3787 Mort
554 3739 594 3800 X,
615 3739 640 3791 o.
665 3739 700 3789 Τ.
721 3740 757 3789 ΙΙ.

215 3821 241 3869 p.
260 3806 311 3857 448
325 3804 367 3857 ecl.
381 3807 492 3870 Bipont.
515 3807 592 3870 Quas
611 3810 635 3860 si
651 3815 759 3872 repute-

215 3890 287 3938 mus,
310 3876 365 3926 ism
386 3875 424 3926 nil
440 3879 549 3939 mirum,
574 3894 623 3929 cur
642 3877 758 3944 Syloson

215 3945 332 3994 muneris
353 3947 412 4009 regi
433 3946 497 3998 olim
512 3946 600 3999 oblati
617 3947 686 4000 bene
704 3964 757 3998 me·

214 4028 272 4062 mor
284 4014 319 4063 ad
333 4016 406 4080 regis
417 4016 509 4067 sulem
525 4019 681 4070 accesserit.

249 4091 318 4163 λέγει
333 4092 406 4164 πρὸς
419 4092 547 4171 αὐτὸν]
570 4105 615 4155 lta
633 4120 647 4154 e
664 4103 758 4155 melio-

213 4167 288 4218 ribus
310 4183 382 4221 nunc
399 4172 503 4223 editum
521 4189 570 4239 pro
588 4173 664 4236 vulp.
685 4164 758 4237 πρὸς

212 4226 326 4301 ἑαυτὸν,
339 4239 411 4304 quod
421 4255 454 4291 ex
465 4240 525 4294 Ald.
538 4243 566 4292 in
574 4243 617 4293 ed.
625 4243 715 4296 Wess.
723 4245 758 4294 ir·

213 4308 313 4371 repsit,
327 4307 452 4375 quodque
464 4324 478 4359 e
493 4310 595 4363 scholio
610 4316 705 4363 natum
718 4314 759 4363 vi-

210 4375 757 4445 deturSchwsigbaeuseroconferentill,

213 4446 270 4497 los.
284 4445 342 4511 ΙΙΙ,
361 4448 404 4501 52.
430 4448 474 4500 Ad
490 4465 585 4502 vocem
604 4448 756 4515 προαιδεῦ·

811 1927 862 1976 μαι
874 1912 947 1965 conf.
961 1917 1033 1963 nott.
1045 1912 1081 1963 ad
1093 1911 1115 1974 Ι,
1129 1910 1160 1963 61
1175 1912 1248 1964 etde
1263 1911 1361 1962 dativo

811 1980 906 2033 addito
916 1981 1165 2034 scemorensi.
1183 1985 1209 2046 g.
1225 1981 1287 2034 579.
1297 1985 1359 2034 not.

813 2050 838 2102 3.
850 2051 954 2118 Scripsi
964 2056 1056 2103 autem
1068 2048 1108 2119 τῷ
1120 2049 1182 2116 (pro
1195 2037 1240 2121 ᾦ),
1252 2057 1283 2102 ut
1292 2067 1362 2116 pau·

813 2121 840 2172 lo
862 2126 960 2173 antes:
985 2119 1024 2189 τῷ
1049 2147 1084 2158 -
1104 2112 1208 2185 ἔδωκε,
1230 2127 1361 2172 monente

813 2191 912 2242 Strnre
929 2194 1043 2255 Quaest.
1059 2190 1083 2241 1.
1100 2206 1126 2256 p.
1141 2189 1176 2241 23
1196 2207 1219 2243 s.
1239 2191 1361 2256 Opusee.

814 2261 851 2314 11.
864 2260 999 2328 psg.28b.

849 2372 947 2428 νεωστὶ
960 2371 1011 2443 μέν
1024 2371 1077 2446 τὴν
1089 2369 1182 2445 ἀρχὴν
1194 2372 1273 2446 ἔχων]
1289 2380 1366 2433 Inde

813 2449 903 2500 Wess.
919 2448 1039 2515 colligit,
1052 2449 1218 2516 colloquium
1230 2449 1282 2502 boe
1293 2465 1366 2501 oon·

813 2533 909 2586 gruere
927 2533 988 2570 cum
1004 2520 1137 2586 principio
1153 2520 1261 2587 Olymp.
1273 2520 1365 2572 LXV.

814 2588 980 2640 APanosks
1005 2590 1169 2655 (Samiorum
1191 2606 1236 2642 res
1261 2607 1288 2656 p.
1311 2592 1365 2657 44)

814 2658 894 2709 video
907 2658 1001 2710 referri
1014 2659 1099 2710 stl.
1110 2661 1209 2721 LXIV,
1221 2660 1363 2712 asses!

814 2745 840 2780 a.
852 2728 931 2790 Chr„
950 2744 1003 2794 quo
1019 2731 1080 2796 ipsc
1094 2746 1166 2781 anno
1187 2730 1301 2780 Darium
1324 2732 1366 2782 ad

813 2813 926 2864 regnum
945 2804 1068 2850 erectum
1082 2815 1141 2851 esse
1157 2815 1240 2865 supra
1254 2798 1291 2850 sd
1302 2800 1364 2864 111,

812 2867 847 2919 88
858 2868 986 2919 vidimus.

846 2974 1064 3052 ἥτιςῆοὐδείς
1080 2984 1132 3052 κω]
1149 2986 1167 3037 i.
1187 3004 1212 3038 e.
1234 2990 1317 3037 ευὶίιε
1339 3004 1365 3040 s.

813 3057 956 3120 adrosere.
985 3057 1052 3108 lude
1069 3056 1202 3107 reddidit:
1228 3058 1301 3108 Ιιαινιι
1323 3061 1365 3108 ir—

810 3130 879 3193 ρειισ
892 3145 943 3179 ruer
955 3126 1080 3177 Kuehner
1093 3125 1139 3176 Gr.
1154 3126 1200 3178 Gr.
1214 3129 1239 3190 8.
1252 3126 1319 3189 633,
1334 3128 1363 3180 5.

813 3201 871 3247 not.
891 3198 907 3246 2
925 3195 995 3249 alios
1013 3193 1115 3247 similes
1135 3195 1212 3248 locos
1231 3195 1363 3249 afferens.

813 3266 944 3317 Valcken.
972 3270 1080 3333 practer
1098 3265 1222 3331 Xencpb.
1244 3265 1363 3332 (Cyrop.

812 3338 865 3387 VII
875 3375 881 3397 ,
892 3339 917 3388 6.
932 3334 978 3400 45)
994 3341 1022 3387 et
1033 3335 1163 3387 Aristidis
1183 3334 1272 3386 locurn
1287 3336 1319 3386 T.
1334 3336 1361 3391 1.

812 3405 900 3472 piso
916 3402 991 3468 (m.
1004 3421 1030 3471 p.
1043 3404 1095 3456 269
1107 3404 1202 3471 Dind.)
1212 3405 1362 3457 Aelianum

811 3476 864 3527 bec
881 3474 1019 3527 locutione
1035 3491 1116 3526 usum
1132 3491 1192 3528 esse
1209 3480 1302 3526 monet
1314 3476 1362 3529 De

812 3546 845 3596 N.
857 3547 889 3596 A.
904 3547 956 3610 111,
969 3544 1013 3596 48.
1027 3545 1060 3607 V,
1074 3546 1118 3598 50.
1129 3545 1177 3609 VI,
1191 3545 1234 3598 58.
1250 3545 1314 3608 VII,
1332 3548 1361 3599 8.

812 3617 891 3675 XIV,
909 3614 952 3666 26.
986 3615 1111 3665 Conferri
1128 3631 1236 3682 qunque
1255 3617 1362 3681 poterit

811 3685 900 3736 Persii
909 3683 977 3735 illud
988 3683 1060 3749 (Set.
1075 3685 1097 3748 Ι,
1110 3683 1137 3752 3)
1156 3690 1194 3737 cel
1205 3687 1257 3736 σιιο
1267 3691 1307 3737 uel
1314 3704 1362 3738 rre—

810 3773 848 3806 mo
864 3754 894 3820 (i.
911 3754 1117 3820 spurcissimi),
1130 3755 1166 3806 sd
1176 3770 1257 3820 quern
1268 3754 1361 3807 locum

811 3824 889 3889 plura
903 3838 918 3874 e
929 3824 1039 3875 Latinis
1053 3839 1140 3891 seque
1152 3839 1186 3876 sc
1196 3824 1312 3876 Graecis
1322 3827 1362 3877 si·

810 3893 887 3944 milis
900 3893 1239 3946 attuleruntCausabonus
1254 3900 1283 3947 et
1291 3896 1360 3947 Pas·

808 3966 911 4015 sosius.
933 3964 973 4015 Ao
986 3963 1101 4014 similem
1113 3964 1249 4031 quandam
1262 3966 1360 4016 Nostri

809 4031 953 4084 formulam
977 4033 1013 4084 sd
1038 4035 1206 4099 paucitatem
1232 4035 1361 4086 indican-

809 4102 873 4154 dam
882 4103 1025 4167 sttigimus
1035 4119 1120 4172 supra
1133 4103 1285 4166 ad11,1·21.
1297 4108 1322 4169 β.
1332 4106 1358 4157 Ι.

809 4173 850 4224 Ad
867 4189 962 4225 vocem
987 4169 1067 4237 χρέος
1091 4174 1163 4225 conf.
1179 4174 1303 4226 Lobcclr.
1319 4176 1358 4226 ad

808 4243 953 4306 Phrynich.
963 4260 989 4310 p.
997 4241 1045 4295 361
1054 4260 1095 4309 sq.
1109 4245 1140 4294 In
1149 4244 1358 4309 seqq.Dietseh.

808 4312 883 4364 dedit
892 4302 1021 4375 είριύτεον
1030 4330 1079 4379 pro
1087 4304 1232 4380 εἰρώτευν,
1243 4314 1281 4366 ei.
1291 4315 1357 4365 Bre-

808 4382 870 4434 dor.
883 4398 910 4447 p.
922 4382 983 4434 382.
1008 4384 1050 4435 Ad
1066 4373 1094 4442 ές
1106 4377 1192 4448 μέσον
1209 4383 1284 4435 coni.
1300 4384 1355 4445 111,

807 4452 1022 4518 62ibiqueuott.
