<?xml version="1.0" encoding="UTF-8"?>
<!DOCTYPE html PUBLIC "-//W3C//DTD XHTML 1.0 Transitional//EN"
    "http://www.w3.org/TR/xhtml1/DTD/xhtml1-transitional.dtd">
<html xmlns="http://www.w3.org/1999/xhtml" xml:lang="en" lang="en">
 <head>
  <title>
</title>
<meta http-equiv="Content-Type" content="text/html;charset=utf-8" />
  <meta name='ocr-system' content='tesseract 3.04.00' />
  <meta name='ocr-capabilities' content='ocr_page ocr_carea ocr_par ocr_line ocrx_word'/>
</head>
<body>
  <div class='ocr_page' id='page_1' title='image "./herodotihalicar00unkngoog/herodotihalicar00unkngoog_0514.png"; bbox 0 0 3042 5125; ppageno 0'>
   <div class='ocr_carea' id='block_1_1' title="bbox 286 394 996 457">
    <p class='ocr_par' dir='ltr' id='par_1_1' title="bbox 286 394 996 457">
     <span class='ocr_line' id='line_1_1' title="bbox 286 394 996 457; baseline -0.003 0"><span class='ocrx_word' id='word_1_1' title='bbox 286 394 348 457; x_wconf 89' lang='grc'>494</span> <span class='ocrx_word' id='word_1_2' title='bbox 724 394 996 457; x_wconf 81' lang='lat' dir='ltr'>HERODOTI</span> 
     </span>
    </p>
   </div>
   <div class='ocr_carea' id='block_1_2' title="bbox 172 579 1409 1298">
    <p class='ocr_par' dir='ltr' id='par_1_2' title="bbox 287 579 1406 780">
     <span class='ocr_line' id='line_1_2' title="bbox 287 579 1406 676; baseline -0.005 -20"><span class='ocrx_word' id='word_1_3' title='bbox 287 588 382 676; x_wconf 77' lang='grc' dir='ltr'><strong><em>μέχρι</em></strong></span> <span class='ocrx_word' id='word_1_4' title='bbox 402 579 632 673; x_wconf 83' lang='grc' dir='ltr'><strong><em>Ἀναφλύστου</em></strong></span> <span class='ocrx_word' id='word_1_5' title='bbox 659 583 775 674; x_wconf 71' lang='grc' dir='ltr'><strong><em>δήμου.</em></strong></span> <span class='ocrx_word' id='word_1_6' title='bbox 815 588 901 674; x_wconf 79' lang='grc' dir='ltr'><strong><em>λέγω</em></strong></span> <span class='ocrx_word' id='word_1_7' title='bbox 921 585 977 671; x_wconf 68' lang='grc' dir='ltr'>δὲ,</span> <span class='ocrx_word' id='word_1_8' title='bbox 1006 579 1051 664; x_wconf 80' lang='grc' dir='ltr'>ὡς</span> <span class='ocrx_word' id='word_1_9' title='bbox 1071 582 1158 653; x_wconf 80' lang='grc' dir='ltr'><strong><em>εἶναι</em></strong></span> <span class='ocrx_word' id='word_1_10' title='bbox 1175 586 1279 652; x_wconf 83' lang='grc' dir='ltr'><strong><em>ταῦτα</em></strong></span> <span class='ocrx_word' id='word_1_11' title='bbox 1297 581 1406 671; x_wconf 78' lang='grc' dir='ltr'><strong><em>σμικρὰ</em></strong></span> 
     </span>
     <span class='ocr_line' id='line_1_3' title="bbox 287 683 1405 780; baseline -0.004 -22"><span class='ocrx_word' id='word_1_12' title='bbox 287 688 458 780; x_wconf 75' lang='grc' dir='ltr'><strong><em>μεγάλοισι</em></strong></span> <span class='ocrx_word' id='word_1_13' title='bbox 474 690 684 778; x_wconf 73' lang='grc' dir='ltr'><strong><em>συμβαλέειν.</em></strong></span> <span class='ocrx_word' id='word_1_14' title='bbox 711 693 864 758; x_wconf 79' lang='grc' dir='ltr'><strong><em>τοιοῦτον</em></strong></span> <span class='ocrx_word' id='word_1_15' title='bbox 876 685 897 778; x_wconf 80' lang='grc' dir='ltr'><em>ἡ</em></span> <span class='ocrx_word' id='word_1_16' title='bbox 914 684 1063 778; x_wconf 77' lang='grc' dir='ltr'><strong><em>Ταυρική</em></strong></span> <span class='ocrx_word' id='word_1_17' title='bbox 1076 690 1152 756; x_wconf 81' lang='grc' dir='ltr'><strong><em>ἐστι.</em></strong></span> <span class='ocrx_word' id='word_1_18' title='bbox 1179 683 1217 766; x_wconf 74' lang='grc' dir='ltr'>ὃς</span> <span class='ocrx_word' id='word_1_19' title='bbox 1231 686 1268 755; x_wconf 74' lang='grc' dir='ltr'>δὲ</span> <span class='ocrx_word' id='word_1_20' title='bbox 1279 690 1333 774; x_wconf 79' lang='grc' dir='ltr'>της</span> <span class='ocrx_word' id='word_1_21' title='bbox 1346 683 1405 754; x_wconf 83' lang='lat' dir='ltr'>’Ar-</span> 
     </span>
    </p>

    <p class='ocr_par' dir='ltr' id='par_1_3' title="bbox 287 784 1408 881">
     <span class='ocr_line' id='line_1_4' title="bbox 287 784 1408 881; baseline -0.004 -20"><span class='ocrx_word' id='word_1_22' title='bbox 287 797 379 881; x_wconf 79' lang='grc' dir='ltr'><strong><em>ταιῆς</em></strong></span> <span class='ocrx_word' id='word_1_23' title='bbox 399 797 503 862; x_wconf 75' lang='grc' dir='ltr'><strong><em>ταῦτα</em></strong></span> <span class='ocrx_word' id='word_1_24' title='bbox 525 790 570 881; x_wconf 79' lang='grc' dir='ltr'>μὴ</span> <span class='ocrx_word' id='word_1_25' title='bbox 592 788 855 881; x_wconf 60' lang='lat' dir='ltr'>rapacissimus,</span> <span class='ocrx_word' id='word_1_26' title='bbox 876 789 940 880; x_wconf 74' lang='grc' dir='ltr'>ἐγώ</span> <span class='ocrx_word' id='word_1_27' title='bbox 963 791 1000 860; x_wconf 68' lang='grc' dir='ltr'>δὲ</span> <span class='ocrx_word' id='word_1_28' title='bbox 1018 788 1126 871; x_wconf 83' lang='grc' dir='ltr'><strong><em>ἄλλος</em></strong></span> <span class='ocrx_word' id='word_1_29' title='bbox 1147 788 1300 879; x_wconf 75' lang='grc' dir='ltr'>δηλώσω·</span> <span class='ocrx_word' id='word_1_30' title='bbox 1326 784 1366 869; x_wconf 79' lang='grc' dir='ltr'>ὡς</span> <span class='ocrx_word' id='word_1_31' title='bbox 1383 795 1408 857; x_wconf 81' lang='grc' dir='ltr'>ελ</span> 
     </span>
    </p>

    <p class='ocr_par' dir='ltr' id='par_1_4' title="bbox 172 890 1409 1194">
     <span class='ocr_line' id='line_1_5' title="bbox 172 890 1406 986; baseline -0.005 -20"><span class='ocrx_word' id='word_1_32' title='bbox 172 964 184 985; x_wconf 69' lang='grc'>,</span> <span class='ocrx_word' id='word_1_33' title='bbox 288 901 344 986; x_wconf 82' lang='grc' dir='ltr'>της</span> <span class='ocrx_word' id='word_1_34' title='bbox 362 894 530 986; x_wconf 79' lang='grc' dir='ltr'><em>Ἰηπυγίης</em></span> <span class='ocrx_word' id='word_1_35' title='bbox 550 895 631 964; x_wconf 76' lang='grc' dir='ltr'><strong><em>ἄλλο</em></strong></span> <span class='ocrx_word' id='word_1_36' title='bbox 645 904 745 977; x_wconf 79' lang='grc' dir='ltr'><strong><em>ἔθνος</em></strong></span> <span class='ocrx_word' id='word_1_37' title='bbox 758 897 815 966; x_wconf 83' lang='grc' dir='ltr'>καὶ</span> <span class='ocrx_word' id='word_1_38' title='bbox 828 893 872 986; x_wconf 81' lang='grc' dir='ltr'>μὴ</span> <span class='ocrx_word' id='word_1_39' title='bbox 892 893 1056 985; x_wconf 79' lang='grc' dir='ltr'>Ἰήπυγες,</span> <span class='ocrx_word' id='word_1_40' title='bbox 1077 890 1255 984; x_wconf 73' lang='grc' dir='ltr'><em>ἀρξάμενοι</em></span> <span class='ocrx_word' id='word_1_41' title='bbox 1270 896 1306 961; x_wconf 80' lang='grc' dir='ltr'>ἐκ</span> <span class='ocrx_word' id='word_1_42' title='bbox 1317 900 1406 982; x_wconf 87' lang='grc' dir='ltr'><strong><em>Βρεν-</em></strong></span> 
     </span>
     <span class='ocr_line' id='line_1_6' title="bbox 286 993 1409 1090; baseline -0.005 -20"><span class='ocrx_word' id='word_1_43' title='bbox 286 1008 400 1070; x_wconf 83' lang='grc' dir='ltr'><strong><em>τεσίου</em></strong></span> <span class='ocrx_word' id='word_1_44' title='bbox 418 1002 566 1089; x_wconf 82' lang='grc' dir='ltr'><strong><em>λιμένος,</em></strong></span> <span class='ocrx_word' id='word_1_45' title='bbox 583 996 813 1089; x_wconf 30' lang='grc' dir='ltr'><strong><em>,ἀποταμοίατο</em></strong></span> <span class='ocrx_word' id='word_1_46' title='bbox 825 1003 921 1090; x_wconf 80' lang='grc' dir='ltr'><strong><em>μέχρι</em></strong></span> <span class='ocrx_word' id='word_1_47' title='bbox 938 999 1106 1088; x_wconf 75' lang='grc' dir='ltr'><strong><em>Τάραντος</em></strong></span> <span class='ocrx_word' id='word_1_48' title='bbox 1120 999 1177 1067; x_wconf 80' lang='grc' dir='ltr'>καὶ</span> <span class='ocrx_word' id='word_1_49' title='bbox 1192 1003 1344 1086; x_wconf 76' lang='grc' dir='ltr'><strong><em>νεμοίατο</em></strong></span> <span class='ocrx_word' id='word_1_50' title='bbox 1358 993 1409 1084; x_wconf 78' lang='grc' dir='ltr'>τὴν</span> 
     </span>
     <span class='ocr_line' id='line_1_7' title="bbox 287 1098 1408 1194; baseline -0.004 -22"><span class='ocrx_word' id='word_1_51' title='bbox 287 1101 403 1194; x_wconf 74' lang='grc' dir='ltr'>ἄκρην.</span> <span class='ocrx_word' id='word_1_52' title='bbox 435 1102 497 1173; x_wconf 73' lang='grc' dir='ltr'><strong><em>δύο</em></strong></span> <span class='ocrx_word' id='word_1_53' title='bbox 519 1104 556 1172; x_wconf 72' lang='grc' dir='ltr'>δὲ</span> <span class='ocrx_word' id='word_1_54' title='bbox 570 1105 679 1191; x_wconf 80' lang='grc' dir='ltr'><strong><em>λέγων</em></strong></span> <span class='ocrx_word' id='word_1_55' title='bbox 698 1108 803 1174; x_wconf 81' lang='grc' dir='ltr'><strong><em>ταῦτα</em></strong></span> <span class='ocrx_word' id='word_1_56' title='bbox 823 1099 928 1172; x_wconf 74' lang='grc' dir='ltr'><strong><em>πολλὰ</em></strong></span> <span class='ocrx_word' id='word_1_57' title='bbox 948 1106 1034 1191; x_wconf 81' lang='grc' dir='ltr'><strong><em>λέγω</em></strong></span> <span class='ocrx_word' id='word_1_58' title='bbox 1054 1100 1240 1192; x_wconf 80' lang='grc' dir='ltr'><strong><em>παρόμοια,</em></strong></span> <span class='ocrx_word' id='word_1_59' title='bbox 1261 1115 1343 1168; x_wconf 81' lang='grc' dir='ltr'><strong><em>τοῖσι</em></strong></span> <span class='ocrx_word' id='word_1_60' title='bbox 1362 1098 1408 1167; x_wconf 74' lang='grc' dir='ltr'>ἅλ-</span> 
     </span>
    </p>

    <p class='ocr_par' dir='ltr' id='par_1_5' title="bbox 224 1202 1408 1298">
     <span class='ocr_line' id='line_1_8' title="bbox 224 1202 1408 1298; baseline -0.004 -21"><span class='ocrx_word' id='word_1_61' title='bbox 224 1224 282 1288; x_wconf 84' lang='lat'>100</span> <span class='ocrx_word' id='word_1_62' title='bbox 290 1217 376 1277; x_wconf 90' lang='grc' dir='ltr'><strong><em>λοισι</em></strong></span> <span class='ocrx_word' id='word_1_63' title='bbox 390 1216 476 1279; x_wconf 81' lang='grc' dir='ltr'><strong><em>ἔοικε</em></strong></span> <span class='ocrx_word' id='word_1_64' title='bbox 498 1202 519 1296; x_wconf 81' lang='grc' dir='ltr'><em>ἡ</em></span> <span class='ocrx_word' id='word_1_65' title='bbox 536 1205 694 1298; x_wconf 79' lang='grc' dir='ltr'><strong><em>Ταυρική.</em></strong></span> <span class='ocrx_word' id='word_1_66' title='bbox 743 1207 788 1277; x_wconf 86' lang='grc' dir='ltr'>Τὸ</span> <span class='ocrx_word' id='word_1_67' title='bbox 810 1203 843 1276; x_wconf 77' lang='grc' dir='ltr'>δ’</span> <span class='ocrx_word' id='word_1_68' title='bbox 859 1203 924 1277; x_wconf 77' lang='grc' dir='ltr'>ἀπὸ</span> <span class='ocrx_word' id='word_1_69' title='bbox 944 1210 1002 1294; x_wconf 83' lang='grc' dir='ltr'>της</span> <span class='ocrx_word' id='word_1_70' title='bbox 1024 1209 1190 1295; x_wconf 75' lang='grc' dir='ltr'><strong><em>Ταυρικῆς</em></strong></span> <span class='ocrx_word' id='word_1_71' title='bbox 1209 1202 1275 1293; x_wconf 75' lang='grc' dir='ltr'>ἤδη</span> <span class='ocrx_word' id='word_1_72' title='bbox 1289 1202 1408 1273; x_wconf 78' lang='grc' dir='ltr'><strong><em>Σκύθαι</em></strong></span> 
     </span>
    </p>
   </div>
   <div class='ocr_carea' id='block_1_3' title="bbox 287 1404 1412 1967">
    <p class='ocr_par' dir='ltr' id='par_1_6' title="bbox 287 1404 1412 1967">
     <span class='ocr_line' id='line_1_9' title="bbox 289 1404 1409 1475; baseline -0.008 -12"><span class='ocrx_word' id='word_1_73' title='bbox 289 1411 400 1463; x_wconf 67' lang='lat' dir='ltr'>menidi!</span> <span class='ocrx_word' id='word_1_74' title='bbox 424 1418 532 1462; x_wconf 82' lang='lat' dir='ltr'>artatum</span> <span class='ocrx_word' id='word_1_75' title='bbox 558 1413 632 1475; x_wconf 79' lang='grc' dir='ltr'><strong><em>Ιοιιρι</em></strong></span> <span class='ocrx_word' id='word_1_76' title='bbox 655 1412 681 1460; x_wconf 79' lang='lat' dir='ltr'>ir</span> <span class='ocrx_word' id='word_1_77' title='bbox 704 1410 831 1475; x_wconf 72' lang='lat' dir='ltr'>Aeqaeum</span> <span class='ocrx_word' id='word_1_78' title='bbox 881 1408 952 1459; x_wconf 69' lang='lat' dir='ltr'>mam</span> <span class='ocrx_word' id='word_1_79' title='bbox 970 1405 1029 1457; x_wconf 83' lang='lat' dir='ltr'>fieri</span> <span class='ocrx_word' id='word_1_80' title='bbox 1048 1406 1172 1471; x_wconf 79' lang='lat' dir='ltr'>solebat,</span> <span class='ocrx_word' id='word_1_81' title='bbox 1193 1405 1274 1473; x_wconf 87' lang='lat' dir='ltr'>plnrs</span> <span class='ocrx_word' id='word_1_82' title='bbox 1294 1404 1409 1456; x_wconf 74' lang='lat' dir='ltr'>adnotare</span> 
     </span>
     <span class='ocr_line' id='line_1_10' title="bbox 287 1476 1409 1545; baseline -0.004 -14"><span class='ocrx_word' id='word_1_83' title='bbox 287 1498 357 1532; x_wconf 81' lang='lat' dir='ltr'>mare</span> <span class='ocrx_word' id='word_1_84' title='bbox 364 1483 495 1545; x_wconf 84' lang='lat' dir='ltr'>prominet,</span> <span class='ocrx_word' id='word_1_85' title='bbox 507 1486 538 1529; x_wconf 91' lang='lat' dir='ltr'>nt</span> <span class='ocrx_word' id='word_1_86' title='bbox 548 1488 624 1532; x_wconf 88' lang='lat' dir='ltr'>recte</span> <span class='ocrx_word' id='word_1_87' title='bbox 635 1483 747 1545; x_wconf 81' lang='lat' dir='ltr'>exponit</span> <span class='ocrx_word' id='word_1_88' title='bbox 759 1480 833 1529; x_wconf 89' lang='lat' dir='ltr'>Wes·</span> <span class='ocrx_word' id='word_1_89' title='bbox 881 1493 937 1528; x_wconf 89' lang='lat' dir='ltr'>nou</span> <span class='ocrx_word' id='word_1_90' title='bbox 954 1493 1031 1543; x_wconf 88' lang='lat' dir='ltr'>opus.</span> <span class='ocrx_word' id='word_1_91' title='bbox 1067 1478 1146 1527; x_wconf 85' lang='lat' dir='ltr'>Nunc</span> <span class='ocrx_word' id='word_1_92' title='bbox 1169 1482 1288 1528; x_wconf 85' lang='lat' dir='ltr'>vocatur</span> <span class='ocrx_word' id='word_1_93' title='bbox 1300 1476 1409 1527; x_wconf 75' lang='lat' dir='ltr'>Brindisi</span> 
     </span>
     <span class='ocr_line' id='line_1_11' title="bbox 289 1544 1409 1615; baseline -0.008 -14"><span class='ocrx_word' id='word_1_94' title='bbox 289 1550 386 1615; x_wconf 78' lang='lat' dir='ltr'>seling.</span> <span class='ocrx_word' id='word_1_95' title='bbox 416 1552 459 1600; x_wconf 90' lang='lat' dir='ltr'>De</span> <span class='ocrx_word' id='word_1_96' title='bbox 472 1551 578 1601; x_wconf 72' lang='grc' dir='ltr'><strong><em>Ίλονίοο</em></strong></span> <span class='ocrx_word' id='word_1_97' title='bbox 592 1565 663 1615; x_wconf 77' lang='lat' dir='ltr'>pago</span> <span class='ocrx_word' id='word_1_98' title='bbox 679 1565 752 1600; x_wconf 89' lang='lat' dir='ltr'>nunc</span> <span class='ocrx_word' id='word_1_99' title='bbox 763 1564 833 1615; x_wconf 33' lang='lat' dir='ltr'>,eon-</span> <span class='ocrx_word' id='word_1_100' title='bbox 880 1549 965 1599; x_wconf 83' lang='lat' dir='ltr'>Pturs</span> <span class='ocrx_word' id='word_1_101' title='bbox 982 1547 1036 1598; x_wconf 85' lang='lat' dir='ltr'>vid.</span> <span class='ocrx_word' id='word_1_102' title='bbox 1057 1547 1131 1612; x_wconf 80' lang='lat' dir='ltr'>spud</span> <span class='ocrx_word' id='word_1_103' title='bbox 1143 1548 1278 1611; x_wconf 74' lang='lat' dir='ltr'>Forbiger</span> <span class='ocrx_word' id='word_1_104' title='bbox 1291 1545 1309 1597; x_wconf 91' lang='lat' dir='ltr'>l.</span> <span class='ocrx_word' id='word_1_105' title='bbox 1328 1544 1345 1596; x_wconf 90' lang='grc'>1.</span> <span class='ocrx_word' id='word_1_106' title='bbox 1358 1559 1409 1610; x_wconf 76' lang='lat' dir='ltr'>peg.</span> 
     </span>
     <span class='ocr_line' id='line_1_12' title="bbox 289 1613 1410 1685; baseline -0.006 -15"><span class='ocrx_word' id='word_1_107' title='bbox 289 1620 446 1672; x_wconf 85' lang='lat' dir='ltr'>ferKruse:</span> <span class='ocrx_word' id='word_1_108' title='bbox 475 1619 572 1670; x_wconf 88' lang='lat' dir='ltr'>Hellas</span> <span class='ocrx_word' id='word_1_109' title='bbox 590 1621 633 1679; x_wconf 89' lang='lat' dir='ltr'>ll,</span> <span class='ocrx_word' id='word_1_110' title='bbox 654 1620 678 1671; x_wconf 90' lang='lat'>1.</span> <span class='ocrx_word' id='word_1_111' title='bbox 697 1634 761 1685; x_wconf 79' lang='lat' dir='ltr'>psg.</span> <span class='ocrx_word' id='word_1_112' title='bbox 778 1618 831 1669; x_wconf 84' lang='grc'>248</span> <span class='ocrx_word' id='word_1_113' title='bbox 881 1619 941 1669; x_wconf 81' lang='grc'><strong>753.</strong></span> <span class='ocrx_word' id='word_1_114' title='bbox 973 1616 1090 1681; x_wconf 83' lang='lat' dir='ltr'>Deipss</span> <span class='ocrx_word' id='word_1_115' title='bbox 1101 1616 1285 1669; x_wconf 79' lang='lat' dir='ltr'>vocisforms</span> <span class='ocrx_word' id='word_1_116' title='bbox 1303 1613 1410 1681; x_wconf 76' lang='grc' dir='ltr'><strong><em>(Βρεντέ-</em></strong></span> 
     </span>
     <span class='ocr_line' id='line_1_13' title="bbox 289 1680 1409 1756; baseline -0.005 -15"><span class='ocrx_word' id='word_1_117' title='bbox 289 1705 346 1756; x_wconf 88' lang='lat' dir='ltr'>seq.</span> <span class='ocrx_word' id='word_1_118' title='bbox 357 1696 384 1740; x_wconf 91' lang='lat' dir='ltr'>et</span> <span class='ocrx_word' id='word_1_119' title='bbox 393 1690 537 1754; x_wconf 82' lang='lat' dir='ltr'>Forbiger:</span> <span class='ocrx_word' id='word_1_120' title='bbox 552 1689 662 1740; x_wconf 80' lang='lat' dir='ltr'>Haudb.</span> <span class='ocrx_word' id='word_1_121' title='bbox 674 1688 833 1740; x_wconf 84' lang='lat' dir='ltr'>d.alt.Geo-</span> <span class='ocrx_word' id='word_1_122' title='bbox 883 1700 945 1737; x_wconf 84' lang='grc' dir='ltr'><strong><em>σιον</em></strong></span> <span class='ocrx_word' id='word_1_123' title='bbox 961 1692 989 1736; x_wconf 92' lang='lat' dir='ltr'>et</span> <span class='ocrx_word' id='word_1_124' title='bbox 1002 1680 1184 1752; x_wconf 83' lang='grc' dir='ltr'><strong><em>Βρεντήσιον)</em></strong></span> <span class='ocrx_word' id='word_1_125' title='bbox 1202 1687 1277 1738; x_wconf 84' lang='lat' dir='ltr'>conf.</span> <span class='ocrx_word' id='word_1_126' title='bbox 1288 1684 1409 1737; x_wconf 82' lang='lat' dir='ltr'>Schaeter.</span> 
     </span>
     <span class='ocr_line' id='line_1_14' title="bbox 290 1756 1411 1827; baseline -0.007 -16"><span class='ocrx_word' id='word_1_127' title='bbox 290 1759 386 1827; x_wconf 76' lang='lat' dir='ltr'>graph.</span> <span class='ocrx_word' id='word_1_128' title='bbox 400 1760 454 1810; x_wconf 86' lang='lat'><em>111.</em></span> <span class='ocrx_word' id='word_1_129' title='bbox 467 1775 493 1825; x_wconf 94' lang='lat' dir='ltr'>p.</span> <span class='ocrx_word' id='word_1_130' title='bbox 506 1760 567 1811; x_wconf 77' lang='lat'><strong>955.</strong></span> <span class='ocrx_word' id='word_1_131' title='bbox 596 1759 831 1810; x_wconf 78' lang='lat' dir='ltr'>ASunioilierc·</span> <span class='ocrx_word' id='word_1_132' title='bbox 882 1758 918 1809; x_wconf 87' lang='lat' dir='ltr'>ad</span> <span class='ocrx_word' id='word_1_133' title='bbox 933 1756 1072 1807; x_wconf 72' lang='lat' dir='ltr'>Plutarch.</span> <span class='ocrx_word' id='word_1_134' title='bbox 1091 1758 1123 1808; x_wconf 89' lang='lat' dir='ltr'>T.</span> <span class='ocrx_word' id='word_1_135' title='bbox 1136 1758 1171 1809; x_wconf 83' lang='lat' dir='ltr'>V.</span> <span class='ocrx_word' id='word_1_136' title='bbox 1190 1772 1219 1822; x_wconf 89' lang='lat' dir='ltr'>p.</span> <span class='ocrx_word' id='word_1_137' title='bbox 1231 1758 1294 1807; x_wconf 82' lang='grc'>234.</span> <span class='ocrx_word' id='word_1_138' title='bbox 1323 1756 1411 1818; x_wconf 82' lang='lat' dir='ltr'>Quibus</span> 
     </span>
     <span class='ocr_line' id='line_1_15' title="bbox 289 1822 1411 1893; baseline -0.009 -12"><span class='ocrx_word' id='word_1_139' title='bbox 289 1841 379 1881; x_wconf 88' lang='lat' dir='ltr'>motus</span> <span class='ocrx_word' id='word_1_140' title='bbox 392 1838 451 1879; x_wconf 78' lang='lat' dir='ltr'>eret</span> <span class='ocrx_word' id='word_1_141' title='bbox 468 1831 583 1879; x_wconf 85' lang='lat' dir='ltr'>duarum</span> <span class='ocrx_word' id='word_1_142' title='bbox 605 1829 690 1880; x_wconf 79' lang='lat' dir='ltr'>terme</span> <span class='ocrx_word' id='word_1_143' title='bbox 705 1828 832 1880; x_wconf 89' lang='lat' dir='ltr'>horarum</span> <span class='ocrx_word' id='word_1_144' title='bbox 886 1830 934 1880; x_wconf 81' lang='lat' dir='ltr'>Cr.</span> <span class='ocrx_word' id='word_1_145' title='bbox 952 1825 1020 1877; x_wconf 88' lang='lat' dir='ltr'>haec</span> <span class='ocrx_word' id='word_1_146' title='bbox 1041 1827 1132 1877; x_wconf 82' lang='lat' dir='ltr'>addit:</span> <span class='ocrx_word' id='word_1_147' title='bbox 1148 1831 1281 1893; x_wconf 60' lang='lat' dir='ltr'>,Atque</span> <span class='ocrx_word' id='word_1_148' title='bbox 1304 1822 1411 1890; x_wconf 83' lang='grc' dir='ltr'><strong><em>Τεμέσην</em></strong></span> 
     </span>
     <span class='ocr_line' id='line_1_16' title="bbox 291 1893 1412 1967; baseline -0.007 -16"><span class='ocrx_word' id='word_1_149' title='bbox 291 1901 399 1967; x_wconf 81' lang='lat' dir='ltr'>spatio,</span> <span class='ocrx_word' id='word_1_150' title='bbox 421 1900 588 1964; x_wconf 79' lang='lat' dir='ltr'>antiquitate</span> <span class='ocrx_word' id='word_1_151' title='bbox 603 1900 720 1965; x_wconf 78' lang='lat' dir='ltr'>insignis</span> <span class='ocrx_word' id='word_1_152' title='bbox 739 1905 767 1950; x_wconf 91' lang='lat' dir='ltr'>et</span> <span class='ocrx_word' id='word_1_153' title='bbox 788 1915 836 1964; x_wconf 92' lang='lat' dir='ltr'>po·</span> <span class='ocrx_word' id='word_1_154' title='bbox 884 1899 998 1947; x_wconf 78' lang='lat' dir='ltr'>Homeri</span> <span class='ocrx_word' id='word_1_155' title='bbox 1013 1896 1113 1962; x_wconf 79' lang='lat' dir='ltr'>Odyss.</span> <span class='ocrx_word' id='word_1_156' title='bbox 1133 1898 1161 1959; x_wconf 94' lang='grc' dir='ltr'>Ι,</span> <span class='ocrx_word' id='word_1_157' title='bbox 1188 1896 1256 1961; x_wconf 88' lang='grc'>184,</span> <span class='ocrx_word' id='word_1_158' title='bbox 1276 1893 1412 1962; x_wconf 74' lang='lat' dir='ltr'>quaesitis</span> 
     </span>
    </p>
   </div>
   <div class='ocr_carea' id='block_1_4' title="bbox 290 1969 843 3085">
    <p class='ocr_par' dir='ltr' id='par_1_7' title="bbox 290 1969 843 3085">
     <span class='ocr_line' id='line_1_17' title="bbox 290 1969 835 2034; baseline -0.006 -12"><span class='ocrx_word' id='word_1_159' title='bbox 290 1979 351 2022; x_wconf 78' lang='lat' dir='ltr'>stes</span> <span class='ocrx_word' id='word_1_160' title='bbox 371 1970 546 2020; x_wconf 81' lang='lat' dir='ltr'>Acamantidi</span> <span class='ocrx_word' id='word_1_161' title='bbox 566 1970 652 2019; x_wconf 90' lang='lat' dir='ltr'>tribui</span> <span class='ocrx_word' id='word_1_162' title='bbox 670 1969 835 2034; x_wconf 85' lang='lat' dir='ltr'>adscriptus.</span> 
     </span>
     <span class='ocr_line' id='line_1_18' title="bbox 291 2040 836 2105; baseline -0.007 -13"><span class='ocrx_word' id='word_1_163' title='bbox 291 2041 345 2092; x_wconf 90' lang='lat' dir='ltr'>Ubi</span> <span class='ocrx_word' id='word_1_164' title='bbox 357 2040 492 2105; x_wconf 74' lang='lat' dir='ltr'>hodieque</span> <span class='ocrx_word' id='word_1_165' title='bbox 500 2040 618 2090; x_wconf 86' lang='lat' dir='ltr'>inveniri</span> <span class='ocrx_word' id='word_1_166' title='bbox 626 2044 754 2090; x_wconf 80' lang='lat' dir='ltr'>asserunt</span> <span class='ocrx_word' id='word_1_167' title='bbox 764 2053 836 2088; x_wconf 91' lang='lat' dir='ltr'>moe·</span> 
     </span>
     <span class='ocr_line' id='line_1_19' title="bbox 291 2108 836 2176; baseline -0.002 -16"><span class='ocrx_word' id='word_1_168' title='bbox 291 2112 338 2161; x_wconf 85' lang='lat' dir='ltr'>nia</span> <span class='ocrx_word' id='word_1_169' title='bbox 351 2112 458 2176; x_wconf 86' lang='lat' dir='ltr'>priscae</span> <span class='ocrx_word' id='word_1_170' title='bbox 471 2125 504 2159; x_wconf 81' lang='lat' dir='ltr'>ac</span> <span class='ocrx_word' id='word_1_171' title='bbox 515 2108 591 2159; x_wconf 91' lang='lat' dir='ltr'>rudis</span> <span class='ocrx_word' id='word_1_172' title='bbox 602 2115 769 2172; x_wconf 74' lang='lat' dir='ltr'>structurae,</span> <span class='ocrx_word' id='word_1_173' title='bbox 782 2109 836 2173; x_wconf 83' lang='lat' dir='ltr'>Cy-</span> 
     </span>
     <span class='ocr_line' id='line_1_20' title="bbox 293 2179 836 2247; baseline -0.006 -16"><span class='ocrx_word' id='word_1_174' title='bbox 293 2181 385 2247; x_wconf 88' lang='lat' dir='ltr'>clopis</span> <span class='ocrx_word' id='word_1_175' title='bbox 397 2179 479 2245; x_wconf 78' lang='lat' dir='ltr'>vulgo</span> <span class='ocrx_word' id='word_1_176' title='bbox 493 2184 595 2228; x_wconf 80' lang='lat' dir='ltr'>vocant</span> <span class='ocrx_word' id='word_1_177' title='bbox 611 2194 709 2243; x_wconf 82' lang='lat' dir='ltr'>opere,</span> <span class='ocrx_word' id='word_1_178' title='bbox 726 2179 836 2245; x_wconf 80' lang='lat' dir='ltr'>aliaque</span> 
     </span>
     <span class='ocr_line' id='line_1_21' title="bbox 294 2248 837 2314; baseline -0.004 -14"><span class='ocrx_word' id='word_1_179' title='bbox 294 2253 408 2313; x_wconf 81' lang='lat' dir='ltr'>rudera,</span> <span class='ocrx_word' id='word_1_180' title='bbox 427 2258 457 2299; x_wconf 90' lang='lat' dir='ltr'>ut</span> <span class='ocrx_word' id='word_1_181' title='bbox 471 2248 587 2300; x_wconf 86' lang='lat' dir='ltr'>theatri:</span> <span class='ocrx_word' id='word_1_182' title='bbox 607 2264 677 2314; x_wconf 77' lang='lat' dir='ltr'>quae</span> <span class='ocrx_word' id='word_1_183' title='bbox 692 2249 837 2314; x_wconf 74' lang='lat' dir='ltr'>descripsit</span> 
     </span>
     <span class='ocr_line' id='line_1_22' title="bbox 292 2318 837 2385; baseline -0.004 -15"><span class='ocrx_word' id='word_1_184' title='bbox 292 2320 511 2385; x_wconf 73' lang='lat' dir='ltr'>imaginibusque</span> <span class='ocrx_word' id='word_1_185' title='bbox 523 2318 611 2383; x_wconf 87' lang='lat' dir='ltr'>lapidi</span> <span class='ocrx_word' id='word_1_186' title='bbox 624 2319 719 2369; x_wconf 88' lang='lat' dir='ltr'>incisis</span> <span class='ocrx_word' id='word_1_187' title='bbox 728 2333 837 2385; x_wconf 87' lang='lat' dir='ltr'>reprae-</span> 
     </span>
     <span class='ocr_line' id='line_1_23' title="bbox 293 2387 837 2441; baseline 0 -2"><span class='ocrx_word' id='word_1_188' title='bbox 293 2392 416 2441; x_wconf 87' lang='lat' dir='ltr'>sentavit</span> <span class='ocrx_word' id='word_1_189' title='bbox 432 2387 570 2437; x_wconf 80' lang='lat' dir='ltr'>Dodweit:</span> <span class='ocrx_word' id='word_1_190' title='bbox 595 2388 685 2438; x_wconf 80' lang='lat' dir='ltr'>Views</span> <span class='ocrx_word' id='word_1_191' title='bbox 709 2390 765 2439; x_wconf 95' lang='lat' dir='ltr'>and</span> <span class='ocrx_word' id='word_1_192' title='bbox 783 2390 837 2439; x_wconf 87' lang='lat' dir='ltr'>De·</span> 
     </span>
     <span class='ocr_line' id='line_1_24' title="bbox 293 2457 843 2524; baseline -0.002 -15"><span class='ocrx_word' id='word_1_193' title='bbox 293 2461 387 2524; x_wconf 90' lang='lat' dir='ltr'>script.</span> <span class='ocrx_word' id='word_1_194' title='bbox 400 2458 432 2508; x_wconf 83' lang='lat' dir='ltr'>oi</span> <span class='ocrx_word' id='word_1_195' title='bbox 440 2457 589 2523; x_wconf 82' lang='lat' dir='ltr'>Cyclopiau</span> <span class='ocrx_word' id='word_1_196' title='bbox 605 2472 635 2507; x_wconf 92' lang='lat' dir='ltr'>or</span> <span class='ocrx_word' id='word_1_197' title='bbox 650 2457 774 2524; x_wconf 77' lang='lat' dir='ltr'>Pelasgic</span> <span class='ocrx_word' id='word_1_198' title='bbox 784 2459 843 2519; x_wconf 46' lang='lat' dir='ltr'>Res</span> 
     </span>
     <span class='ocr_line' id='line_1_25' title="bbox 294 2528 836 2594; baseline -0.004 -14"><span class='ocrx_word' id='word_1_199' title='bbox 294 2531 384 2581; x_wconf 90' lang='lat' dir='ltr'>maius</span> <span class='ocrx_word' id='word_1_200' title='bbox 394 2535 446 2580; x_wconf 88' lang='lat' dir='ltr'>etc.</span> <span class='ocrx_word' id='word_1_201' title='bbox 454 2542 518 2593; x_wconf 78' lang='lat' dir='ltr'>pag.</span> <span class='ocrx_word' id='word_1_202' title='bbox 528 2530 560 2579; x_wconf 80' lang='grc'>12</span> <span class='ocrx_word' id='word_1_203' title='bbox 570 2542 645 2594; x_wconf 87' lang='lat' dir='ltr'>seqq.</span> <span class='ocrx_word' id='word_1_204' title='bbox 656 2528 725 2579; x_wconf 84' lang='lat' dir='ltr'>Tah.</span> <span class='ocrx_word' id='word_1_205' title='bbox 735 2529 836 2578; x_wconf 78' lang='lat' dir='ltr'>xxt-</span> 
     </span>
     <span class='ocr_line' id='line_1_26' title="bbox 293 2598 837 2651; baseline 0 -1"><span class='ocrx_word' id='word_1_206' title='bbox 293 2601 393 2651; x_wconf 79' lang='lat' dir='ltr'><strong>xxlv.</strong></span> <span class='ocrx_word' id='word_1_207' title='bbox 411 2600 575 2648; x_wconf 78' lang='lat' dir='ltr'>Etiamnunc</span> <span class='ocrx_word' id='word_1_208' title='bbox 589 2598 649 2649; x_wconf 88' lang='lat' dir='ltr'>loco</span> <span class='ocrx_word' id='word_1_209' title='bbox 662 2614 759 2650; x_wconf 88' lang='lat' dir='ltr'>nomeu</span> <span class='ocrx_word' id='word_1_210' title='bbox 774 2600 837 2650; x_wconf 77' lang='lat' dir='ltr'>Tro-</span> 
     </span>
     <span class='ocr_line' id='line_1_27' title="bbox 294 2667 837 2734; baseline -0.002 -13"><span class='ocrx_word' id='word_1_211' title='bbox 294 2672 363 2722; x_wconf 87' lang='lat' dir='ltr'>ricos</span> <span class='ocrx_word' id='word_1_212' title='bbox 380 2683 402 2723; x_wconf 87' lang='lat' dir='ltr'>s.</span> <span class='ocrx_word' id='word_1_213' title='bbox 420 2671 534 2720; x_wconf 78' lang='grc' dir='ltr'><strong><em>Τλσνίοο.</em></strong></span> <span class='ocrx_word' id='word_1_214' title='bbox 569 2668 758 2734; x_wconf 74' lang='lat' dir='ltr'>Anaphlystus</span> <span class='ocrx_word' id='word_1_215' title='bbox 774 2667 837 2720; x_wconf 86' lang='lat' dir='ltr'>hinc</span> 
     </span>
     <span class='ocr_line' id='line_1_28' title="bbox 295 2739 838 2804; baseline -0.009 -12"><span class='ocrx_word' id='word_1_216' title='bbox 295 2741 466 2792; x_wconf 84' lang='lat' dir='ltr'>occidentem</span> <span class='ocrx_word' id='word_1_217' title='bbox 477 2754 573 2789; x_wconf 88' lang='lat' dir='ltr'>versus</span> <span class='ocrx_word' id='word_1_218' title='bbox 586 2740 682 2790; x_wconf 87' lang='lat' dir='ltr'>aberat</span> <span class='ocrx_word' id='word_1_219' title='bbox 693 2739 838 2804; x_wconf 78' lang='lat' dir='ltr'>sexaginta</span> 
     </span>
     <span class='ocr_line' id='line_1_29' title="bbox 296 2809 837 2874; baseline -0.007 -12"><span class='ocrx_word' id='word_1_220' title='bbox 296 2811 409 2874; x_wconf 85' lang='lat' dir='ltr'>stadiis,</span> <span class='ocrx_word' id='word_1_221' title='bbox 428 2811 456 2859; x_wconf 93' lang='lat' dir='ltr'>in</span> <span class='ocrx_word' id='word_1_222' title='bbox 473 2809 639 2860; x_wconf 86' lang='lat' dir='ltr'>occidentali</span> <span class='ocrx_word' id='word_1_223' title='bbox 651 2810 762 2860; x_wconf 81' lang='lat' dir='ltr'>Atticae</span> <span class='ocrx_word' id='word_1_224' title='bbox 779 2824 837 2871; x_wconf 81' lang='lat' dir='ltr'>ora,</span> 
     </span>
     <span class='ocr_line' id='line_1_30' title="bbox 295 2880 839 2944; baseline -0.006 -13"><span class='ocrx_word' id='word_1_225' title='bbox 295 2880 342 2931; x_wconf 92' lang='lat' dir='ltr'>nbi</span> <span class='ocrx_word' id='word_1_226' title='bbox 352 2896 426 2931; x_wconf 89' lang='lat' dir='ltr'>nunc</span> <span class='ocrx_word' id='word_1_227' title='bbox 438 2880 515 2930; x_wconf 81' lang='lat' dir='ltr'>vicus</span> <span class='ocrx_word' id='word_1_228' title='bbox 526 2880 666 2944; x_wconf 82' lang='grc' dir='ltr'><strong><em>Αιιαμλίσο.</em></strong></span> <span class='ocrx_word' id='word_1_229' title='bbox 689 2880 770 2930; x_wconf 81' lang='lat' dir='ltr'>Arcis</span> <span class='ocrx_word' id='word_1_230' title='bbox 782 2893 839 2928; x_wconf 90' lang='lat' dir='ltr'>mu·</span> 
     </span>
     <span class='ocr_line' id='line_1_31' title="bbox 295 2949 838 3014; baseline -0.004 -14"><span class='ocrx_word' id='word_1_231' title='bbox 295 2952 370 3000; x_wconf 85' lang='lat' dir='ltr'>nitae</span> <span class='ocrx_word' id='word_1_232' title='bbox 380 2950 478 3001; x_wconf 86' lang='lat' dir='ltr'>rudera</span> <span class='ocrx_word' id='word_1_233' title='bbox 488 2950 621 3014; x_wconf 87' lang='lat' dir='ltr'>quaedam</span> <span class='ocrx_word' id='word_1_234' title='bbox 630 2951 665 3000; x_wconf 91' lang='lat' dir='ltr'>ad</span> <span class='ocrx_word' id='word_1_235' title='bbox 675 2949 758 3012; x_wconf 89' lang='lat' dir='ltr'>viam,</span> <span class='ocrx_word' id='word_1_236' title='bbox 767 2964 838 3014; x_wconf 84' lang='lat' dir='ltr'>quse</span> 
     </span>
     <span class='ocr_line' id='line_1_32' title="bbox 295 3018 840 3085; baseline -0.004 -15"><span class='ocrx_word' id='word_1_237' title='bbox 295 3020 409 3071; x_wconf 78' lang='lat' dir='ltr'>Athenis</span> <span class='ocrx_word' id='word_1_238' title='bbox 429 3019 543 3070; x_wconf 84' lang='lat' dir='ltr'>Sunium</span> <span class='ocrx_word' id='word_1_239' title='bbox 559 3018 692 3082; x_wconf 78' lang='lat' dir='ltr'>ducebat,</span> <span class='ocrx_word' id='word_1_240' title='bbox 714 3019 840 3085; x_wconf 80' lang='lat' dir='ltr'>conspici</span> 
     </span>
    </p>
   </div>
   <div class='ocr_carea' id='block_1_5' title="bbox 296 3077 856 3155">
    <p class='ocr_par' dir='ltr' id='par_1_8' title="bbox 296 3077 856 3155">
     <span class='ocr_line' id='line_1_33' title="bbox 296 3077 856 3155; baseline -0.002 -16"><span class='ocrx_word' id='word_1_241' title='bbox 296 3105 380 3155; x_wconf 83' lang='lat' dir='ltr'>prope</span> <span class='ocrx_word' id='word_1_242' title='bbox 401 3088 492 3139; x_wconf 87' lang='lat' dir='ltr'>locum</span> <span class='ocrx_word' id='word_1_243' title='bbox 514 3089 614 3141; x_wconf 79' lang='lat' dir='ltr'>Metoke&#39;</span> <span class='ocrx_word' id='word_1_244' title='bbox 631 3089 764 3149; x_wconf 83' lang='lat' dir='ltr'>Anabasi,</span> <span class='ocrx_word' id='word_1_245' title='bbox 792 3077 856 3155; x_wconf 68' lang='lat' dir='ltr'>qui‘</span> 
     </span>
    </p>
   </div>
   <div class='ocr_carea' id='block_1_6' title="bbox 295 3159 841 3931">
    <p class='ocr_par' dir='ltr' id='par_1_9' title="bbox 296 3159 839 3366">
     <span class='ocr_line' id='line_1_34' title="bbox 296 3159 839 3218; baseline 0 -9"><span class='ocrx_word' id='word_1_246' title='bbox 296 3174 368 3209; x_wconf 89' lang='lat' dir='ltr'>nunc</span> <span class='ocrx_word' id='word_1_247' title='bbox 377 3163 500 3218; x_wconf 86' lang='lat' dir='ltr'>vocatur,</span> <span class='ocrx_word' id='word_1_248' title='bbox 511 3160 667 3210; x_wconf 84' lang='lat' dir='ltr'>admonent.</span> <span class='ocrx_word' id='word_1_249' title='bbox 681 3160 742 3210; x_wconf 88' lang='lat' dir='ltr'>Vid.</span> <span class='ocrx_word' id='word_1_250' title='bbox 750 3159 839 3210; x_wconf 87' lang='lat' dir='ltr'>Kruse</span> 
     </span>
     <span class='ocr_line' id='line_1_35' title="bbox 297 3228 838 3295; baseline 0.004 -17"><span class='ocrx_word' id='word_1_251' title='bbox 297 3228 363 3280; x_wconf 88' lang='lat' dir='ltr'>ibid.</span> <span class='ocrx_word' id='word_1_252' title='bbox 378 3244 440 3295; x_wconf 80' lang='lat' dir='ltr'>pag.</span> <span class='ocrx_word' id='word_1_253' title='bbox 455 3229 506 3281; x_wconf 78' lang='lat'>233</span> <span class='ocrx_word' id='word_1_254' title='bbox 524 3244 614 3295; x_wconf 82' lang='lat' dir='ltr'>seqq,</span> <span class='ocrx_word' id='word_1_255' title='bbox 636 3229 768 3294; x_wconf 78' lang='lat' dir='ltr'>Forbiger</span> <span class='ocrx_word' id='word_1_256' title='bbox 782 3228 801 3282; x_wconf 87' lang='lat' dir='ltr'>l.</span> <span class='ocrx_word' id='word_1_257' title='bbox 819 3228 838 3280; x_wconf 93' lang='lat' dir='ltr'>l.</span> 
     </span>
     <span class='ocr_line' id='line_1_36' title="bbox 297 3300 434 3366; baseline -0.007 -16"><span class='ocrx_word' id='word_1_258' title='bbox 297 3314 360 3366; x_wconf 80' lang='lat' dir='ltr'>pag.</span> <span class='ocrx_word' id='word_1_259' title='bbox 373 3300 434 3350; x_wconf 49' lang='lat'>9560</span> 
     </span>
    </p>

    <p class='ocr_par' dir='ltr' id='par_1_10' title="bbox 295 3361 841 3931">
     <span class='ocr_line' id='line_1_37' title="bbox 332 3361 838 3435; baseline -0.006 -16"><span class='ocrx_word' id='word_1_260' title='bbox 332 3365 369 3426; x_wconf 83' lang='grc' dir='ltr'>ὡς</span> <span class='ocrx_word' id='word_1_261' title='bbox 382 3361 454 3418; x_wconf 83' lang='grc' dir='ltr'><strong><em>εἶναι</em></strong></span> <span class='ocrx_word' id='word_1_262' title='bbox 466 3395 499 3405; x_wconf 94' lang='grc'>-</span> <span class='ocrx_word' id='word_1_263' title='bbox 510 3361 684 3435; x_wconf 73' lang='grc' dir='ltr'><strong><em>συμβαλέειν]</em></strong></span> <span class='ocrx_word' id='word_1_264' title='bbox 704 3367 747 3416; x_wconf 88' lang='lat' dir='ltr'>Tu</span> <span class='ocrx_word' id='word_1_265' title='bbox 765 3365 838 3416; x_wconf 79' lang='lat' dir='ltr'>coni.</span> 
     </span>
     <span class='ocr_line' id='line_1_38' title="bbox 297 3432 838 3505; baseline -0.009 -14"><span class='ocrx_word' id='word_1_266' title='bbox 297 3441 335 3504; x_wconf 92' lang='grc' dir='ltr'>ΙΙ,</span> <span class='ocrx_word' id='word_1_267' title='bbox 352 3440 385 3493; x_wconf 88' lang='grc'>10</span> <span class='ocrx_word' id='word_1_268' title='bbox 395 3440 488 3505; x_wconf 88' lang='lat' dir='ltr'>ibique</span> <span class='ocrx_word' id='word_1_269' title='bbox 503 3443 572 3489; x_wconf 89' lang='lat' dir='ltr'>nott.</span> <span class='ocrx_word' id='word_1_270' title='bbox 600 3432 763 3504; x_wconf 74' lang='grc' dir='ltr'><strong><em>συμβαλέειν</em></strong></span> <span class='ocrx_word' id='word_1_271' title='bbox 777 3452 838 3486; x_wconf 88' lang='lat' dir='ltr'>cum</span> 
     </span>
     <span class='ocr_line' id='line_1_39' title="bbox 295 3506 841 3571; baseline -0.013 -9"><span class='ocrx_word' id='word_1_272' title='bbox 295 3512 422 3562; x_wconf 81' lang='lat' dir='ltr'>Bskhsro</span> <span class='ocrx_word' id='word_1_273' title='bbox 431 3509 541 3571; x_wconf 89' lang='lat' dir='ltr'>retinui,</span> <span class='ocrx_word' id='word_1_274' title='bbox 551 3507 676 3557; x_wconf 88' lang='lat' dir='ltr'>omnibus</span> <span class='ocrx_word' id='word_1_275' title='bbox 685 3506 762 3557; x_wconf 90' lang='lat' dir='ltr'>libris</span> <span class='ocrx_word' id='word_1_276' title='bbox 775 3508 841 3558; x_wconf 84' lang='lat' dir='ltr'>scri-</span> 
     </span>
     <span class='ocr_line' id='line_1_40' title="bbox 296 3576 838 3648; baseline -0.007 -16"><span class='ocrx_word' id='word_1_277' title='bbox 296 3583 351 3648; x_wconf 86' lang='lat' dir='ltr'>ptis</span> <span class='ocrx_word' id='word_1_278' title='bbox 367 3577 616 3640; x_wconf 75' lang='lat' dir='ltr'>consentientibus,</span> <span class='ocrx_word' id='word_1_279' title='bbox 633 3576 731 3642; x_wconf 91' lang='lat' dir='ltr'>quibus</span> <span class='ocrx_word' id='word_1_280' title='bbox 741 3577 838 3628; x_wconf 79' lang='lat' dir='ltr'>invitis</span> 
     </span>
     <span class='ocr_line' id='line_1_41' title="bbox 296 3644 838 3717; baseline -0.013 -14"><span class='ocrx_word' id='word_1_281' title='bbox 296 3653 346 3703; x_wconf 81' lang='lat' dir='ltr'>alii</span> <span class='ocrx_word' id='word_1_282' title='bbox 364 3649 460 3717; x_wconf 90' lang='lat' dir='ltr'>reponi</span> <span class='ocrx_word' id='word_1_283' title='bbox 477 3647 573 3698; x_wconf 83' lang='lat' dir='ltr'>volunt</span> <span class='ocrx_word' id='word_1_284' title='bbox 597 3644 782 3714; x_wconf 81' lang='grc' dir='ltr'><strong><em>συμβαλείν;</em></strong></span> <span class='ocrx_word' id='word_1_285' title='bbox 808 3651 838 3697; x_wconf 90' lang='lat' dir='ltr'>tn</span> 
     </span>
     <span class='ocr_line' id='line_1_42' title="bbox 295 3717 837 3780; baseline -0.015 -6"><span class='ocrx_word' id='word_1_286' title='bbox 295 3723 353 3774; x_wconf 84' lang='lat' dir='ltr'>vid.</span> <span class='ocrx_word' id='word_1_287' title='bbox 370 3725 440 3772; x_wconf 88' lang='lat' dir='ltr'>nott.</span> <span class='ocrx_word' id='word_1_288' title='bbox 459 3717 495 3768; x_wconf 82' lang='lat' dir='ltr'>ad</span> <span class='ocrx_word' id='word_1_289' title='bbox 512 3717 566 3780; x_wconf 87' lang='lat' dir='ltr'>lV,</span> <span class='ocrx_word' id='word_1_290' title='bbox 586 3719 630 3769; x_wconf 88' lang='grc'>42.</span> <span class='ocrx_word' id='word_1_291' title='bbox 660 3717 837 3768; x_wconf 78' lang='lat' dir='ltr'>Florentium</span> 
     </span>
     <span class='ocr_line' id='line_1_43' title="bbox 295 3786 838 3854; baseline -0.013 -12"><span class='ocrx_word' id='word_1_292' title='bbox 295 3791 365 3844; x_wconf 89' lang='lat' dir='ltr'>liber</span> <span class='ocrx_word' id='word_1_293' title='bbox 374 3807 435 3844; x_wconf 90' lang='lat' dir='ltr'>cum</span> <span class='ocrx_word' id='word_1_294' title='bbox 444 3787 507 3839; x_wconf 89' lang='lat' dir='ltr'>aliis</span> <span class='ocrx_word' id='word_1_295' title='bbox 517 3787 678 3854; x_wconf 85' lang='lat' dir='ltr'>quibusdem</span> <span class='ocrx_word' id='word_1_296' title='bbox 688 3786 766 3837; x_wconf 83' lang='lat' dir='ltr'>affert</span> <span class='ocrx_word' id='word_1_297' title='bbox 773 3800 838 3850; x_wconf 83' lang='lat' dir='ltr'>cvp-</span> 
     </span>
     <span class='ocr_line' id='line_1_44' title="bbox 297 3855 837 3931; baseline -0.015 -18"><span class='ocrx_word' id='word_1_298' title='bbox 297 3856 416 3931; x_wconf 79' lang='grc' dir='ltr'><strong><em>βάλλειν.</em></strong></span> <span class='ocrx_word' id='word_1_299' title='bbox 443 3858 523 3922; x_wconf 80' lang='lat' dir='ltr'>Quod</span> <span class='ocrx_word' id='word_1_300' title='bbox 539 3858 663 3924; x_wconf 88' lang='lat' dir='ltr'>seqnitur</span> <span class='ocrx_word' id='word_1_301' title='bbox 683 3855 837 3922; x_wconf 83' lang='grc' dir='ltr'><strong><em>τοιοῦτον,</em></strong></span> 
     </span>
    </p>
   </div>
   <div class='ocr_carea' id='block_1_7' title="bbox 298 3928 919 3993">
    <p class='ocr_par' dir='ltr' id='par_1_11' title="bbox 298 3928 919 3993">
     <span class='ocr_line' id='line_1_45' title="bbox 298 3928 919 3993; baseline -0.008 -10"><span class='ocrx_word' id='word_1_302' title='bbox 298 3934 325 3983; x_wconf 89' lang='lat' dir='ltr'>in</span> <span class='ocrx_word' id='word_1_303' title='bbox 343 3929 462 3982; x_wconf 80' lang='grc' dir='ltr'><strong><em>τοιοῦτο</em></strong></span> <span class='ocrx_word' id='word_1_304' title='bbox 481 3930 583 3979; x_wconf 87' lang='lat' dir='ltr'>mutari</span> <span class='ocrx_word' id='word_1_305' title='bbox 601 3928 659 3981; x_wconf 84' lang='lat' dir='ltr'>vult</span> <span class='ocrx_word' id='word_1_306' title='bbox 674 3928 790 3979; x_wconf 83' lang='lat' dir='ltr'>Bredov.</span> <span class='ocrx_word' id='word_1_307' title='bbox 809 3942 837 3991; x_wconf 84' lang='lat' dir='ltr'>p.</span> <span class='ocrx_word' id='word_1_308' title='bbox 889 3928 919 3993; x_wconf 93' lang='lat' dir='ltr'>(q</span> 
     </span>
    </p>
   </div>
   <div class='ocr_carea' id='block_1_8' title="bbox 296 3992 839 4478">
    <p class='ocr_par' dir='ltr' id='par_1_12' title="bbox 296 3992 839 4478">
     <span class='ocr_line' id='line_1_46' title="bbox 298 3992 837 4064; baseline -0.015 -10"><span class='ocrx_word' id='word_1_309' title='bbox 298 4003 355 4054; x_wconf 79' lang='lat'>105.</span> <span class='ocrx_word' id='word_1_310' title='bbox 372 4003 415 4053; x_wconf 76' lang='lat' dir='ltr'>dd</span> <span class='ocrx_word' id='word_1_311' title='bbox 425 4015 503 4050; x_wconf 88' lang='lat' dir='ltr'>usum</span> <span class='ocrx_word' id='word_1_312' title='bbox 512 3998 664 4064; x_wconf 68' lang='lat' dir='ltr'>particulae</span> <span class='ocrx_word' id='word_1_313' title='bbox 677 3992 708 4047; x_wconf 76' lang='grc' dir='ltr'>δὲ</span> <span class='ocrx_word' id='word_1_314' title='bbox 722 3998 750 4048; x_wconf 86' lang='grc' dir='ltr'><strong><em>ἰο</em></strong></span> <span class='ocrx_word' id='word_1_315' title='bbox 760 4012 837 4062; x_wconf 85' lang='lat' dir='ltr'>seqq.</span> 
     </span>
     <span class='ocr_line' id='line_1_47' title="bbox 296 4068 837 4135; baseline -0.011 -13"><span class='ocrx_word' id='word_1_316' title='bbox 296 4072 332 4123; x_wconf 83' lang='lat' dir='ltr'>ci.</span> <span class='ocrx_word' id='word_1_317' title='bbox 345 4072 397 4135; x_wconf 82' lang='lat'>111,</span> <span class='ocrx_word' id='word_1_318' title='bbox 410 4070 443 4121; x_wconf 79' lang='lat'>37</span> <span class='ocrx_word' id='word_1_319' title='bbox 459 4069 553 4133; x_wconf 87' lang='lat' dir='ltr'>ibique</span> <span class='ocrx_word' id='word_1_320' title='bbox 569 4072 638 4119; x_wconf 91' lang='lat' dir='ltr'>nott.</span> <span class='ocrx_word' id='word_1_321' title='bbox 664 4069 706 4119; x_wconf 90' lang='lat' dir='ltr'>De</span> <span class='ocrx_word' id='word_1_322' title='bbox 719 4068 837 4134; x_wconf 79' lang='lat' dir='ltr'>lapypio,</span> 
     </span>
     <span class='ocr_line' id='line_1_48' title="bbox 297 4140 839 4206; baseline -0.009 -15"><span class='ocrx_word' id='word_1_323' title='bbox 297 4156 378 4206; x_wconf 86' lang='lat' dir='ltr'>quam</span> <span class='ocrx_word' id='word_1_324' title='bbox 389 4141 493 4202; x_wconf 91' lang='lat' dir='ltr'>urbem,</span> <span class='ocrx_word' id='word_1_325' title='bbox 503 4153 557 4187; x_wconf 91' lang='lat' dir='ltr'>uon</span> <span class='ocrx_word' id='word_1_326' title='bbox 570 4140 707 4204; x_wconf 79' lang='lat' dir='ltr'>regionem</span> <span class='ocrx_word' id='word_1_327' title='bbox 718 4154 778 4189; x_wconf 85' lang='lat' dir='ltr'>esse</span> <span class='ocrx_word' id='word_1_328' title='bbox 791 4152 839 4186; x_wconf 86' lang='lat' dir='ltr'>vo-</span> 
     </span>
     <span class='ocr_line' id='line_1_49' title="bbox 296 4206 838 4273; baseline -0.007 -14"><span class='ocrx_word' id='word_1_329' title='bbox 296 4211 386 4260; x_wconf 89' lang='lat' dir='ltr'>luerat</span> <span class='ocrx_word' id='word_1_330' title='bbox 401 4210 558 4260; x_wconf 74' lang='lat' dir='ltr'>Hecataeus</span> <span class='ocrx_word' id='word_1_331' title='bbox 574 4208 698 4258; x_wconf 84' lang='lat' dir='ltr'>Milesius</span> <span class='ocrx_word' id='word_1_332' title='bbox 713 4206 796 4271; x_wconf 81' lang='lat' dir='ltr'>(conf.</span> <span class='ocrx_word' id='word_1_333' title='bbox 810 4223 838 4273; x_wconf 88' lang='lat' dir='ltr'>p.</span> 
     </span>
     <span class='ocr_line' id='line_1_50' title="bbox 296 4275 838 4343; baseline -0.009 -13"><span class='ocrx_word' id='word_1_334' title='bbox 296 4279 339 4330; x_wconf 81' lang='lat'>55.</span> <span class='ocrx_word' id='word_1_335' title='bbox 353 4280 387 4330; x_wconf 87' lang='grc'>82</span> <span class='ocrx_word' id='word_1_336' title='bbox 397 4280 533 4343; x_wconf 73' lang='lat' dir='ltr'>Fregmm.</span> <span class='ocrx_word' id='word_1_337' title='bbox 546 4278 589 4327; x_wconf 91' lang='lat' dir='ltr'>ed.</span> <span class='ocrx_word' id='word_1_338' title='bbox 601 4277 753 4342; x_wconf 87' lang='lat' dir='ltr'>Klausen.),</span> <span class='ocrx_word' id='word_1_339' title='bbox 766 4275 838 4327; x_wconf 82' lang='lat' dir='ltr'>conf.</span> 
     </span>
     <span class='ocr_line' id='line_1_51' title="bbox 297 4346 837 4412; baseline -0.006 -12"><span class='ocrx_word' id='word_1_340' title='bbox 297 4352 366 4400; x_wconf 89' lang='lat' dir='ltr'>nott.</span> <span class='ocrx_word' id='word_1_341' title='bbox 379 4349 413 4398; x_wconf 84' lang='lat' dir='ltr'>sd</span> <span class='ocrx_word' id='word_1_342' title='bbox 423 4348 475 4410; x_wconf 91' lang='lat'>111,</span> <span class='ocrx_word' id='word_1_343' title='bbox 490 4346 547 4398; x_wconf 81' lang='grc'>138.</span> <span class='ocrx_word' id='word_1_344' title='bbox 569 4346 737 4397; x_wconf 77' lang='lat' dir='ltr'>Addssrnb.</span> <span class='ocrx_word' id='word_1_345' title='bbox 750 4348 797 4397; x_wconf 88' lang='lat' dir='ltr'>VI.</span> <span class='ocrx_word' id='word_1_346' title='bbox 810 4362 837 4412; x_wconf 91' lang='lat' dir='ltr'>p.</span> 
     </span>
     <span class='ocr_line' id='line_1_52' title="bbox 296 4416 839 4478; baseline -0.007 -8"><span class='ocrx_word' id='word_1_347' title='bbox 296 4421 347 4470; x_wconf 76' lang='lat'>277</span> <span class='ocrx_word' id='word_1_348' title='bbox 359 4434 381 4468; x_wconf 90' lang='lat' dir='ltr'>s.</span> <span class='ocrx_word' id='word_1_349' title='bbox 388 4419 440 4468; x_wconf 76' lang='grc'>425</span> <span class='ocrx_word' id='word_1_350' title='bbox 448 4418 480 4467; x_wconf 89' lang='grc' dir='ltr'>Β.</span> <span class='ocrx_word' id='word_1_351' title='bbox 492 4417 534 4467; x_wconf 85' lang='lat' dir='ltr'>De</span> <span class='ocrx_word' id='word_1_352' title='bbox 543 4416 692 4478; x_wconf 81' lang='lat' dir='ltr'>Brundisio,</span> <span class='ocrx_word' id='word_1_353' title='bbox 704 4416 777 4468; x_wconf 87' lang='lat' dir='ltr'>unde</span> <span class='ocrx_word' id='word_1_354' title='bbox 785 4417 839 4467; x_wconf 89' lang='lat' dir='ltr'>Ro·</span> 
     </span>
    </p>
   </div>
   <div class='ocr_carea' id='block_1_9' title="bbox 297 4487 839 4542">
    <p class='ocr_par' dir='ltr' id='par_1_13' title="bbox 297 4487 839 4542">
     <span class='ocr_line' id='line_1_53' title="bbox 297 4487 839 4542; baseline -0.006 -2"><span class='ocrx_word' id='word_1_355' title='bbox 297 4504 437 4542; x_wconf 89' lang='lat' dir='ltr'>manorum</span> <span class='ocrx_word' id='word_1_356' title='bbox 454 4491 547 4538; x_wconf 88' lang='lat' dir='ltr'>aetate</span> <span class='ocrx_word' id='word_1_357' title='bbox 566 4487 698 4538; x_wconf 86' lang='lat' dir='ltr'>traiectus</span> <span class='ocrx_word' id='word_1_358' title='bbox 716 4488 746 4537; x_wconf 89' lang='lat' dir='ltr'>iu</span> <span class='ocrx_word' id='word_1_359' title='bbox 756 4487 839 4538; x_wconf 84' lang='lat' dir='ltr'>Gree-</span> 
     </span>
    </p>
   </div>
   <div class='ocr_carea' id='block_1_10' title="bbox 884 1964 1475 3139">
    <p class='ocr_par' dir='ltr' id='par_1_14' title="bbox 884 1964 1475 3139">
     <span class='ocr_line' id='line_1_54' title="bbox 884 1964 1412 2032; baseline -0.009 -15"><span class='ocrx_word' id='word_1_360' title='bbox 884 1966 968 2032; x_wconf 82' lang='lat' dir='ltr'>Cypri</span> <span class='ocrx_word' id='word_1_361' title='bbox 990 1968 1095 2017; x_wconf 86' lang='lat' dir='ltr'>insulae</span> <span class='ocrx_word' id='word_1_362' title='bbox 1111 1967 1178 2018; x_wconf 87' lang='lat' dir='ltr'>urbs</span> <span class='ocrx_word' id='word_1_363' title='bbox 1197 1970 1261 2017; x_wconf 82' lang='lat' dir='ltr'>visa</span> <span class='ocrx_word' id='word_1_364' title='bbox 1280 1973 1331 2029; x_wconf 88' lang='lat' dir='ltr'>est,</span> <span class='ocrx_word' id='word_1_365' title='bbox 1355 1964 1412 2015; x_wconf 82' lang='lat' dir='ltr'>bruc</span> 
     </span>
     <span class='ocr_line' id='line_1_55' title="bbox 884 2032 1412 2102; baseline -0.008 -16"><span class='ocrx_word' id='word_1_366' title='bbox 884 2038 972 2102; x_wconf 84' lang='lat' dir='ltr'>ipesm</span> <span class='ocrx_word' id='word_1_367' title='bbox 988 2039 1128 2087; x_wconf 78' lang='lat' dir='ltr'>Ausonum</span> <span class='ocrx_word' id='word_1_368' title='bbox 1145 2032 1313 2101; x_wconf 80' lang='grc' dir='ltr'><strong><em>Βρεντέσιον</em></strong></span> <span class='ocrx_word' id='word_1_369' title='bbox 1335 2036 1412 2085; x_wconf 81' lang='lat' dir='ltr'>urben</span> 
     </span>
     <span class='ocr_line' id='line_1_56' title="bbox 885 2105 1414 2168; baseline -0.009 -11"><span class='ocrx_word' id='word_1_370' title='bbox 885 2123 945 2158; x_wconf 89' lang='lat' dir='ltr'>esse</span> <span class='ocrx_word' id='word_1_371' title='bbox 955 2114 1121 2158; x_wconf 86' lang='lat' dir='ltr'>censuerunt</span> <span class='ocrx_word' id='word_1_372' title='bbox 1133 2108 1256 2158; x_wconf 82' lang='lat' dir='ltr'>Pausan.</span> <span class='ocrx_word' id='word_1_373' title='bbox 1271 2106 1323 2168; x_wconf 91' lang='lat' dir='ltr'>VI,</span> <span class='ocrx_word' id='word_1_374' title='bbox 1336 2106 1360 2156; x_wconf 86' lang='lat' dir='ltr'>b.</span> <span class='ocrx_word' id='word_1_375' title='bbox 1374 2105 1414 2153; x_wconf 77' lang='lat' dir='ltr'>hs</span> 
     </span>
     <span class='ocr_line' id='line_1_57' title="bbox 885 2171 1413 2242; baseline -0.009 -15"><span class='ocrx_word' id='word_1_376' title='bbox 885 2177 950 2227; x_wconf 76' lang='lat' dir='ltr'>lieu.</span> <span class='ocrx_word' id='word_1_377' title='bbox 965 2179 997 2227; x_wconf 89' lang='lat' dir='ltr'>V.</span> <span class='ocrx_word' id='word_1_378' title='bbox 1011 2177 1047 2226; x_wconf 88' lang='lat' dir='ltr'>H.</span> <span class='ocrx_word' id='word_1_379' title='bbox 1062 2178 1145 2241; x_wconf 82' lang='lat' dir='ltr'>vni,</span> <span class='ocrx_word' id='word_1_380' title='bbox 1159 2178 1203 2227; x_wconf 82' lang='lat' dir='ltr'>le.</span> <span class='ocrx_word' id='word_1_381' title='bbox 1217 2178 1346 2242; x_wconf 89' lang='lat' dir='ltr'>Pcmpon.</span> <span class='ocrx_word' id='word_1_382' title='bbox 1355 2171 1413 2223; x_wconf 79' lang='lat' dir='ltr'>Meis</span> 
     </span>
     <span class='ocr_line' id='line_1_58' title="bbox 885 2243 1413 2312; baseline -0.011 -14"><span class='ocrx_word' id='word_1_383' title='bbox 885 2247 928 2310; x_wconf 89' lang='grc' dir='ltr'>ΙΙ,</span> <span class='ocrx_word' id='word_1_384' title='bbox 939 2248 956 2296; x_wconf 91' lang='grc'><strong>4</strong></span> <span class='ocrx_word' id='word_1_385' title='bbox 968 2247 1035 2311; x_wconf 89' lang='lat' dir='ltr'>ibiq.</span> <span class='ocrx_word' id='word_1_386' title='bbox 1053 2247 1181 2312; x_wconf 86' lang='lat' dir='ltr'>interprr.</span> <span class='ocrx_word' id='word_1_387' title='bbox 1204 2246 1285 2297; x_wconf 82' lang='lat' dir='ltr'>Cous.</span> <span class='ocrx_word' id='word_1_388' title='bbox 1302 2243 1413 2296; x_wconf 86' lang='lat' dir='ltr'>Niebuhr.</span> 
     </span>
     <span class='ocr_line' id='line_1_59' title="bbox 885 2313 1412 2382; baseline -0.009 -14"><span class='ocrx_word' id='word_1_389' title='bbox 885 2317 979 2368; x_wconf 85' lang='lat' dir='ltr'>Roem.</span> <span class='ocrx_word' id='word_1_390' title='bbox 995 2317 1092 2368; x_wconf 81' lang='lat' dir='ltr'>Gescb.</span> <span class='ocrx_word' id='word_1_391' title='bbox 1106 2318 1129 2367; x_wconf 90' lang='lat' dir='ltr'>l.</span> <span class='ocrx_word' id='word_1_392' title='bbox 1140 2332 1166 2382; x_wconf 88' lang='lat' dir='ltr'>p.</span> <span class='ocrx_word' id='word_1_393' title='bbox 1180 2316 1218 2369; x_wconf 90' lang='grc'>48</span> <span class='ocrx_word' id='word_1_394' title='bbox 1228 2324 1257 2366; x_wconf 88' lang='lat' dir='ltr'>et</span> <span class='ocrx_word' id='word_1_395' title='bbox 1268 2316 1341 2366; x_wconf 77' lang='lat' dir='ltr'>will.</span> <span class='ocrx_word' id='word_1_396' title='bbox 1354 2313 1412 2366; x_wconf 84' lang='lat' dir='ltr'>Geli:</span> 
     </span>
     <span class='ocr_line' id='line_1_60' title="bbox 885 2383 1475 2455; baseline -0.007 -17"><span class='ocrx_word' id='word_1_397' title='bbox 885 2385 1051 2452; x_wconf 75' lang='lat' dir='ltr'>Geogrsphy</span> <span class='ocrx_word' id='word_1_398' title='bbox 1068 2388 1121 2438; x_wconf 90' lang='lat' dir='ltr'>aud</span> <span class='ocrx_word' id='word_1_399' title='bbox 1132 2388 1273 2451; x_wconf 83' lang='lat' dir='ltr'>Itinerary</span> <span class='ocrx_word' id='word_1_400' title='bbox 1291 2386 1321 2437; x_wconf 81' lang='lat' dir='ltr'>oi</span> <span class='ocrx_word' id='word_1_401' title='bbox 1330 2383 1414 2436; x_wconf 79' lang='lat' dir='ltr'>lthdn</span> <span class='ocrx_word' id='word_1_402' title='bbox 1474 2450 1475 2455; x_wconf 12' lang='lat'>¹</span> 
     </span>
     <span class='ocr_line' id='line_1_61' title="bbox 885 2472 1475 2602; baseline -0.005 -26"><span class='ocrx_word' id='word_1_403' title='bbox 885 2472 903 2522; x_wconf 70' lang='lat' dir='ltr'>p</span> <span class='ocrx_word' id='word_1_404' title='bbox 921 2518 1009 2576; x_wconf 80' lang='grc' dir='ltr'><strong><em>πολλὰ</em></strong></span> <span class='ocrx_word' id='word_1_405' title='bbox 1021 2522 1088 2590; x_wconf 75' lang='grc' dir='ltr'><strong><em>λέγω</em></strong></span> <span class='ocrx_word' id='word_1_406' title='bbox 1099 2514 1165 2590; x_wconf 80' lang='grc' dir='ltr'>-ἡ</span> <span class='ocrx_word' id='word_1_407' title='bbox 1181 2515 1322 2592; x_wconf 69' lang='grc' dir='ltr'>ΤανριαηἹ</span> <span class='ocrx_word' id='word_1_408' title='bbox 1336 2521 1414 2602; x_wconf 70' lang='lat' dir='ltr'>„Idem</span> <span class='ocrx_word' id='word_1_409' title='bbox 1474 2514 1475 2582; x_wconf 55' lang='grc'><strong>4</strong></span> 
     </span>
     <span class='ocr_line' id='line_1_62' title="bbox 886 2593 1415 2659; baseline -0.009 -12"><span class='ocrx_word' id='word_1_410' title='bbox 886 2597 938 2648; x_wconf 91' lang='lat' dir='ltr'>hoc</span> <span class='ocrx_word' id='word_1_411' title='bbox 948 2596 1023 2648; x_wconf 78' lang='lat' dir='ltr'>velet</span> <span class='ocrx_word' id='word_1_412' title='bbox 1035 2613 1069 2647; x_wconf 80' lang='lat' dir='ltr'>sc</span> <span class='ocrx_word' id='word_1_413' title='bbox 1082 2597 1107 2647; x_wconf 91' lang='lat' dir='ltr'>si</span> <span class='ocrx_word' id='word_1_414' title='bbox 1120 2597 1250 2659; x_wconf 78' lang='lat' dir='ltr'>dixisset,</span> <span class='ocrx_word' id='word_1_415' title='bbox 1263 2593 1348 2646; x_wconf 76' lang='grc' dir='ltr'><strong><em>πολλὰ</em></strong></span> <span class='ocrx_word' id='word_1_416' title='bbox 1359 2594 1415 2643; x_wconf 74' lang='lat' dir='ltr'>our</span> 
     </span>
     <span class='ocr_line' id='line_1_63' title="bbox 887 2658 1414 2731; baseline -0.009 -15"><span class='ocrx_word' id='word_1_417' title='bbox 887 2662 954 2731; x_wconf 79' lang='grc' dir='ltr'><strong><em>λέγω</em></strong></span> <span class='ocrx_word' id='word_1_418' title='bbox 976 2658 1133 2731; x_wconf 71' lang='grc' dir='ltr'><strong><em>παρόμοια,</em></strong></span> <span class='ocrx_word' id='word_1_419' title='bbox 1158 2660 1202 2724; x_wconf 87' lang='grc' dir='ltr'><strong><em>οἷς</em></strong></span> <span class='ocrx_word' id='word_1_420' title='bbox 1224 2658 1333 2730; x_wconf 64' lang='lat' dir='ltr'>fossori</span> <span class='ocrx_word' id='word_1_421' title='bbox 1354 2663 1414 2714; x_wconf 84' lang='grc' dir='ltr'><strong><em>Ταυ-</em></strong></span> 
     </span>
     <span class='ocr_line' id='line_1_64' title="bbox 888 2728 1414 2802; baseline -0.006 -17"><span class='ocrx_word' id='word_1_422' title='bbox 888 2729 983 2802; x_wconf 83' lang='grc' dir='ltr'>ρική.“</span> <span class='ocrx_word' id='word_1_423' title='bbox 1018 2737 1190 2801; x_wconf 72' lang='lat' dir='ltr'>Scdrreipb.</span> <span class='ocrx_word' id='word_1_424' title='bbox 1221 2737 1330 2801; x_wconf 86' lang='lat' dir='ltr'>Reliqui</span> <span class='ocrx_word' id='word_1_425' title='bbox 1346 2728 1414 2794; x_wconf 73' lang='grc' dir='ltr'><strong><em>ἔοικε,</em></strong></span> 
     </span>
     <span class='ocr_line' id='line_1_65' title="bbox 887 2804 1415 2873; baseline 0 -16"><span class='ocrx_word' id='word_1_426' title='bbox 887 2807 960 2873; x_wconf 92' lang='lat' dir='ltr'>quod</span> <span class='ocrx_word' id='word_1_427' title='bbox 979 2823 1072 2859; x_wconf 88' lang='lat' dir='ltr'>omnes</span> <span class='ocrx_word' id='word_1_428' title='bbox 1093 2807 1229 2872; x_wconf 88' lang='lat' dir='ltr'>praebent</span> <span class='ocrx_word' id='word_1_429' title='bbox 1249 2807 1314 2857; x_wconf 88' lang='lat' dir='ltr'>libri</span> <span class='ocrx_word' id='word_1_430' title='bbox 1327 2804 1415 2869; x_wconf 72' lang='lat' dir='ltr'>scripti,</span> 
     </span>
     <span class='ocr_line' id='line_1_66' title="bbox 887 2875 1415 2942; baseline -0.013 -15"><span class='ocrx_word' id='word_1_431' title='bbox 887 2883 919 2928; x_wconf 87' lang='lat' dir='ltr'>ut</span> <span class='ocrx_word' id='word_1_432' title='bbox 935 2877 992 2942; x_wconf 89' lang='grc' dir='ltr'>ΙΙΙ,</span> <span class='ocrx_word' id='word_1_433' title='bbox 1007 2879 1051 2928; x_wconf 78' lang='lat'>71.</span> <span class='ocrx_word' id='word_1_434' title='bbox 1064 2877 1119 2940; x_wconf 87' lang='lat' dir='ltr'>IV,</span> <span class='ocrx_word' id='word_1_435' title='bbox 1139 2875 1187 2939; x_wconf 79' lang='lat'>31,</span> <span class='ocrx_word' id='word_1_436' title='bbox 1207 2876 1258 2927; x_wconf 88' lang='lat' dir='ltr'>ubi</span> <span class='ocrx_word' id='word_1_437' title='bbox 1274 2876 1344 2927; x_wconf 81' lang='lat' dir='ltr'>conf.</span> <span class='ocrx_word' id='word_1_438' title='bbox 1358 2877 1415 2924; x_wconf 87' lang='lat' dir='ltr'>nott.</span> 
     </span>
     <span class='ocr_line' id='line_1_67' title="bbox 887 2945 1415 3013; baseline -0.004 -16"><span class='ocrx_word' id='word_1_439' title='bbox 887 2948 1013 2998; x_wconf 87' lang='lat' dir='ltr'>Retiuuit</span> <span class='ocrx_word' id='word_1_440' title='bbox 1044 2947 1116 2997; x_wconf 88' lang='lat' dir='ltr'>idem</span> <span class='ocrx_word' id='word_1_441' title='bbox 1148 2962 1260 3013; x_wconf 91' lang='lat' dir='ltr'>quoqne</span> <span class='ocrx_word' id='word_1_442' title='bbox 1284 2945 1415 2998; x_wconf 83' lang='lat' dir='ltr'>Behkerus·</span> 
     </span>
     <span class='ocr_line' id='line_1_68' title="bbox 888 3011 1416 3068; baseline -0.004 0"><span class='ocrx_word' id='word_1_443' title='bbox 888 3017 942 3068; x_wconf 79' lang='lat' dir='ltr'>Sed</span> <span class='ocrx_word' id='word_1_444' title='bbox 966 3011 1027 3067; x_wconf 79' lang='grc' dir='ltr'><strong><em>οἶκε</em></strong></span> <span class='ocrx_word' id='word_1_445' title='bbox 1050 3016 1236 3068; x_wconf 84' lang='lat' dir='ltr'>exhibuerunt</span> <span class='ocrx_word' id='word_1_446' title='bbox 1257 3015 1377 3068; x_wconf 81' lang='lat' dir='ltr'>Dindorf.</span> <span class='ocrx_word' id='word_1_447' title='bbox 1395 3015 1416 3062; x_wconf 78' lang='lat' dir='ltr'>et</span> 
     </span>
     <span class='ocr_line' id='line_1_69' title="bbox 888 3087 1276 3139; baseline 0 -2"><span class='ocrx_word' id='word_1_448' title='bbox 888 3087 1012 3139; x_wconf 87' lang='lat' dir='ltr'>Dietsch.</span> <span class='ocrx_word' id='word_1_449' title='bbox 1274 3111 1276 3114; x_wconf 96' lang='lat'>·</span> 
     </span>
    </p>
   </div>
   <div class='ocr_carea' id='block_1_11' title="bbox 1106 3260 1216 3313">
    <p class='ocr_par' dir='ltr' id='par_1_15' title="bbox 1106 3260 1216 3313">
     <span class='ocr_line' id='line_1_70' title="bbox 1106 3260 1216 3313; baseline 0.018 -3"><span class='ocrx_word' id='word_1_450' title='bbox 1106 3260 1171 3313; x_wconf 74' lang='lat' dir='ltr'>cir.</span> <span class='ocrx_word' id='word_1_451' title='bbox 1185 3260 1216 3312; x_wconf 79' lang='grc' dir='ltr'>Ο.</span> 
     </span>
    </p>
   </div>
   <div class='ocr_carea' id='block_1_12' title="bbox 886 3353 1475 4554">
    <p class='ocr_par' dir='ltr' id='par_1_16' title="bbox 886 3353 1475 4554">
     <span class='ocr_line' id='line_1_71' title="bbox 926 3353 1415 3430; baseline -0.008 -16"><span class='ocrx_word' id='word_1_452' title='bbox 926 3357 967 3415; x_wconf 88' lang='grc' dir='ltr'>Τὸ</span> <span class='ocrx_word' id='word_1_453' title='bbox 981 3354 1011 3414; x_wconf 80' lang='grc' dir='ltr'>δ’</span> <span class='ocrx_word' id='word_1_454' title='bbox 1025 3354 1084 3414; x_wconf 71' lang='grc' dir='ltr'>ἀπὸ</span> <span class='ocrx_word' id='word_1_455' title='bbox 1095 3362 1146 3430; x_wconf 79' lang='grc' dir='ltr'>τῆς</span> <span class='ocrx_word' id='word_1_456' title='bbox 1161 3361 1309 3429; x_wconf 80' lang='grc' dir='ltr'><strong><em>Ταυρικῆς</em></strong></span> <span class='ocrx_word' id='word_1_457' title='bbox 1321 3378 1344 3412; x_wconf 77' lang='grc' dir='ltr'>κ.</span> <span class='ocrx_word' id='word_1_458' title='bbox 1354 3376 1374 3410; x_wconf 86' lang='grc' dir='ltr'>τ.</span> <span class='ocrx_word' id='word_1_459' title='bbox 1387 3353 1415 3422; x_wconf 81' lang='grc' dir='ltr'>λ]</span> 
     </span>
     <span class='ocr_line' id='line_1_72' title="bbox 886 3425 1415 3497; baseline -0.017 -9"><span class='ocrx_word' id='word_1_460' title='bbox 886 3437 949 3488; x_wconf 80' lang='lat' dir='ltr'>Non</span> <span class='ocrx_word' id='word_1_461' title='bbox 960 3434 1150 3497; x_wconf 55' lang='lat' dir='ltr'>aliterltnss:</span> <span class='ocrx_word' id='word_1_462' title='bbox 1163 3427 1193 3485; x_wconf 84' lang='grc' dir='ltr'>τὸ</span> <span class='ocrx_word' id='word_1_463' title='bbox 1203 3428 1236 3484; x_wconf 69' lang='grc' dir='ltr'>δὲ</span> <span class='ocrx_word' id='word_1_464' title='bbox 1247 3425 1306 3483; x_wconf 78' lang='grc' dir='ltr'><strong><em>σὶτιό</em></strong></span> <span class='ocrx_word' id='word_1_465' title='bbox 1319 3431 1415 3495; x_wconf 65' lang='lat' dir='ltr'>rorone</span> 
     </span>
     <span class='ocr_line' id='line_1_73' title="bbox 888 3499 1417 3558; baseline -0.013 0"><span class='ocrx_word' id='word_1_466' title='bbox 888 3507 989 3558; x_wconf 86' lang='lat' dir='ltr'>Sensus</span> <span class='ocrx_word' id='word_1_467' title='bbox 1002 3509 1057 3555; x_wconf 89' lang='lat' dir='ltr'>est:</span> <span class='ocrx_word' id='word_1_468' title='bbox 1079 3504 1172 3556; x_wconf 79' lang='lat' dir='ltr'>indes</span> <span class='ocrx_word' id='word_1_469' title='bbox 1184 3505 1307 3556; x_wconf 83' lang='lat' dir='ltr'>Taurica</span> <span class='ocrx_word' id='word_1_470' title='bbox 1319 3499 1417 3553; x_wconf 75' lang='lat' dir='ltr'>ulterius</span> 
     </span>
     <span class='ocr_line' id='line_1_74' title="bbox 886 3569 1416 3643; baseline -0.017 -17"><span class='ocrx_word' id='word_1_471' title='bbox 886 3575 1071 3643; x_wconf 75' lang='lat' dir='ltr'>progredienti</span> <span class='ocrx_word' id='word_1_472' title='bbox 1094 3576 1259 3639; x_wconf 79' lang='lat' dir='ltr'>Scytharum</span> <span class='ocrx_word' id='word_1_473' title='bbox 1280 3579 1323 3626; x_wconf 86' lang='lat' dir='ltr'>est</span> <span class='ocrx_word' id='word_1_474' title='bbox 1345 3569 1416 3636; x_wconf 74' lang='lat' dir='ltr'>regio,</span> 
     </span>
     <span class='ocr_line' id='line_1_75' title="bbox 888 3641 1417 3713; baseline -0.017 -15"><span class='ocrx_word' id='word_1_475' title='bbox 888 3648 935 3713; x_wconf 90' lang='lat' dir='ltr'>qni</span> <span class='ocrx_word' id='word_1_476' title='bbox 950 3651 977 3696; x_wconf 90' lang='lat' dir='ltr'>et</span> <span class='ocrx_word' id='word_1_477' title='bbox 988 3644 1049 3696; x_wconf 90' lang='lat' dir='ltr'>locs</span> <span class='ocrx_word' id='word_1_478' title='bbox 1060 3643 1134 3696; x_wconf 88' lang='lat' dir='ltr'>ultra</span> <span class='ocrx_word' id='word_1_479' title='bbox 1148 3647 1257 3697; x_wconf 87' lang='lat' dir='ltr'>Tauros</span> <span class='ocrx_word' id='word_1_480' title='bbox 1272 3645 1327 3694; x_wconf 87' lang='lat' dir='ltr'>sits</span> <span class='ocrx_word' id='word_1_481' title='bbox 1338 3641 1417 3692; x_wconf 81' lang='lat' dir='ltr'>teuent</span> 
     </span>
     <span class='ocr_line' id='line_1_76' title="bbox 886 3710 1417 3782; baseline -0.004 -16"><span class='ocrx_word' id='word_1_482' title='bbox 886 3719 917 3782; x_wconf 91' lang='lat' dir='ltr'>(i.</span> <span class='ocrx_word' id='word_1_483' title='bbox 935 3716 1115 3782; x_wconf 74' lang='lat' dir='ltr'>eregionem</span> <span class='ocrx_word' id='word_1_484' title='bbox 1135 3732 1152 3766; x_wconf 91' lang='lat' dir='ltr'>s</span> <span class='ocrx_word' id='word_1_485' title='bbox 1171 3715 1300 3767; x_wconf 81' lang='lat' dir='ltr'>Crimaes</span> <span class='ocrx_word' id='word_1_486' title='bbox 1320 3710 1417 3780; x_wconf 76' lang='lat' dir='ltr'>paenit-</span> 
     </span>
     <span class='ocr_line' id='line_1_77' title="bbox 887 3786 1416 3851; baseline -0.002 -13"><span class='ocrx_word' id='word_1_487' title='bbox 887 3786 948 3839; x_wconf 91' lang='lat' dir='ltr'>sula</span> <span class='ocrx_word' id='word_1_488' title='bbox 971 3788 1184 3851; x_wconf 88' lang='lat' dir='ltr'>septentrionem</span> <span class='ocrx_word' id='word_1_489' title='bbox 1215 3800 1313 3838; x_wconf 83' lang='lat' dir='ltr'>versus</span> <span class='ocrx_word' id='word_1_490' title='bbox 1338 3793 1416 3849; x_wconf 74' lang='lat' dir='ltr'>ports</span> 
     </span>
     <span class='ocr_line' id='line_1_78' title="bbox 888 3846 1416 3923; baseline -0.015 -15"><span class='ocrx_word' id='word_1_491' title='bbox 888 3854 973 3921; x_wconf 81' lang='lat' dir='ltr'>ctam)</span> <span class='ocrx_word' id='word_1_492' title='bbox 988 3861 1015 3907; x_wconf 92' lang='lat' dir='ltr'>et</span> <span class='ocrx_word' id='word_1_493' title='bbox 1033 3856 1109 3920; x_wconf 88' lang='lat' dir='ltr'>locs,</span> <span class='ocrx_word' id='word_1_494' title='bbox 1126 3872 1198 3923; x_wconf 91' lang='lat' dir='ltr'>quae</span> <span class='ocrx_word' id='word_1_495' title='bbox 1215 3870 1292 3907; x_wconf 78' lang='lat' dir='ltr'>mure</span> <span class='ocrx_word' id='word_1_496' title='bbox 1308 3846 1416 3904; x_wconf 75' lang='lat' dir='ltr'>austrsle</span> 
     </span>
     <span class='ocr_line' id='line_1_79' title="bbox 920 3922 1475 3984; baseline -0.016 -6"><span class='ocrx_word' id='word_1_497' title='bbox 920 3928 948 3978; x_wconf 90' lang='lat' dir='ltr'>ui</span> <span class='ocrx_word' id='word_1_498' title='bbox 959 3931 1002 3977; x_wconf 88' lang='lat' dir='ltr'>est</span> <span class='ocrx_word' id='word_1_499' title='bbox 1014 3926 1119 3978; x_wconf 91' lang='lat' dir='ltr'>Pontus</span> <span class='ocrx_word' id='word_1_500' title='bbox 1131 3926 1269 3977; x_wconf 85' lang='lat' dir='ltr'>Euxinus:</span> <span class='ocrx_word' id='word_1_501' title='bbox 1287 3925 1342 3977; x_wconf 82' lang='lat' dir='ltr'>rid.</span> <span class='ocrx_word' id='word_1_502' title='bbox 1356 3922 1416 3972; x_wconf 81' lang='lat' dir='ltr'>nott·</span> <span class='ocrx_word' id='word_1_503' title='bbox 1474 3967 1475 3984; x_wconf 69' lang='lat'>,</span> 
     </span>
     <span class='ocr_line' id='line_1_80' title="bbox 888 3990 1475 4061; baseline -0.019 -13"><span class='ocrx_word' id='word_1_504' title='bbox 888 3998 923 4048; x_wconf 91' lang='lat' dir='ltr'>ad</span> <span class='ocrx_word' id='word_1_505' title='bbox 939 3998 987 4059; x_wconf 88' lang='lat' dir='ltr'>IV,</span> <span class='ocrx_word' id='word_1_506' title='bbox 997 3995 1042 4061; x_wconf 80' lang='lat'>99)</span> <span class='ocrx_word' id='word_1_507' title='bbox 1056 4012 1152 4048; x_wconf 82' lang='lat' dir='ltr'>versus</span> <span class='ocrx_word' id='word_1_508' title='bbox 1165 3996 1346 4049; x_wconf 86' lang='lat' dir='ltr'>extenduntur</span> <span class='ocrx_word' id='word_1_509' title='bbox 1356 3990 1383 4052; x_wconf 86' lang='lat' dir='ltr'>(i.</span> <span class='ocrx_word' id='word_1_510' title='bbox 1393 4003 1412 4038; x_wconf 87' lang='lat' dir='ltr'>e.</span> <span class='ocrx_word' id='word_1_511' title='bbox 1474 3999 1475 4002; x_wconf 76' lang='grc'>’</span> 
     </span>
     <span class='ocr_line' id='line_1_81' title="bbox 889 4061 1416 4131; baseline -0.023 -13"><span class='ocrx_word' id='word_1_512' title='bbox 889 4081 964 4118; x_wconf 87' lang='lat' dir='ltr'>oram</span> <span class='ocrx_word' id='word_1_513' title='bbox 981 4067 1064 4116; x_wconf 89' lang='lat' dir='ltr'>Ponti</span> <span class='ocrx_word' id='word_1_514' title='bbox 1086 4067 1217 4131; x_wconf 81' lang='lat' dir='ltr'>Euxini),</span> <span class='ocrx_word' id='word_1_515' title='bbox 1240 4066 1275 4117; x_wconf 79' lang='lat' dir='ltr'>ab</span> <span class='ocrx_word' id='word_1_516' title='bbox 1290 4061 1416 4115; x_wconf 77' lang='lat' dir='ltr'>occidente</span> 
     </span>
     <span class='ocr_line' id='line_1_82' title="bbox 888 4133 1416 4202; baseline -0.017 -14"><span class='ocrx_word' id='word_1_517' title='bbox 888 4137 1006 4201; x_wconf 85' lang='lat' dir='ltr'>Bospori</span> <span class='ocrx_word' id='word_1_518' title='bbox 1020 4137 1158 4188; x_wconf 79' lang='lat' dir='ltr'>Cimmerii</span> <span class='ocrx_word' id='word_1_519' title='bbox 1174 4141 1202 4187; x_wconf 90' lang='lat' dir='ltr'>et</span> <span class='ocrx_word' id='word_1_520' title='bbox 1220 4135 1327 4202; x_wconf 88' lang='lat' dir='ltr'>paludis</span> <span class='ocrx_word' id='word_1_521' title='bbox 1337 4133 1416 4182; x_wconf 72' lang='lat' dir='ltr'>Maec</span> 
     </span>
     <span class='ocr_line' id='line_1_83' title="bbox 888 4198 1415 4272; baseline -0.021 -15"><span class='ocrx_word' id='word_1_522' title='bbox 888 4208 961 4258; x_wconf 85' lang='lat' dir='ltr'>ticae</span> <span class='ocrx_word' id='word_1_523' title='bbox 973 4207 1028 4259; x_wconf 86' lang='lat' dir='ltr'>sita</span> <span class='ocrx_word' id='word_1_524' title='bbox 1038 4222 1123 4272; x_wconf 88' lang='lat' dir='ltr'>usqne</span> <span class='ocrx_word' id='word_1_525' title='bbox 1135 4207 1171 4256; x_wconf 91' lang='lat' dir='ltr'>ad</span> <span class='ocrx_word' id='word_1_526' title='bbox 1181 4207 1300 4257; x_wconf 84' lang='lat' dir='ltr'>Tanain:</span> <span class='ocrx_word' id='word_1_527' title='bbox 1318 4201 1364 4269; x_wconf 90' lang='lat' dir='ltr'>qui</span> <span class='ocrx_word' id='word_1_528' title='bbox 1376 4198 1415 4247; x_wconf 86' lang='lat' dir='ltr'>dn·</span> 
     </span>
     <span class='ocr_line' id='line_1_84' title="bbox 888 4271 1415 4342; baseline -0.025 -13"><span class='ocrx_word' id='word_1_529' title='bbox 888 4278 950 4329; x_wconf 81' lang='lat' dir='ltr'>vius</span> <span class='ocrx_word' id='word_1_530' title='bbox 970 4281 1119 4328; x_wconf 87' lang='lat' dir='ltr'>extremum</span> <span class='ocrx_word' id='word_1_531' title='bbox 1137 4276 1265 4342; x_wconf 84' lang='lat' dir='ltr'>Scythiae</span> <span class='ocrx_word' id='word_1_532' title='bbox 1286 4271 1415 4324; x_wconf 86' lang='lat' dir='ltr'>terminum</span> 
     </span>
     <span class='ocr_line' id='line_1_85' title="bbox 889 4343 1415 4403; baseline -0.011 -6"><span class='ocrx_word' id='word_1_533' title='bbox 889 4348 1020 4398; x_wconf 82' lang='lat' dir='ltr'>orientem</span> <span class='ocrx_word' id='word_1_534' title='bbox 1031 4362 1126 4399; x_wconf 81' lang='lat' dir='ltr'>versus</span> <span class='ocrx_word' id='word_1_535' title='bbox 1138 4346 1288 4398; x_wconf 86' lang='lat' dir='ltr'>constituit.</span> <span class='ocrx_word' id='word_1_536' title='bbox 1306 4343 1415 4403; x_wconf 70' lang='lat' dir='ltr'>Namque</span> 
     </span>
     <span class='ocr_line' id='line_1_86' title="bbox 889 4411 1415 4483; baseline -0.021 -15"><span class='ocrx_word' id='word_1_537' title='bbox 889 4417 1044 4483; x_wconf 74' lang='lat' dir='ltr'>Scythium,</span> <span class='ocrx_word' id='word_1_538' title='bbox 1066 4416 1173 4483; x_wconf 78' lang='lat' dir='ltr'>qnolem</span> <span class='ocrx_word' id='word_1_539' title='bbox 1181 4416 1238 4468; x_wconf 80' lang='lat' dir='ltr'>sibi</span> <span class='ocrx_word' id='word_1_540' title='bbox 1251 4415 1328 4465; x_wconf 87' lang='lat' dir='ltr'>tinxit</span> <span class='ocrx_word' id='word_1_541' title='bbox 1340 4411 1415 4460; x_wconf 70' lang='lat' dir='ltr'>Here</span> 
     </span>
     <span class='ocr_line' id='line_1_87' title="bbox 889 4477 1413 4554; baseline -0.01 -16"><span class='ocrx_word' id='word_1_542' title='bbox 889 4488 989 4554; x_wconf 87' lang='lat' dir='ltr'>dotus,</span> <span class='ocrx_word' id='word_1_543' title='bbox 1021 4487 1056 4538; x_wconf 88' lang='lat' dir='ltr'>ab</span> <span class='ocrx_word' id='word_1_544' title='bbox 1085 4489 1191 4540; x_wconf 88' lang='lat' dir='ltr'>criente</span> <span class='ocrx_word' id='word_1_545' title='bbox 1214 4483 1326 4537; x_wconf 87' lang='lat' dir='ltr'>includit</span> <span class='ocrx_word' id='word_1_546' title='bbox 1347 4477 1413 4547; x_wconf 73' lang='lat' dir='ltr'>pelut</span> 
     </span>
    </p>
   </div>
   <div class='ocr_carea' id='block_1_13' title="bbox 0 0 1539 5125">
    <p class='ocr_par' dir='ltr' id='par_1_17' title="bbox 0 0 1539 5125">
     <span class='ocr_line' id='line_1_88' title="bbox 0 0 1539 5125; baseline 0 0"><span class='ocrx_word' id='word_1_547' title='bbox 0 0 1539 5125; x_wconf 95' lang='lat' dir='ltr'> </span> 
     </span>
    </p>
   </div>
  </div>
 </body>
</html>
