3042 5125
488 387 554 452 ΑΙ)
575 383 828 450 HERODOT.
847 386 915 462 111,
934 393 980 451 70.
1240 378 1301 448 681

158 584 220 637 iam
234 581 268 636 ud
282 580 306 648 1,
321 583 381 635 125.
392 578 455 633 Vol.
469 579 492 632 Ι.
505 595 569 649 peg.
584 578 634 632 261
646 574 811 630 monuimus.
840 576 1063 632 Achaemeniden
1081 594 1112 630 se
1124 595 1187 632 esse
1201 577 1304 648 gloriu-

160 674 215 722 tur
231 666 335 719 Darius
356 669 411 718 tem
427 664 457 717 in
468 663 608 716 Bisutunu
626 660 807 732 inscriptione
823 676 904 731 quum
921 661 949 713 in
968 659 1029 715 eliis
1050 663 1235 735 compluribus
1252 680 1304 717 nu·

160 771 218 825 per
246 750 374 819 cognitis.
405 747 538 819 Reliquos
562 746 637 801 viros
653 763 715 800 cum
733 746 796 815 ipso
819 745 981 799 coniunctos
999 763 1055 817 quo
1073 748 1164 801 minus
1182 754 1211 802 et
1225 748 1305 818 ipsos

122 852 130 863 ·
162 834 383 892 Achaemenides
394 833 484 887 fuisse
496 837 658 900 statuemus,
674 830 740 902 quid
750 830 884 901 impediti
896 830 965 883 Cum
980 831 1058 900 regia
1075 832 1152 886 domo
1170 841 1304 902 cognatos

161 922 257 976 fuisse
273 920 427 989 affinesque
438 917 503 971 inde
515 917 657 987 probatur,
672 914 747 986 quod
757 914 864 969 Otaces
876 914 957 969 filiun
971 932 1048 970 suam
1060 917 1190 986 Cambysi
1204 919 1305 989 nuptui

162 1007 300 1072 dederat,
317 997 475 1073 Otanisqud
486 1002 562 1056 filius
578 1001 710 1072 Onopbss
727 1018 752 1053 s.
768 999 898 1070 Anupbus
913 998 1104 1071 Amestridem,
1120 1002 1201 1057 filiam
1216 1020 1303 1072 suam,

161 1091 253 1146 Xerxi
266 1088 353 1143 datin
367 1087 576 1141 matrimonium.
607 1085 689 1156 Apud
700 1084 914 1139 Achaemenides
933 1102 1044 1157 quoque
1065 1105 1181 1157 regnum
1196 1105 1305 1161 semper

163 1177 259 1231 fuisse
275 1175 346 1228 idem
360 1173 464 1226 Darius
478 1171 558 1225 initio
578 1170 769 1241 inscriptionis
786 1170 942 1223 Bisutuuae
961 1170 1110 1243 eloquitur.
1143 1173 1242 1245 ltaque
1259 1191 1305 1227 se·

165 1268 242 1333 ptem
259 1258 400 1330 principes
414 1256 688 1325 Achaemenidurum,
703 1255 732 1308 iu
748 1260 852 1326 septem
865 1255 938 1309 haud
954 1255 1012 1309 scio
1027 1273 1062 1309 an
1078 1256 1170 1312 tribus
1189 1258 1303 1312 s.fu1ui-

165 1347 222 1400 lius
240 1343 446 1411 distinctarum,
467 1358 527 1395 cum
539 1357 633 1410 magos
648 1357 739 1394 rerum
753 1340 858 1410 potitos
872 1357 959 1410 seque
973 1340 1050 1410 ipsos
1068 1359 1154 1411 regno
1169 1342 1303 1414 spoliatos

166 1431 322 1495 vidissent,
344 1427 418 1482 inter
437 1443 469 1480 se
492 1425 658 1480 convenisse
683 1425 806 1479 existimo
831 1425 915 1497 idque
939 1425 1134 1495 constituisse,
1158 1436 1190 1481 ut
1211 1446 1303 1482 omnes

169 1516 247 1570 viros
261 1530 355 1580 magos
372 1512 507 1583 pellerent
524 1527 694 1580 regnumque
710 1510 744 1562 ad
760 1526 838 1563 suum
854 1510 982 1580 stirpem,
999 1509 1142 1580 legitimum
1157 1513 1229 1567 illum
1241 1514 1302 1585 qui·

168 1601 246 1667 dem,
265 1594 455 1665 reserrent*);
479 1613 530 1649 nec
544 1595 641 1649 mirum
658 1593 721 1649 illos
738 1612 817 1663 mago
834 1596 982 1648 interfecto
1001 1612 1084 1650 uuum
1102 1615 1117 1650 e
1135 1598 1196 1651 suis
1211 1616 1304 1667 regem

167 1682 368 1751 constituisse,
383 1685 528 1750 cognatum
538 1679 680 1750 prioribus
691 1679 822 1748 regibus,
840 1680 916 1748 Cyro
928 1685 957 1732 et
967 1679 1112 1751 Cambysi,
1127 1681 1176 1752 qui
1189 1683 1225 1735 ad
1238 1699 1303 1736 eau-

168 1772 231 1825 dem
242 1765 499 1821 Achaemeniderum
515 1765 629 1834 stirpem
646 1763 801 1834 pertinent,
818 1763 852 1816 ad
870 1780 950 1834 quam
961 1763 1064 1818 Durius
1082 1784 1180 1820 recens
1199 1766 1303 1820 consti·

167 1860 249 1909 tutus
261 1870 310 1906 rex
320 1860 349 1904 et
362 1851 422 1921 ipse
433 1850 568 1920 pertinet3
580 1850 653 1902 cont'.
663 1849 798 1902 Herodot.
815 1847 878 1915 VII,
896 1852 927 1903 ll
939 1848 1033 1920 ibique
1047 1855 1117 1904 nott.
1144 1850 1220 1919 Cyro
1232 1851 1303 1905 enim

166 1946 198 1995 et
213 1938 349 2005 cambyse
357 1941 480 2001 mortuo,
497 1951 557 1988 cum
568 1933 637 1987 nulli
646 1938 828 2003 superessent
838 1933 900 2001 tilii,
914 1934 962 2005 qui
973 1951 1089 2004 reguum
1100 1934 1219 2004 legitimo
1230 1954 1303 1991 more

168 2023 345 2094 exciperent,
365 2020 400 2073 ad
417 2018 530 2073 alteram
540 2017 800 2072 Achaemenidarum
816 2018 957 2087 familiam,
977 2035 1047 2089 quae
1065 2021 1216 2091 Hystaspis
1233 2027 1303 2091 erut,

168 2125 288 2178 regnum
299 2105 409 2159 devolvi
421 2110 635 2158 consentaneum
649 2103 805 2157 ridebatur.
821 2103 865 2156 Ex
878 2104 927 2158 bac
937 2104 1024 2174 igitur
1034 2104 1143 2174 familia,
1154 2106 1242 2177 priori
1256 2125 1303 2161 ex-

140 2195 288 2261 estineta,
306 2208 399 2259 regem
414 2190 585 2243 constituere
600 2205 651 2259 pur
672 2193 746 2242 erat:
772 2204 863 2258 neque
878 2188 953 2243 uliud
969 2207 1037 2243 sane
1056 2190 1157 2244 fecisse
1174 2191 1304 2247 videntur

168 2279 211 2334 illi
222 2283 327 2347 septem
338 2276 485 2329 Persarum
499 2272 654 2345 principes,
672 2273 727 2326 nisi
738 2277 770 2326 ut
784 2271 933 2341 legitimum
947 2275 1027 2345 regni
1039 2275 1161 2330 ordinem
1172 2276 1303 2331 restitue·

168 2368 236 2419 rent
245 2377 394 2432 regemque
411 2376 472 2415 euru
488 2359 682 2425 instituerent,
701 2357 736 2411 ad
753 2374 834 2429 quem
851 2377 967 2428 regnum
981 2359 1084 2414 deterri
1095 2361 1199 2416 iustum
1214 2366 1242 2415 et
1258 2380 1303 2416 ec-

169 2464 256 2520 quum
271 2452 356 2501 esset.
389 2445 454 2508 Qua
465 2444 493 2497 in
505 2443 575 2497 reid
587 2459 670 2497 unum
679 2443 801 2511 mireris,
814 2444 888 2515 quod
900 2463 955 2499 non
966 2446 1132 2517 Hystaspem
1143 2446 1242 2518 ipsum,
1255 2448 1304 2518 qui

169 2540 229 2588 tum
241 2530 366 2587 Persidis
378 2534 489 2602 satrapa
504 2528 572 2597 fuit,
588 2528 650 2600 ipso
667 2531 739 2583 teste
748 2528 891 2584 Herodoto
901 2530 959 2599 111,
975 2532 1026 2599 70,
1043 2531 1078 2585 ad
1092 2549 1208 2602 regnum
1223 2550 1304 2589 vocu-

170 2619 242 2687 rint,
257 2617 308 2671 sed
320 2616 447 2684 Darium,
458 2613 546 2688 ,huius
562 2614 661 2668 fllium:
682 2614 736 2667 uisi
749 2614 940 2683 cogitandum,
955 2621 1077 2686 patrem,
1101 2619 1151 2688 qui
1162 2619 1191 2671 in
1209 2618 1304 2674 coniu-

169 2709 294 2760 ratorum
314 2718 426 2756 numero
443 2699 499 2754 non
516 2699 586 2768 suit,
608 2699 808 2770 provectiorem
830 2704 919 2753 aetate
939 2701 1028 2755 tuisse
1050 2706 1098 2755 aut
1120 2708 1195 2757 certe
1213 2704 1304 2759 miuus

170 2794 280 2860 aptum,
295 2787 344 2858 qui
361 2804 395 2840 ea
410 2785 582 2855 susciperet,
599 2800 671 2854 quae
683 2783 772 2837 virum
788 2789 878 2838 aetate
890 2785 1048 2853 florentem,
1067 2788 1165 2841 sortem
1182 2805 1214 2842 ac
1231 2792 1305 2843 stre·

171 2890 257 2928 nuum
270 2876 432 2944 poscerent,
451 2870 557 2941 qualem
572 2868 699 2935 Durium,
718 2870 807 2922 virum
820 2869 962 2940 iuvenem,
981 2874 1038 2925 tum
1057 2871 1147 2926 fuisse
1163 2873 1305 2945 probabile

171 2965 226 3013 est.
248 2959 331 3012 Hunc
348 2957 435 3025 igitur
448 2954 562 3008 Darium
574 2971 590 3007 u
601 2953 719 3007 caeteris
734 2953 909 3025 principibus
920 2956 1072 3010 coniuratis
1086 2956 1221 3012 adscitum
1236 2964 1265 3014 et
1275 2960 1304 3014 in

171 3044 377 3112 coniuratorum
393 3056 534 3094 numerum
551 3045 690 3110 receptum
711 3043 799 3109 (teste
809 3040 952 3094 Herodoto
971 3040 1014 3093 111
1022 3081 1031 3111 ,
1046 3040 1095 3111 70)
1112 3041 1177 3098 inde
1193 3061 1306 3116 quoque
1380 3041 1384 3048 ’

170 3146 260 3198 regno
271 3125 476 3182 Achaemenidis
490 3125 622 3178 restituto
643 3124 678 3179 ud
697 3125 800 3194 regium
814 3124 976 3195 dignitatem
995 3132 1119 3182 evectum
1138 3146 1217 3199 esse,
1239 3129 1306 3184 nihil

171 3216 297 3284 profecto
310 3218 368 3280 est,
387 3211 461 3282 quod
477 3210 620 3279 miremur,
638 3210 772 3280 cumipse
787 3229 833 3264 res
844 3211 925 3281 regni
942 3211 1009 3266 ordo
1020 3213 1062 3267 sic
1072 3214 1147 3268 serre
1163 3214 1306 3271 ridenturc

172 3316 224 3353 nec
237 3297 324 3367 magis
334 3295 505 3365 mirabimur,
525 3296 648 3365 reliquos
659 3295 860 3367 sexprincipes
876 3296 1051 3366 coniuratos,
1070 3299 1118 3369 qui
1129 3301 1241 3368 generis
1255 3319 1306 3355 no·

170 3383 279 3439 bilitete
296 3400 328 3436 ac
338 3382 473 3452 dignitate
484 3381 531 3435 vix
542 3380 690 3434 inferiores
700 3380 786 3435 Dario
798 3387 907 3450 essent,
921 3381 971 3437 sed
986 3400 1068 3455 peres
1078 3384 1168 3438 fuisse
1178 3385 1306 3441 videreu-

171 3475 236 3538 tur,
255 3474 298 3523 tot
309 3471 443 3538 tantaque
460 3465 515 3520 sibi
528 3482 689 3520 reservasse
701 3464 865 3536 privilegia,
884 3466 977 3537 quelia
994 3473 1160 3523 enarrantur
1172 3472 1206 3525 ub
1216 3471 1306 3525 Hero-

172 3555 237 3608 doto
248 3554 306 3620 111,
320 3555 355 3607 84
365 3568 454 3622 seqq,
470 3550 518 3604 ubi
529 3550 585 3604 rid.
597 3554 697 3603 notatt.

243 3718 272 3785 *)
288 3717 367 3770 conf.
383 3717 468 3769 etiem
486 3714 628 3768 Dunclrer:
649 3712 814 3766 Geschichta
827 3713 854 3766 d.
873 3714 990 3769 Altertb.
1010 3716 1049 3769 11.
1068 3717 1193 3785 pecora
1210 3720 1305 3771 etutd.

172 3804 244 3857 quse
256 3788 292 3839 ed
304 3786 406 3841 Herod.
421 3786 475 3853 111,
488 3785 532 3838 7³.
542 3800 606 3853 ρας.
621 3785 670 3837 144
680 3788 779 3836 notata
793 3789 868 3838 sunt.
