3042 5125
256 311 317 370 554
698 307 964 370 HERODO'PI

256 500 411 571 δάσαντο.
442 505 477 570 οἱ
491 499 527 569 δὲ
551 496 671 569 αὐτίκα
693 499 755 588 μὲν
768 496 894 586 γάμους
909 504 1054 588 ἔγημαν,
1078 496 1135 577 τὰς
1150 496 1188 567 δὲ
1202 500 1239 567 ἐκ
1256 493 1384 584 Λήμνου

192 602 396 693 γήθῆγοντο,
422 606 580 686 ἐξέδοσαν
593 601 732 672 ἄλλοισι.
769 601 903 690 Χρόνου
920 602 956 671 δὲ
970 599 1011 670 οὐ
1026 606 1152 671 πολλοῦ
1167 596 1385 683 διεξελθόντος

256 705 376 777 αὐτίκα
395 711 430 774 οδ
450 706 582 775 Μινύαι
605 707 802 794 ἐξύβρισαν,
834 711 891 793 τῆς
912 732 947 773 τε
971 713 1146 794 βασιληΐης
1169 707 1386 792 μεταιτέοντες

255 908 315 958 dem
334 922 387 957 non
408 906 541 972 intelligo.
575 906 607 955 Iu
627 920 695 971 quas
713 906 799 957 nemi·
851 909 937 960 fnisse
954 923 1033 959 nemo
1053 907 1150 957 nescit.
1191 904 1384 968 „Pistricem

255 993 315 1028 nem
328 977 498 1042 peregrinum
509 990 541 1025 ea
550 981 657 1036 aetate,
671 990 742 1040 quae
753 992 801 1026 no·
850 978 1038 1045 (Valckenarii
1051 983 1115 1027 sunt
1126 975 1224 1060 uerba)
1237 975 1266 1023 in
1276 974 1384 1024 Atticam

255 1049 298 1098 his
322 1061 388 1096 esne
406 1046 501 1095 melius
520 1045 632 1110 cognita
655 1051 697 1094 est
718 1053 801 1111 atque
851 1053 975 1113 receptos
1001 1049 1169 1110 κατανεῖμαι
1195 1058 1237 1100 εις
1260 1036 1325 1100 τοὺς
1343 1036 1385 1105 δή-

255 1118 424 1168 Persicorum
452 1113 581 1165 bellorum
608 1121 731 1179 tempora
756 1114 802 1166 vel
852 1132 921 1182 μους
933 1112 982 1165 καὶ
1000 1108 1051 1173 τὰς
1063 1108 1169 1180 φυλὰς,
1192 1116 1316 1165 euenor
1333 1114 1386 1162 ern

257 1187 396 1237 antecedit
411 1184 453 1235 vel
464 1184 649 1249 subsequitur,
663 1188 801 1250 receptum
852 1198 937 1239 certus
950 1187 1030 1238 tribur
1043 1186 1161 1249 referre,
1183 1181 1339 1248 psephisma
1353 1182 1387 1230 io·

256 1257 342 1306 fuisse
362 1260 393 1304 ut
408 1254 503 1319 credo,
527 1256 568 1304 ita
583 1255 675 1319 prisca
692 1255 739 1304 illa
756 1270 802 1304 ae·
852 1259 899 1308 bet
912 1256 985 1321 apud
997 1254 1173 1305 Demosthen.
1184 1251 1268 1318 pasl
1284 1250 1321 1316 [p.
1335 1248 1389 1302 teet

257 1330 316 1376 tate
329 1329 477 1389 cognatos,
499 1326 546 1388 qui
560 1324 732 1386 terebantur,
751 1324 802 1374 Mi·
853 1325 969 1389 Reiakl.
987 1325 1090 1389 Attigit
1100 1325 1184 1375 istam
1199 1338 1256 1373 non
1266 1337 1330 1371 sane
1339 1335 1391 1385 pro

257 1410 326 1460 uyas
339 1409 400 1444 esse
410 1401 535 1458 receptos
547 1409 595 1444 our
607 1408 712 1458 negem,
726 1394 803 1443 nulla
853 1398 947 1446 tritam
965 1395 1141 1460 antiquitatis
1154 1393 1283 1442 Graecae
1297 1395 1389 1456 partem

256 1465 366 1516 videtur
387 1462 450 1512 mihi
474 1465 548 1513 iusta
566 1464 679 1514 subesse
696 1478 798 1523 causa3
852 1464 1039 1517 Hemsterhus.
1058 1465 1087 1512 in
1105 1461 1225 1513 Miscell.
1245 1461 1325 1511 Obss.
1337 1458 1390 1508 Vll.

257 1534 328 1585 cont.
343 1532 425 1583 etiam
439 1533 590 1597 Kopstsdt:
609 1534 650 1582 De
667 1548 734 1583 rerr.
748 1533 801 1582 La·
851 1552 878 1600 p.
891 1536 943 1586 325
961 1539 988 1584 et
1006 1533 1041 1583 ad
1055 1531 1199 1596 Aristoph.
1213 1531 1288 1581 Plut.
1303 1545 1327 1594 p.
1338 1527 1388 1580 368.

258 1619 336 1654 coun.
354 1602 497 1654 constitut.
515 1603 634 1667 Lycurg.
653 1603 758 1667 origine
775 1607 802 1652 et
852 1607 948 1657 Cicero
970 1618 1018 1668 pro
1041 1601 1119 1653 Balb.
1141 1603 1188 1653 12:
1225 1601 1288 1651 Vidi
1309 1607 1390 1664 εγοτια

258 1671 505 1736 inuoluptate.
540 1674 597 1721 Nec
615 1672 703 1737 magis
722 1670 802 1722 iutel-
851 1678 1029 1727 ηοοοοιιοο-
1042 1681 1143 1724 οοοινοο
1165 1673 1237 1721 einer
1254 1670 1390 1719 Artemis

256 1743 323 1807 ligo,
335 1756 389 1806 quo
399 1742 457 1792 iure
469 1742 596 1806 cognatio
607 1742 718 1805 Minyis,
731 1755 802 1807 quae
851 1760 952 1795 nmero
967 1744 1073 1793 iudicum
1087 1753 1163 1807 utque
1176 1740 1389 1804 Λνεομαγίεοτια,

258 1828 320 1863 cum
341 1812 485 1875 Spartanis
511 1812 709 1872 intercesserit,
738 1811 803 1860 licta
854 1813 1018 1870 certati-ihu,
1037 1820 1226 1862 renonumero
1240 1806 1388 1872 (nisimalis

259 1881 433 1948 perhibeatur
451 1885 536 1945 atque
556 1880 608 1930 hoc
623 1881 702 1931 modo
719 1881 805 1931 Hero·
855 1893 924 1935 certo
937 1879 1052 1946 demo).“
1076 1878 1388 1931 Add.O.Fr.Hermann.

259 1951 318 2002 doti
332 1952 365 2001 de
379 1949 431 2002 fide
445 1948 622 2012 detrahatur,
643 1966 723 2015 quam
737 1950 804 1999 mihi
854 1951 963 2003 Handb.
988 1951 1035 2000 der
1056 1949 1129 2000 Heli.
1148 1945 1354 1998 Staatsalterth
1368 1947 1388 2007 t.

258 2023 287 2072 in
304 2020 406 2071 talibus
424 2021 600 2085 praesertim,
627 2022 673 2071 ubi
692 2019 805 2070 meliora
857 2023 986 2074 117.n0t.
1004 2020 1044 2070 ll.
1070 2017 1148 2082 Quod
1164 2020 1269 2082 ipsum,
1285 2022 1316 2067 ut
1326 2030 1389 2080 pere

259 2091 412 2155 antiquitas
422 2104 472 2140 nos
484 2091 592 2140 minime
603 2090 721 2152 edocuit,
732 2104 803 2140 sum·
853 2092 925 2158 grini
947 2092 976 2140 in
990 2089 1132 2140 civitatem
1155 2089 1342 2152 reciperentur
1358 2089 1390 2133 at
1457 2139 1458 2142 Ἴ

259 2176 329 2210 mam
343 2174 403 2211 esse
414 2158 486 2210 haud
496 2175 550 2209 uuo
563 2159 623 2210 loco
636 2160 719 2210 edixi.
748 2159 804 2209 Neo
854 2178 906 2228 que
927 2159 991 2211 inde
1011 2159 1095 2209 tribui
1113 2158 1199 2208 alicui
1216 2156 1389 2207 adscriberen-
1457 2165 1458 2190 l

203 2237 211 2245 “
258 2229 388 2281 abhorret
401 2236 550 2293 temporum
561 2230 642 2292 ratio,
651 2244 704 2292 quo
715 2230 803 2278 minus
855 2238 913 2292 tur,
927 2228 1043 2281 Athenis
1059 2224 1390 2293 frequentius‚Dorumiu

259 2300 367 2364 Minyas
380 2313 397 2348 a
408 2298 556 2362 Tyrrhenis
566 2296 689 2362 Pelasgis
700 2299 802 2347 Lemno
854 2300 1012 2352 civitatibus
1033 2298 1174 2348 rarissime
1195 2312 1248 2346 nec
1271 2295 1325 2346 nisi
1342 2307 1391 2359 pro·

260 2370 362 2420 eiectos
374 2367 606 2418 Lacedaemonem
619 2370 727 2418 venisse
739 2383 804 2417 vore
854 2372 920 2421 bata
931 2369 1025 2433 stirpis
1038 2368 1203 2433 cognatione
1218 2367 1321 2416 factum
1331 2376 1390 2422 esse,

261 2439 338 2503 prodi
371 2437 565 2487 existimemus.
610 2437 665 2498 Qui
693 2437 804 2502 Pelasgi
855 2441 1032 2492 dnbiocaret.

260 2507 401 2572 octoginta
421 2510 484 2572 post
497 2507 607 2556 Troiam
627 2511 736 2571 captum
755 2522 803 2556 sn·
888 2503 938 2562 tric
952 2501 982 2556 di
996 2498 1025 2556 ἔτι
1039 2496 1153 2572 Λήμνου
1169 2491 1291 2569 ἤγοντο,
1308 2492 1389 2562 ἐξέδο-

260 2578 304 2628 nis
321 2578 346 2629 si
360 2593 375 2627 e
390 2570 550 2628 Boeotia'in
563 2578 682 2628 Atticam
701 2576 804 2627 disces·
856 2594 908 2629 σαν
917 2569 1035 2643 ἄλλοισι]
1052 2579 1070 2627 i.
1080 2591 1176 2641 equas
1188 2591 1251 2626 vero
1264 2591 1299 2625 ex
1308 2574 1390 2622 herro

259 2651 354 2699 serunt
367 2647 459 2712 ibique
469 2662 551 2697 uuam
561 2654 634 2698 certe
644 2662 692 2712 per
705 2642 804 2709 γενεὰν
854 2667 936 2703 secum
948 2651 1079 2699 οοοοοοοι
1088 2661 1200 2705 worse,
1222 2660 1268 2695 eas
1278 2646 1334 2693 alib
1346 2644 1391 2691 elo

259 2718 420 2768 commorati
432 2721 505 2779 sunt,
517 2722 662 2782 antequem
672 2717 804 2766 Lemnum
855 2727 954 2770 carent.
981 2718 1036 2768 Ubi
1050 2716 1085 2766 ad
1102 2706 1154 2770 τὰς
1168 2723 1262 2763 mente
1280 2717 1389 2763 mante-

260 2792 287 2838 et
306 2787 424 2837 Imbrum
443 2792 581 2850 peterent;
605 2785 657 2837 hoc
675 2786 806 2836 convenit
855 2788 1016 2839 cedentibus
1024 2778 1142 2851 (γάμους
1151 2776 1272 2848 ἔγημαν)
1280 2785 1389 2846 repeten-

260 2872 322 2908 cum
340 2872 373 2907 eo
390 2856 448 2907 iere
467 2862 602 2920 ternpore,
621 2871 674 2922 quo
693 2856 805 2919 Minyae
855 2860 918 2909 dum
938 2857 1091 2921 γυναῖκαςς
1115 2854 1228 2917 Minyae
1243 2853 1327 2909 enim,
1345 2862 1389 2914 quo

259 2927 288 2976 in
310 2926 459 2976 Laconiam
483 2926 641 2990 pervenisse
669 2925 805 2985 feruntur,
855 2928 937 2978 citius
960 2941 1021 2977 cum
1038 2922 1183 2988 Spartanis
1205 2922 1389 2975 coalescerent,
1456 2950 1457 2955 =

261 3010 333 3045 anno
355 2995 414 3045 scil.
438 2994 504 3044 ltro
523 3010 549 3046 n.
569 2994 631 3045 Chr.
652 3011 679 3045 n.
702 3010 717 3045 e
738 2995 805 3043 Lar-

261 3065 336 3115 eheri
351 3062 478 3121 calculis;
503 3065 538 3113 ci.
557 3064 626 3116 'l'ab.
646 3062 803 3127 chronolog.

260 3148 323 3200 pag.
340 3133 400 3182 teo.
427 3133 485 3180 lam
498 3132 614 3195 denique
628 3134 700 3197 quod
712 3132 747 3182 ad
764 3131 805 3181 lo·

260 3205 398 3252 cutionem
418 3202 530 3249 attinet:
555 3193 583 3256 ἐς
598 3193 691 3263 φυλὰς
709 3192 803 3251 διεδά-

262 3284 347 3319 σαντο
366 3267 522 3335 (pestribus
538 3268 745 3333 distribuerunt),
771 3271 804 3322 et

259 3339 354 3401 simul,
375 3342 485 3404 opinor,
504 3337 657 3400 indicatur,
675 3339 752 3399 illos,
775 3342 804 3389 in

261 3409 350 3461 tribus
368 3424 429 3459 oum
446 3408 646 3472 reciperentur,
665 3409 693 3458 iu
708 3409 805 3459 civita·

260 3486 315 3531 tem
327 3494 433 3545 quoque
442 3494 502 3529 esse
513 3484 637 3542 receptos
650 3478 805 3543 civiumque

261 3550 296 3601 ad
309 3549 370 3599 iura
381 3548 524 3599 admissos.
550 3549 604 3610 Qui
613 3548 685 3598 enim
698 3547 806 3611 uSpar·

262 3619 336 3670 tanis
351 3622 448 3683 petunt
458 3620 561 3682 μοῖραν
573 3611 673 3682 τιμίων
682 3610 805 3681 μετέχειν

260 3689 343 3754 idque
355 3689 437 3740 etiam
448 3690 609 3752 impetrant,
626 3688 727 3738 civium
745 3688 806 3737 iura

262 3759 353 3809 omnia
384 3759 542 3823 accepisse,
576 3758 692 3823 indeque
721 3757 804 3806 etiam

262 3829 353 3878 omnia
367 3830 466 3878 civium
481 3842 608 3888 munera,
628 3827 743 3877 honores
757 3826 805 3877 ob·

262 3898 326 3949 iisse
340 3898 454 3961 putandi
467 3902 560 3947 eruut:
580 3912 612 3947 eo
625 3898 696 3947 enim
709 3910 806 3945 vocem

260 3962 361 4029 τιμέων
376 3972 502 4032 spectare
521 3966 565 4016 vel
586 3983 619 4016 ex
641 3966 675 4017 iis
693 3965 806 4015 maniis·

260 4041 332 4084 stum
345 4037 412 4096 erit,
433 4051 504 4100 qnae
517 4035 576 4084 Vol.
597 4036 618 4086 1.
638 4052 665 4099 p.
679 4034 730 4085 858
748 4050 804 4084 mo-

261 4104 378 4154 nuimus.
402 4104 491 4169 Atque
506 4105 557 4155 hoc
570 4105 614 4153 vel
635 4120 650 4154 e
668 4104 807 4169 sequenti·

261 4173 312 4222 hus
332 4178 425 4236 patere
443 4180 587 4236 putamus,
604 4174 650 4223 ubi
670 4189 724 4223 non
743 4189 808 4223 con·

261 4242 331 4292 tenti
344 4240 386 4291 his
402 4242 503 4291 civium
519 4242 622 4292 iuribus
637 4241 681 4290 vel
695 4257 807 4306 regnum

260 4309 406 4361 affectasse
417 4310 552 4370 dicuntur,
564 4309 635 4374 quod
646 4326 729 4374 penes
739 4311 808 4362 duas

263 4379 398 4443 familias,
423 4379 526 4445 Agidas
547 4384 574 4430 et
591 4381 808 4445 Eurypontidas‚

855 3013 872 3047 a
884 2997 984 3062 quihus
1000 2996 1029 3044 in
1039 2994 1180 3045 civitatem
1192 2992 1300 3057 recepti
1315 2994 1389 3046 erant,

855 3062 1191 3128 continuonuptiss(cum
1200 3062 1388 3125 Spartanorum
1456 3094 1457 3125 ,

855 3136 1026 3199 mulieribus)
1046 3133 1145 3184 secisse
1160 3134 1245 3197 atque
1265 3146 1311 3182 eas
1323 3127 1389 3179 temi-
1456 3128 1457 3131 ’

854 3222 921 3267 uas,
940 3219 1008 3271 quas
1027 3204 1155 3255 eLemno
1168 3216 1227 3251 una
1243 3198 1388 3255 attulerant,

854 3276 916 3326 aliis
923 3274 954 3339 (i.
961 3290 984 3326 e.
993 3270 1148 3340 Spartanis)
1157 3271 1186 3319 iu
1197 3267 1387 3347 matrimonium

854 3347 963 3399 dedisse
982 3345 1118 3396 dicuntur.
1157 3340 1266 3391 Vocula
1288 3348 1386 3403 ηγοττο,

855 3432 925 3482 quae
941 3431 958 3466 a
972 3414 1078 3466 duobus
1094 3411 1171 3462 libris
1185 3410 1282 3471 abest,
1302 3405 1388 3471 egloi-

856 3489 959 3536 semate
976 3485 1088 3533 invecta
1104 3481 1212 3531 videtur
1238 3481 1298 3531 viro
1317 3477 1386 3527 docto

856 3556 884 3604 in
904 3553 1048 3617 Ephemer.
1067 3552 1158 3615 Lipss.
1181 3550 1260 3603 1829.
1282 3563 1321 3598 nr.
1339 3543 1386 3595 lit.

856 3639 883 3688 p,
904 3622 988 3684 1087,
1009 3623 1056 3686 qni
1072 3614 1122 3677 τὰς
1141 3611 1171 3667 δὲ
1188 3619 1386 3683 haudquaquam

855 3708 904 3757 pro
917 3692 1032 3744 relativo
1049 3690 1222 3756 pronomine,
1239 3688 1286 3740 sed
1296 3701 1339 3752 pro
1352 3699 1386 3734 ar·

857 3761 957 3821 tioulo,
985 3763 1029 3813 cui
1057 3760 1240 3810 adnectantur
1261 3757 1339 3807 verba
1361 3745 1385 3801 Is

856 3822 986 3897 Λήμνου,
1005 3829 1096 3895 accipi
1109 3827 1205 3878 voluit.
1237 3825 1312 3890 Quod
1323 3828 1386 3874 certe

856 3906 978 3967 praestat
1007 3898 1190 3951 emendationi
1216 3895 1321 3962 Stegeri
1348 3891 1384 3953 (ir

856 3971 975 4022 Praefat.
990 3987 1016 4036 p.
1029 3970 1091 4033 XV)
1108 3957 1263 4033 ἠγάγοντο,
1283 3966 1301 4015 i.
1314 3960 1384 4041 αμα

856 4042 992 4102 duremort,
1000 4038 1172 4103 corrigentis.
1185 4037 1227 4088 De
1238 4035 1323 4086 verbis
1332 4042 1383 4092 αγε-

858 4107 943 4171 σδαι,
962 4100 1106 4158 ἐκδιδόναι
1125 4106 1197 4157 cont.
1215 4110 1308 4156 notata
1321 4099 1352 4150 ad
1364 4098 1382 4155 Ι,

858 4178 901 4231 34.
914 4178 957 4230 93.
968 4178 1010 4229 59.
1025 4177 1084 4229 196.
1098 4177 1136 4235 11.
1148 4177 1191 4226 47.

981 4258 984 4261 ¹
1031 4293 1230 4346 cmcxcvu

894 4370 1059 4447 ἐξύβρισαν,
1074 4377 1124 4444 τῆς
1138 4394 1166 4429 τε
1179 4373 1321 4446 βασιληΐης
1331 4384 1380 4437 im·
