3042 5125
222 392 263 454 36
574 435 579 444 .
660 382 928 446 HERODOTI

222 537 456 648 τᾶλλαπάντα
475 581 712 666 λυμαίνεσθαι.
736 575 812 643 ἐπεί
830 600 865 642 τε
887 573 925 642 di
946 573 1002 642 xci
1022 576 1126 642 ταῦτα
1144 577 1269 664 ἔκαμον
1287 600 1363 644 ποι-

225 797 284 833 rum
303 784 427 831 servatos
444 791 611 828 memorans:
632 777 770 825 verumta-

225 866 287 902 men
300 865 371 914 quae
384 850 442 914 ipse
451 848 553 897 Noster
564 844 651 895 altero
660 843 721 894 loco
731 842 770 904 ll,

226 921 259 974 33
280 920 387 983 refert,
417 920 457 968 ita
481 919 624 970 moverunt
645 913 770 978 Caylum,

225 995 256 1040 ut
261 1006 289 1058 p.
298 989 346 1040 1⁶27
354 989 475 1039 Diodoro
484 1000 593 1050 prorsus
602 983 680 1034 iidem
691 983 770 1033 dero-

225 1058 344 1125 gandam
355 1058 406 1107 hac
420 1059 448 1105 iu
458 1070 543 1105 causa
553 1054 770 1115 existimaretur

225 1127 396 1179 incredibilia
415 1124 547 1176 narranti.
580 1124 688 1188 Heyuio
708 1137 772 1172 con-

227 1205 270 1247 tra
283 1195 542 1262 (inepieilnntiqq.
556 1208 656 1244 numm.
666 1207 729 1259 pag.
736 1193 771 1242 94

227 1264 482 1332 seqq.)veriaimilia
492 1264 629 1326 videntur,
642 1267 673 1313 ut
685 1262 729 1312 cui
742 1261 771 1310 in

178 1355 186 1371 ·
227 1341 343 1387 mentem
352 1335 475 1385 venisset
486 1333 574 1384 nostri
587 1332 654 1395 loci,
668 1331 772 1382 Boetti-

226 1421 306 1473 gerne
319 1405 414 1468 (ldeen
425 1419 448 1454 a.
461 1402 601 1454 Archaeol.
614 1402 641 1453 d.
655 1401 770 1452 Mabler.

227 1493 254 1542 p.
263 1476 308 1540 37)
319 1475 435 1525 medium
448 1474 527 1537 sequi
539 1472 636 1523 maluit
646 1477 674 1523 et
686 1470 771 1520 addu-

227 1546 325 1596 bitare.
342 1545 399 1594 Nec
411 1543 501 1592 minus
515 1543 549 1594 de
561 1558 593 1592 ea
606 1557 635 1591 re
647 1541 772 1605 disputa·

227 1616 270 1667 vit
281 1615 372 1679 Zoega
380 1615 422 1680 De
431 1612 559 1664 obelisco.
567 1626 631 1677 pag.
639 1612 691 1663 256
700 1626 771 1676 sqq,

227 1700 298 1750 quae
322 1682 389 1733 mihi
411 1697 484 1732 nunc
504 1682 631 1732 coniecta
654 1680 773 1731 videtur.

227 1754 337 1805 Etenim
348 1750 476 1817 capillum
487 1753 515 1801 in
524 1750 668 1801 medicatis
679 1765 773 1815 corpo·

227 1824 302 1873 ribus
317 1821 456 1873 residuum
473 1825 592 1887 arguunt
613 1820 774 1870 mumiarum

227 1892 475 1943 vetustissimarum
498 1890 606 1952 crania,
631 1907 645 1939 e
669 1890 774 1955 cryptis

228 1961 374 2012 Thebaicis
387 1966 475 2012 eruta.
489 1961 563 2026 Lege
571 1958 636 2009 mibi
646 1974 717 2025 quae
726 1974 774 2024 po·

228 2033 285 2082 suit
305 2031 449 2081 Iomardus
472 2028 580 2093 (Descr.
600 2029 633 2079 de
653 2028 774 2094 l'llgypt.

228 2101 393 2165 Autiqq.11.
410 2116 437 2164 p.
450 2099 501 2150 344
519 2099 618 2165 seqq).
647 2099 700 2161 Qui
716 2098 776 2163 qui-

227 2171 287 2221 dem
312 2171 340 2219 iu
361 2170 468 2218 mumiis
492 2184 546 2219 non
569 2167 656 2219 solum
679 2166 774 2233 capilli

228 2239 357 2305 reliquias
378 2239 494 2303 reperit,
519 2237 567 2288 sed
586 2238 773 2288 cincinnatum

819 779 901 840 gente
920 776 1048 824 universa
1065 772 1190 825 valerent
1209 774 1367 825 sacerdotes

821 850 1006 910 quantamque
1020 844 1074 894 vim
1086 842 1127 892 illi
1142 845 1170 893 iu
1182 843 1302 910 reliquos
1313 845 1367 895 Ae

821 915 933 979 gyptios
964 914 1083 964 omnium
1109 913 1234 964 ordinum
1260 930 1367 965 exerce·

821 989 896 1045 reut3
920 988 950 1033 ut
964 983 1026 1034 iude
1043 998 1150 1048 quoque
1167 983 1214 1033 fiat
1228 984 1367 1044 credibile,

822 1070 839 1105 a
859 1053 1049 1105 sacerdotibus
1066 1054 1212 1119 praecipue
1231 1055 1368 1104 excitatas

822 1124 907 1175 fuisse
930 1122 1025 1173 turbas
1056 1123 1126 1175 istas
1151 1139 1184 1173 ac
1208 1123 1367 1184 seditiones,

823 1209 891 1260 quas
906 1194 1063 1259 frequentes
1075 1192 1218 1258 postmodo
1238 1193 1265 1242 iu
1280 1195 1368 1258 Aegy-

822 1269 870 1329 pto
888 1269 998 1313 exortas
1019 1278 1079 1313 esse
1098 1264 1263 1328 accepimus.
1300 1264 1367 1314 Post

822 1334 996 1392 Heerenium,
1010 1331 1079 1383 alios
1091 1339 1120 1382 ut
1135 1339 1249 1394 taceam,
1263 1332 1290 1382 iu
1304 1348 1367 1382 ean·

822 1403 883 1455 deur
900 1418 955 1453 reru
975 1403 1119 1467 inquisivit
1138 1405 1277 1453 betronne
1299 1399 1367 1465 (Me-

822 1474 922 1523 moires
950 1473 983 1522 de
1012 1472 1115 1523 l’Acad.
1148 1472 1196 1523 des
1226 1472 1367 1536 Inscriptt.

822 1542 910 1594 xvll.
929 1542 950 1592 1.
970 1557 1032 1608 pag.
1052 1542 1085 1593 39
1098 1557 1175 1607 seqq.
1197 1541 1259 1592 coll.
1275 1543 1368 1592 Rerue

823 1612 850 1663 d.
870 1611 941 1662 deux
958 1611 1048 1661 moud.
1066 1612 1099 1661 Τ.
1119 1613 1153 1662 X.
1173 1628 1200 1677 p.
1217 1610 1250 1661 37
1267 1611 1366 1676 seqq).

823 1682 878 1744 Qui
890 1682 986 1746 utique
1003 1682 1031 1730 in
1043 1680 1177 1747 Cambyse
1189 1681 1275 1731 animi
1292 1681 1368 1731 iudo·

824 1750 876 1801 lem
884 1751 985 1816 respici
994 1749 1053 1800 vult
1063 1750 1098 1801 ad
1109 1749 1268 1802 violentiam
1277 1766 1369 1815 quam·

824 1835 876 1887 quc
888 1821 967 1886 proni
977 1819 1005 1884 ⁸³)
1014 1826 1098 1885 atque
1111 1820 1261 1887 epilepsiae
1275 1820 1368 1870 morbo

826 1889 957 1955 (111‚33)
979 1890 1126 1941 accedente
1144 1890 1186 1941 vel
1203 1891 1291 1955 magis
1306 1905 1368 1940 exa-

825 1958 1010 2026 sperati,licet
1018 1961 1222 2011 misericordiae
1231 1960 1306 2010 illum
1314 1975 1369 2011 non

825 2045 935 2096 prorsus
950 2035 1086 2096 expertem
1104 2029 1189 2080 luisse
1203 2030 1246 2080 vel
1260 2045 1293 2081 ex
1308 2031 1369 2095 ipsa

825 2099 961 2150 Herodoti
970 2100 1126 2150 narratione
1134 2099 1270 2165 (vidcap.
1281 2101 1309 2150 14
1322 2099 1367 2149 lin.

825 2169 917 2235 ibique
937 2170 1108 2235 potissimum
1127 2169 1225 2219 verba:
1249 2159 1326 2236 αὐτῷ
1340 2183 1367 2218 τε

826 2230 960 2305 Καμβύσῃ
973 2230 1100 2288 ἐσελθεῖν
1117 2231 1211 2288 οἶκτον
1227 2254 1289 2287 τινα
1305 2255 1330 2288 a.
1345 2254 1367 2287 τ.

228 2308 309 2374 plane
322 2306 451 2371 capillum
463 2307 554 2370 ipsum
569 2311 689 2371 apteque
702 2322 774 2357 corn-
824 2308 859 2374 λ.)
871 2307 964 2373 colligi
978 2324 1058 2373 posse
1068 2309 1195 2360 videatur
1206 2310 1266 2359 viro
1278 2309 1368 2371 docto,

228 2379 358 2442 positum.
382 2376 422 2424 Ac
434 2374 600 2440 suffragatur
612 2377 670 2425 eius
683 2376 774 2426 obser·
824 2378 893 2428 adeo
903 2384 933 2428 ut
940 2378 1088 2444 Cambyses
1100 2379 1128 2428 in
1135 2381 1286 2444 Aegyptios
1295 2385 1370 2428 certe

229 2444 387 2497 rationibus
412 2443 498 2508 ipsius
522 2444 592 2494 civis
614 2459 647 2494 ac
670 2445 773 2495 sodalis
824 2447 902 2512 regni
915 2448 996 2499 initio
1011 2463 1066 2499 uon
1083 2449 1206 2498 severius
1225 2462 1305 2515 quarn
1318 2448 1370 2513 Cy-

229 2514 383 2581 Rouyerius
408 2512 486 2579 (ibid.
507 2512 583 2564 Livr.
598 2514 632 2562 X.
655 2527 682 2578 p.
700 2515 773 2579 208).
825 2533 870 2569 rus
883 2516 985 2585 aliique
998 2519 1144 2570 Persarum
1159 2534 1235 2585 reges
1253 2519 1281 2569 in
1296 2517 1369 2569 alias

229 2587 280 2638 Ille
295 2601 361 2636 vero
379 2599 439 2634 earn
454 2598 510 2633 rem
526 2583 594 2632 dicit
609 2583 691 2632 etiam
713 2600 776 2634 con·
825 2594 920 2653 gentes
936 2604 1049 2655 regesve
1063 2590 1151 2639 victos
1169 2589 1258 2654 egisse
1271 2594 1369 2654 putan-

228 2657 329 2707 firmari
358 2652 465 2718 aliquot
487 2654 683 2717 Aegyptiorum
706 2652 776 2717 figu-
826 2658 935 2709 dussit.
969 2659 1023 2709 Sed
1038 2659 1370 2724 expeditioueiuAmmo·

230 2728 285 2790 ris,
317 2738 385 2790 quas
415 2720 570 2788 anaglypha
600 2737 682 2787 opera
707 2722 777 2772 The·
827 2727 887 2778 nios
908 2732 935 2778 et
950 2728 1098 2793 Aethiopes
1120 2728 1233 2793 (Herod.
1248 2727 1306 2792 111,
1324 2729 1369 2779 25.

229 2797 310 2846 baica
321 2795 498 2859 picturaeque
510 2791 687 2843 exhibeant.“
701 2793 777 2843 Creu-
826 2796 871 2859 23)
889 2795 1035 2863 frustrata,
1052 2798 1185 2864 quidquid
1199 2813 1283 2849 sanae
1297 2813 1370 2848 meu-

229 2882 281 2916 zer.
300 2863 474 2929 (Commentt.
483 2862 604 2912 Herodd.
617 2878 645 2927 p.
655 2860 729 2925 363).
742 2889 775 2897 -
825 2865 862 2915 tis
881 2864 1030 2932 Cambyses
1049 2868 1139 2918 adbuc
1157 2868 1321 2930 retinuerat,
1340 2866 1369 2916 id

230 2936 374 2985 Caeterum
387 2933 446 2983 iure
459 2931 487 2982 h.
499 2932 518 2982 l.
532 2947 657 2997 quaeras,
672 2931 719 2996 qui
730 2931 774 2981 fa·
826 2934 935 2984 omniuo
955 2937 1106 3001 perdidisse
1126 2936 1235 2988 videtur
1254 2938 1369 2988 Latron-

230 3009 305 3055 ctum
318 3004 369 3067 ait,
384 3008 414 3052 ut
426 3002 574 3067 Cambyses
587 3000 667 3067 plane
678 3005 775 3051 contra
825 3004 886 3063 nio,
906 3010 936 3053 ut
954 3006 989 3056 ab
1007 3022 1039 3058 eo
1058 3006 1120 3058 iude
1140 3012 1261 3072 ternpore
1278 3012 1369 3058 mente

229 3074 376 3125 Persarum
390 3086 490 3121 morem
510 3076 537 3121 et
550 3069 775 3120 cousuetudinem
826 3073 905 3137 plane
915 3079 1013 3141 captus
1023 3077 1050 3125 iu
1059 3077 1220 3141 Aegyptios,
1233 3092 1300 3142 quos
1310 3077 1370 3141 iugi

230 3144 258 3191 in
282 3142 433 3207 Aegyptios
460 3144 604 3205 tantopere
632 3140 774 3191 saevierit.
825 3143 1000 3208 impatientes
1023 3151 1050 3195 et
1070 3147 1106 3195 ad
1123 3146 1303 3197 defectionem
1322 3162 1370 3211 pa·

231 3211 314 3261 Cuius
333 3212 374 3261 rei
390 3224 503 3259 causam
524 3208 682 3274 plerumque
700 3224 716 3259 a
731 3224 775 3258 sa·
825 3217 902 3263 ratos
914 3213 1031 3278 viderat,
1043 3216 1213 3280 potissimum
1227 3217 1368 3268 saevierit.

230 3280 284 3329 cris
300 3280 407 3344 utrique
418 3277 518 3342 populo
530 3279 645 3329 maxime
657 3278 775 3329 diversis
825 3280 897 3334 Odio
913 3299 1052 3335 sacrorum
1065 3284 1257 3350 Aegyptiorum
1277 3286 1369 3351 singu·

229 3363 290 3399 cum
302 3354 429 3413 repetant
447 3347 562 3412 indeque
578 3349 673 3397 exorta
687 3349 775 3398 inimi·
824 3351 875 3402 lari
888 3354 1004 3419 quodam
1014 3355 1061 3404 rix
1070 3354 1181 3405 ductum
1191 3354 1279 3405 videri
1289 3360 1371 3420 putat

230 3419 310 3480 citit,
336 3432 406 3482 quae
430 3415 525 3466 eadem
546 3421 643 3480 postea
664 3417 775 3467 seditio·
826 3421 996 3487 cambysem,
1007 3425 1054 3489 qui
1067 3441 1121 3475 uon
1132 3424 1218 3490 magis
1228 3425 1370 3476 Zoroastri

229 3503 293 3538 num
305 3485 450 3537 multarum
464 3484 536 3550 apud
548 3487 697 3552 Aegyptios
710 3502 775 3552 quo·
826 3489 999 3556 disciplinam
1024 3495 1178 3559 suspexerit
1202 3509 1290 3559 neque
1315 3510 1371 3545 om·

230 3571 283 3622 que
296 3555 379 3606 inerit
396 3569 494 3616 causa;
513 3555 774 3621 Heerenius(1deen
824 3560 890 3609 uino
903 3561 984 3613 buius
1005 3565 1043 3613 ita
1063 3563 1202 3614 studiosus
1220 3563 1318 3627 inerit,
1339 3569 1371 3614 ut

229 3625 303 3688 11,2.
318 3623 458 3691 paulos)
477 3625 569 3689 potius
586 3625 638 3676 boc
653 3626 715 3677 inde
730 3642 774 3675 ex·
825 3644 884 3679 eam
904 3631 932 3680 iu
957 3633 1081 3684 omnibus
1100 3633 1179 3697 sequi
1204 3633 1371 3698 eandemque

229 3693 328 3759 plicari
340 3710 420 3760 posse
432 3698 537 3757 censet,
550 3699 589 3757 ut,
603 3711 673 3760 quae
684 3712 701 3745 a
711 3697 774 3746 Per·
824 3714 977 3765 propagare
994 3703 1124 3765 voluerit,
1143 3717 1224 3768 quum
1238 3703 1296 3753 suis
1309 3708 1371 3753 tan·

228 3765 266 3817 sis
280 3764 426 3815 commissa
442 3763 557 3825 fuerint,
574 3765 603 3813 iu
614 3765 773 3816 sacerdotes
825 3772 881 3818 tum
896 3771 1020 3822 consiliis
1037 3774 1187 3839 obsequens
1206 3774 1295 3822 omnia
1308 3774 1370 3822 iura

228 3835 401 3898 potissimum
421 3837 486 3884 acta
506 3832 592 3884 fuisse
611 3835 772 3899 cogitemus,
823 3837 942 3890 hamana
950 3846 1033 3908 atque
1043 3841 1306 3907 diviuaneglexerit.
1319 3842 1371 3893 Ac·

228 3918 341 3968 quorum
361 3904 511 3969 potentiam
537 3904 622 3953 minui
648 3903 772 3970 adeoque
824 3908 910 3970 cedit,
932 3913 1003 3976 quod
1021 3913 1160 3964 Zoroastri
1179 3912 1320 3975 doctrina,
1344 3914 1370 3962 ai

227 3972 317 4037 frangi
336 3974 481 4025 Persarum
498 3973 633 4023 victorum
654 3975 772 4025 maxime
822 3977 969 4031 Roethium
994 3984 1133 4047 sequimur
1150 3979 1317 4044 (Gescbicbt.
1341 3983 1369 4032 d.

229 4040 392 4123 interfuerit.
421 4044 474 4092 Vix
488 4042 560 4092 enim
571 4043 670 4093 Persas
685 4043 771 4096 latere
823 4046 1369 4117 abeudliiud.Philosopb.1.p.388seqq.

228 4115 365 4175 potuisse,
383 4116 515 4177 quantum
534 4112 561 4161 in
574 4112 770 4178 Aegyptiorum
823 4117 884 4169 coll.
909 4121 975 4186 428)
996 4127 1105 4187 postero
1118 4123 1225 4173 demum
1247 4126 1370 4188 tempore

277 4316 297 4365 ⁶)
313 4316 541 4395 illenimmceurbyses,
562 4327 615 4362 teste
630 4322 726 4396 iliodoro
741 4325 774 4375 Χ,
788 4327 812 4368 ³1
832 4328 951 4383 (Excerptl.
967 4330 1051 4372 Valcss.
1066 4346 1088 4387 p.
1102 4334 1147 4383 243)
1162 4314 1199 4393 ἦν
1237 4320 1269 4377 iv
1284 4321 1368 4391 φύσει

225 4394 343 4459 pavesce
362 4398 410 4461 ααι
428 4398 668 4466 παρακεκινηαως.
675 4390 734 4447 τοῖς
755 4389 911 4458 λογισμοῖς,
929 4385 1001 4443 πολὺ
1017 4387 1048 4444 δὲ
1066 4393 1172 4461 μᾶλλον
1190 4390 1277 4448 αυτὸν
1292 4388 1369 4464 ὠμὸν

224 4445 272 4499 καὶ
285 4464 471 4516 υπεαηφααον
483 4444 574 4505 iaciat
586 4470 617 4506 rc
633 4472 683 4523 της
696 4455 838 4525 βασιλείας
852 4455 980 4526 μέγεθος.
