3042 5125
243 343 283 405 82
673 338 942 402 HERODOTI

245 532 310 604 ἆυά
323 560 358 603 τε
374 529 435 620 τηυ
447 528 577 618 Ἰωνίην
598 533 654 602 καὶ
671 527 733 618 τὴν
753 528 861 618 ἄλλην
880 526 1030 600 Ἐλλάδα.
1064 525 1146 604 ὅκου
1163 525 1230 616 γὰρ
1250 524 1383 596 ἰθύσειε

246 635 507 728 στρατεύεσθαι,
530 633 639 704 πάντα
660 637 695 702 οἰ
713 631 833 721 ἐχώρεε
854 630 1025 722 εὐτυχέως.
1061 639 1177 721 ἔκτητο
1201 630 1239 700 δὲ
1260 656 1382 717 ττευτη-

246 745 424 829 κοντέρους
443 766 479 808 τε
493 735 617 822 ,ἑκατὸν
645 738 701 808 καὶ
722 744 849 825 χιλίους
874 736 1021 822 τοξότας·
1053 742 1152 826 ἔφερε
1180 734 1216 803 δὲ
1243 735 1301 803 καὶ
1323 722 1383 851 ἦγε

247 938 792 994 XLSamumartibnsetcommercioflo-
841 955 898 989 sem
928 936 1055 987 hebuerit
1084 939 1178 1003 eptem
1211 933 1247 984 ad
1270 932 1385 985 bellicos

247 1013 350 1074 ruisse,
365 1010 401 1061 ad
415 1009 469 1072 ΙΙΙ,
484 1006 533 1058 139
546 1006 768 1058 monstrabimus.
841 1022 917 1058 usus.
955 1009 994 1058 Ae
1016 1011 1143 1072 spectant
1161 1005 1229 1055 haec
1253 1003 1288 1054 sd
1310 1002 1385 1052 Illam

288 1075 358 1131 ὅκου
387 1072 441 1143 γὰρ
469 1069 617 1128 ἰθύσειε
647 1068 791 1141 creareris-
840 1078 994 1130 Samiorum
1006 1073 1386 1140 θαίασσοκρατίαυ,ἀοηαιι

250 1149 332 1216 σθαι]
351 1153 370 1200 i.
381 1166 404 1199 e.
418 1164 564 1215 quocunque
576 1150 638 1198 eruin
650 1163 704 1197 cum
714 1164 792 1198 τετυ·
842 1146 915 1198 conf.
930 1146 985 1208 111,
1000 1147 1048 1196 1¹22
1061 1146 1154 1212 ibique
1166 1149 1236 1195 nott.

248 1223 298 1271 citu
308 1218 741 1284 proficiscerehws.eepeditr'onem
754 1220 793 1266 in·
883 1215 988 1280 χιλίους
1015 1206 1142 1281 τοξότας]
1175 1216 1230 1277 Qui
1257 1228 1386 1264 uumerus

247 1292 369 1344 stituerer.
398 1288 475 1339 Idem
499 1286 610 1337 verbum
633 1280 744 1338 ἰθύσειε
768 1287 792 1348 Ι,
843 1286 1135 1338 instomiuorridetnr
1145 1284 1387 1345 Laroheroobea,

250 1359 312 1410 204.
332 1357 462 1418 1v‚122.
486 1356 569 1418 VIII,
594 1355 624 1417 8,
646 1358 671 1407 2.
713 1355 793 1405 Conl.
844 1371 914 1423 quoe
926 1356 1028 1418 limo
1042 1364 1202 1419 narrantur,
1218 1370 1279 1405 cnm
1293 1353 1387 1405 decem

250 1426 390 1478 Blornfield
406 1426 527 1477 Glossar.
543 1426 571 1474 in
581 1422 707 1488 Aeschyli
717 1425 792 1475 Pers.
844 1426 919 1476 milia
928 1423 1165 1490 stipendiariorum
1174 1424 1288 1475 militum
1296 1428 1387 1488 tyran·

250 1495 311 1547 417.
336 1495 487 1547 Dolonem
501 1511 584 1558 more,
597 1510 650 1560 qno
663 1485 732 1550 toto
744 1510 793 1559 pro
845 1511 909 1546 num
921 1495 1051 1546 habuisse
1061 1495 1146 1545 multe
1160 1495 1197 1545 sit
1206 1493 1387 1560 probabilius.

252 1558 342 1622 εὐθὺς
355 1571 406 1616 etc.
427 1565 567 1626 dixerunt,
587 1564 665 1628 plora
677 1563 794 1614 Bredov.
843 1566 980 1632 Equidem
995 1562 1041 1614 hio
1053 1566 1162 1616 eoadem
1174 1564 1292 1630 intelligi
1309 1568 1388 1628 puto,

251 1652 279 1701 p.
293 1635 342 1686 lob
352 1651 409 1699 seq.
420 1660 454 1670 -
468 1635 548 1699 Apud
557 1635 722 1685 Frontonem
733 1633 794 1684 loco
845 1635 965 1700 quini,
983 1634 1017 1684 45
1033 1640 1165 1685 vocantur
1182 1625 1294 1695 τοξόται
1310 1623 1388 1698 οἰκη-

252 1721 313 1754 mox
326 1703 464 1754 laudando
475 1703 636 1769 Polycrates
654 1703 716 1754 inde
730 1703 796 1753 diei·
846 1711 902 1768 Ιιὀι,
918 1705 938 1755 i.
951 1720 974 1754 e.
987 1707 1108 1755 satellites
1119 1707 1197 1769 repii,
1213 1703 1308 1770 quales
1321 1702 1388 1753 alio·

251 1772 797 1840 tnr„omniumquaecunqueintenderat
846 1790 904 1825 rum
927 1778 1103 1840 tyrannorum
1128 1766 1283 1838 δορυφόροι
1307 1773 1390 1838 vulgo

251 1844 312 1900 eine
324 1839 472 1894 offensione
484 1844 600 1910 potitus.
623 1842 699 1894 Nihil
712 1843 741 1891 in
753 1858 796 1892 ae·
848 1849 993 1894 occurrunt
1005 1841 1054 1906 (os.
1065 1844 1089 1906 I,
1099 1841 1155 1907 59),
1166 1858 1233 1908 qnos
1243 1842 1317 1893 mille
1328 1848 1390 1892 tan-

252 1918 312 1966 tate
326 1913 437 1980 agunda
450 1913 513 1964 duri
529 1918 577 1963 erit
594 1912 687 1963 acerbi
701 1927 797 1978 exper-
848 1919 905 1964 tum
922 1914 1008 1964 inisse
1027 1927 1139 1963 numero
1164 1928 1197 1963 eo
1218 1913 1307 1979 magis
1323 1910 1390 1963 mihi

252 1995 298 2040 tus
318 1998 378 2034 esse
396 1982 511 2034 dicitnr:
538 1984 603 2048 quin
624 1982 675 2032 sub
700 1997 797 2032 manus
846 1984 876 2035 lit
891 1982 1029 2043 credibile,
1045 1982 1116 2048 qnod
1130 1986 1238 2046 praeter
1251 1982 1333 2033 hosce
1346 1995 1392 2031 το-

253 2057 362 2104 ouncta.
371 2051 388 2078 “
849 2045 933 2115 ξίτας
947 2046 1074 2117 οἰκηῑους
1092 2051 1141 2106 illo
1157 2052 1217 2103 loco
1231 2066 1392 2106 commemo·

288 2116 412 2186 ἔκτητο
433 2110 464 2166 δὲ
481 2134 507 2167 κ.
521 2133 543 2166 τ.
561 2116 597 2184 L]
623 2119 719 2171 Plures
734 2119 798 2171 libri
846 2128 943 2178 rantur
962 2113 1108 2186 ἐπίκουροι
1124 2117 1279 2187 μισθωτοὶ,
1299 2124 1393 2176 mm

255 2182 398 2255 ἐκέκτητο,
418 2203 486 2255 quos
503 2203 591 2255 neque
609 2188 661 2240 hoc
679 2190 738 2240 loco
752 2205 798 2241 ne·
848 2195 1005 2252 conductitii,
1023 2189 1186 2258 stipendiumi
1200 2190 1250 2252 (ci.
1268 2196 1338 2243 nott.
1353 2191 1394 2243 ad

255 2277 309 2326 que
323 2260 399 2320 eliis,
418 2257 466 2340 ubi
484 2256 579 2307 eedem
595 2261 732 2323 reperitur
744 2258 799 2309 lor·
848 2263 902 2326 Ill,
912 2261 950 2326 4),
959 2276 1027 2328 ques
1036 2261 1310 2327 ploreanumerosibi
1319 2277 1393 2314 com·

254 2328 814 2462 11111111111113ιί111
847 2331 1393 2467 tttltqlllfilslhtlthplttit

256 2465 408 2530 nocete.
428 2465 798 2528 ricmonnitdelonumhac
847 2473 870 2524 1.
906 2471 986 2523 .238.

255 2536 343 2587 forme
354 2533 475 2587 Fischer.
495 2534 530 2585 ad
545 2534 654 2587 Woller.
674 2536 712 2588 ll.
731 2553 796 2605 pag.
881 2487 965 2607 docos
983 2533 1014 2592 di
1032 2537 1081 2592 καί
1101 2526 1150 2607 ἦγε
1171 2531 1293 2608 πάντας]
1314 2540 1394 2593 Citat

256 2606 308 2657 288
318 2605 426 2671 et(nem
436 2605 699 2672 adhttieosqnoque
709 2613 797 2659 trena-
847 2612 915 2665 beeo
936 2611 1063 2667 Eustath.
1080 2612 1117 2663 sd
1134 2613 1244 2667 Homer.
1268 2612 1312 2665 lli.
1327 2628 1393 2677 pag.

256 2677 290 2726 iit
301 2674 461 2741 scriptores)
477 2675 622 2727 Heindorf.
641 2677 676 2727 ad
688 2678 797 2729 Platon.
847 2682 908 2743 573,
925 2682 956 2733 18
972 2698 993 2733 ι.
1008 2681 1075 2743 435,
1088 2682 1130 2737 35.
1162 2682 1206 2734 ΔΙ
1226 2682 1394 2735 locutionem

253 2746 399 2811 Protagor.
409 2761 473 2811 pag.
483 2746 543 2797 572.
557 2745 799 2801 PluradabitBre-
850 2752 922 2803 conl.
943 2752 971 2815 1,
986 2752 1020 2804 88
1039 2751 1131 2817 ibique
1146 2757 1217 2803 nott.
1252 2754 1285 2803 In
1300 2752 1395 2805 serbis

256 2817 320 2867 dor.
342 2832 403 2882 pag.
429 2817 490 2865 287.
529 2816 572 2867 De
596 2819 800 2881 pentecontorls
851 2824 973 2887 proximo
985 2823 1176 2888 sequentibus:
1197 2820 1237 2890 τῷ
1252 2814 1305 2886 γὰρ
1318 2821 1395 2888 φίλῳ

258 2885 331 2937 conl.
345 2886 367 2950 Ι,
383 2885 430 2937 133
444 2885 536 2950 ibique
547 2890 628 2951 nott,
647 2888 800 2955 Thucydid.
851 2891 906 2971 ἰιρη
926 2890 1089 2955 χαριεῖσθαι
1111 2889 1217 2956 μᾶλλον
1233 2882 1395 2949 ἀποδιδοὺς

256 2957 279 3018 Ι,
291 2957 323 3007 14
333 2955 426 3020 ibique
435 2956 607 3020 interpretes,
618 2957 719 3021 quibus
729 2958 801 3009 adde
851 2977 884 3013 τοι
898 2954 977 3028 ἔλαβε
990 2954 1009 3026 ἢ
1024 2952 1116 3026 ἀρχὴν
1129 2955 1201 3027 μηδὲ
1218 2958 1313 3028 λαβεῖν
1326 2962 1357 3025 (i.
1367 2977 1394 3016 e.

257 3025 400 3090 disputata
416 3040 433 3074 a
447 3026 583 3087 bloversio
602 3028 629 3075 iu
644 3026 728 3077 libro:
746 3028 800 3078 Die
850 3035 929 3082 arrico
943 3031 1116 3082 nondicebat
1127 3048 1155 3083 ee
1166 3033 1397 3096 pratrflcurinalle
1504 3036 1505 3053 ³

256 3094 420 3147 Phoenizier
438 3095 480 3155 11,
495 3093 597 3158 31111,
617 3096 652 3158 l).
671 3111 733 3162 pag.
750 3097 800 3151 173
850 3103 980 3155 reddendo
988 3104 1076 3166 potius
1087 3119 1152 3167 quae
1163 3105 1306 3167 eripuisset,

258 3178 315 3226 seq.
332 3164 380 3213 178
393 3178 449 3227 seq.
477 3164 586 3214 Etenim
605 3164 633 3214 id
650 3166 800 3217 mirumvi·
849 3174 874 3225 ei
884 3174 981 3223 omuino
993 3171 1053 3222 uilcil
1073 3174 1097 3221 ei
1109 3170 1254 3236 eriprdsset)
1265 3172 1323 3223 Diu
1341 3172 1395 3223 ori.

258 3232 316 3281 deri
328 3236 427 3297 queat,
447 3246 497 3281 cur
513 3232 565 3285 hoc
583 3233 643 3284 loeo
661 3235 690 3285 in
708 3237 801 3301 copie·
850 3241 961 3305 scripsit
967 3234 1142 3305 χαριέεσθαι,
1150 3246 1260 3293 secutus
1270 3257 1312 3305 ea,
1323 3257 1395 3307 quae

257 3316 315 3351 rum
329 3300 469 3353 navalium
488 3317 604 3353 recensu
623 3303 699 3357 solae
715 3321 800 3358 naves
850 3310 933 3362 etiem
946 3310 1111 3362 Brodorium
1124 3311 1340 3376 praecipientem
1351 3311 1395 3362 iu·

257 3372 462 3436 pentecontori,
483 3387 570 3437 neque
587 3375 711 3426 triremes
729 3391 801 3426 com·
849 3380 972 3431 venimus
983 3396 1009 3445 p.
1022 3379 1084 3432 340.
1095 3379 1156 3434 356.
1168 3380 1220 3432 375
1233 3396 1290 3447 seq.
1308 3382 1395 3447 Equi-

258 3445 456 3505 memorantur,
475 3441 555 3506 quale
568 3443 677 3494 navium
689 3445 724 3494 ad
736 3445 802 3497 belli
850 3449 910 3499 dem
932 3450 1019 3501 satius
1037 3450 1103 3501 duxi
1123 3466 1183 3502 cum
1202 3450 1346 3502 Dietsehio
1364 3453 1395 3507 ΙΙΙ

257 3525 336 3590 uenum
356 3514 482 3576 aptorum
508 3528 595 3578 genus
616 3511 696 3579 longe
716 3521 802 3566 antea
849 3518 1395 3586 talibusavulgatacoddomnibuepro·

258 3579 343 3643 (orrea
356 3581 406 3630 704
420 3595 445 3630 a.
457 3579 758 3647 Chariettonem
773 3590 800 3637 et
850 3589 918 3639 bata
939 3606 993 3640 non
1007 3591 1141 3641 recedere.
1175 3591 1218 3642 Ad
1241 3582 1334 3657 ἀρχὴν
1355 3591 1393 3647 ef.

258 3648 301 3698 vel
314 3650 387 3714 opud
404 3650 510 3703 Samios
527 3651 711 3704 introductum
725 3663 798 3719 erat3
850 3674 935 3724 supra
943 3659 996 3723 111,
1004 3660 1037 3712 16
1047 3661 1139 3725 ibique
1149 3666 1219 3711 nott.
1238 3661 1315 3712 Idem
1325 3662 1394 3715 Diu·

258 3719 375 3781 aecedit,
386 3720 457 3785 quod
468 3722 597 3785 Cambysi
607 3723 641 3774 sd
652 3726 800 3791 Aegyptia·
850 3727 918 3779 dorf.
943 3745 992 3792 pro
1014 3720 1145 3794 αἴρήκεε,
1171 3730 1243 3797 quod
1266 3732 1393 3797 equidem

258 3805 318 3839 cam
331 3789 529 3854 expeditionem
540 3792 721 3857 proficiscenti
734 3812 801 3860 qua·
849 3814 910 3849 eum
922 3798 1046 3851 Dietsch,
1059 3800 1175 3863 retinui,
1188 3800 1299 3865 scripsit
1310 3790 1392 3866 ἆραι-

257 3859 386 3924 draginta
413 3861 538 3914 triremes
565 3864 672 3914 misisse
697 3865 799 3916 dicitur
850 3859 1394 3935 prisce:ef.Prolegg.p.XXXIIIetBre-

256 3927 430 3993 Polycrates:
443 3932 724 3995 vid.Herod.lll,l3.
744 3935 799 3986 Sed
849 3938 911 3990 dor.
926 3954 951 4002 p.
965 3938 1119 4002 314—316,
1137 3941 1183 4004 qui
1194 3941 1265 3991 hanc
1277 3940 1393 3995 formam

257 4002 463 4064 pentecontori,
495 4002 593 4067 quibus
623 4002 670 4054 illa
704 4009 798 4058 aetate
848 4007 1043 4073 reduplicatum
1058 4024 1140 4060 unam
1155 4026 1248 4062 veram
1264 4009 1348 4062 hebet
1363 4013 1393 4063 in

255 4066 405 4119 Phoenices
425 4071 505 4122 rebus
523 4071 667 4123 navalibus
687 4076 797 4127 omnino
847 4078 1000 4141 Herodoto,
1020 4094 1100 4144 qnam
1114 4078 1212 4133 inritis
1222 4080 1299 4133 libris
1313 4098 1393 4133 reso·

256 4135 419 4188 excellentes
439 4140 600 4203 utebantur,
620 4158 681 4193 curn
697 4150 726 4195 et
741 4161 798 4196 ms·
847 4161 911 4198 oure
923 4163 1035 4212 pronum
1047 4148 1165 4201 ridetur.
1191 4150 1234 4202 Ad
1247 4166 1392 4216 argumen-

253 4206 396 4270 gnitudine
410 4213 438 4258 et
449 4209 553 4260 ambitu
568 4213 665 4262 ceteris
678 4214 797 4267 naribus
846 4221 904 4267 tum
916 4217 989 4271 coni.
1003 4218 1155 4285 Thucydid.
1170 4221 1194 4283 Ι,
1210 4220 1255 4272 13:
1273 4217 1390 4271 καΙΠο-

254 4280 440 4340 praestarent,
462 4279 525 4331 inde
542 4279 640 4344 opinor
659 4283 796 4349 explicari·
846 4278 1300 4353 λυκροὶτηςΣάμουτυραυυῶυὲκΙ
1311 4290 1390 4357 Καμ-

254 4343 318 4397 dnm
332 4345 455 4409 ridetur,
470 4365 519 4399 cur
533 4348 706 4416 Polycrates,
721 4371 796 4419 spre-
846 4348 932 4424 βύσου
946 4355 1068 4426 ναυτικῷ
1078 4351 1107 4408 lo
1125 4346 1277 4420 ύωυᾶλίας
1289 4376 1318 4411 τε
1332 4359 1390 4415 τῶν

253 4414 289 4465 tis
301 4416 469 4482 triremibus,
487 4423 710 4486 pentecontorrlm
723 4425 794 4476 cles-
846 4420 939 4492 νήσων
950 4418 1094 4494 ὑπηκόους
1108 4375 1259 4498 ductricem
1270 4428 1320 4482 καί
1326 4421 1392 4498 ‘Po'-
