3042 5125
259 360 322 423 296

697 354 967 418 HERODOTI

260 549 360 640 ζυγὸν
379 550 435 618 καὶ
451 548 595 638 σάγαριν
616 551 672 619 acl
693 546 839 637 φιάλην,
863 564 980 617 ιιεσεῑν
998 550 1032 627 ἐς
1054 544 1115 636 τὴν
1128 547 1315 638 Σκυθικήν.
1340 553 1390 619 sci

260 769 311 820 que
345 750 470 801 manibus
501 750 628 802 humanis
663 749 805 801 elaborata

261 827 339 874 stunt:
357 822 549 883 instrumenta,
563 835 648 884 vasa,
661 821 730 870 artis
741 836 804 886 ops·

260 908 300 955 ra,
312 891 368 941 alia
383 891 411 940 id
427 906 527 956 genus,
546 896 577 941 ut
588 891 631 952 11,
652 889 702 943 135
715 896 743 941 et
757 907 806 956 po·

261 961 397 1014 tissimum
405 961 474 1020 Vll,
487 960 521 1010 84
534 954 690 1031 (nosquam
704 952 806 1023 χάλκεα

260 1027 310 1082 scri
335 1021 478 1095 σιδήρεα),
506 1044 649 1095 ποιηματα
682 1022 805 1094 derdere

261 1101 335 1168 apud
359 1100 475 1151 Lucian.
504 1100 547 1150 De
572 1100 623 1149 dea
641 1099 703 1163 Syr.
719 1103 743 1162 ξ.
760 1098 804 1149 all.

262 1170 341 1222 Ooni.
357 1170 441 1220 etiam
461 1169 569 1220 Platon.
583 1170 664 1218 Meno
682 1185 708 1234 p.
723 1169 756 1219 97
770 1169 803 1218 Ε.

260 1242 326 1306 Ipsa
339 1244 469 1305 quattuor
478 1240 546 1289 haec
556 1253 677 1302 munera,
689 1253 758 1304 quae
771 1238 804 1288 de

261 1309 337 1362 coelo
352 1309 487 1360 decidisse
502 1308 638 1370 dicuntur,
652 1309 805 1358 Esthonum

261 1396 322 1431 esse
345 1378 498 1429 communia
517 1377 646 1428 utensilia
664 1393 696 1429 ac
716 1378 806 1441 supel-

259 1447 389 1511 lectilem,
401 1452 493 1498 aratro
507 1449 609 1512 atingo
622 1448 756 1498 utentium
770 1447 806 1497 ad

261 1534 343 1584 agros
354 1517 498 1580 colendos,
511 1516 602 1582 phiala
613 1516 649 1566 ad
663 1523 744 1582 potus
758 1531 807 1581 pa-

260 1587 377 1650 randos,
398 1589 488 1638 securi
508 1587 544 1637 ad
565 1587 657 1638 varios
675 1602 740 1638 nsus
758 1587 805 1636 do-

261 1658 400 1719 mesticos,
414 1658 603 1708 monetKruse
615 1656 671 1720 l.l.,
684 1656 806 1722 quiScy·

262 1728 369 1778 tharum
388 1727 521 1777 Herodoti
542 1732 569 1777 ct
589 1727 740 1777 Esthouum
761 1741 805 1776 res

162 1833 165 1838 -
262 1797 372 1848 omnino
387 1813 467 1861 parea
484 1812 543 1846 esse
558 1796 698 1847 contendit
716 1795 805 1846 addit-

262 1883 324 1934 que,
344 1866 432 1917 adhuc
446 1866 521 1931 apud
534 1866 671 1916 Esthones
687 1881 734 1917 eas
750 1881 805 1927 res,

261 1952 332 2002 quae
359 1936 480 1986 divinam
507 1934 677 1985 voluntatem
702 1933 806 2000 siguifi-

260 2012 337 2067 ceut,
357 2005 390 2056 de
409 2005 485 2056 coelo
504 2004 631 2070 delapsas
643 2004 707 2055 dici.
737 2003 807 2053 Mihi

261 2080 374 2143 propius
393 2075 468 2125 adh.
488 2074 506 2126 l.
527 2075 656 2126 accedere
678 2073 806 2125 videntur

262 2161 310 2208 aa,
337 2159 407 2210 quae
426 2144 543 2209 Scythas
570 2144 709 2195 Asiaticos
731 2143 806 2209 apud

260 2213 444 2264 Alexandrum
463 2214 641 2264 Macedonum
658 2229 748 2280 regem
767 2213 805 2263 lo-

262 2282 805 2348 quentesiacilCurtius,quiverasepro-

261 2353 332 2403 ierre
344 2351 451 2414 asserit,
465 2351 688 2416 vr1,8.§.8(17):
704 2353 805 2414 „Dona

260 2422 339 2471 nobis
354 2420 418 2470 data
434 2425 507 2481 sunt,
520 2436 553 2470 no
566 2421 727 2485 Scytharum
740 2437 804 2485 geu-

262 2497 315 2540 tem
334 2491 457 2556 ignores,
476 2492 557 2554 tregam
577 2491 661 2548 boma,
680 2498 803 2550 aratrum,

261 2562 349 2620 hasta,
364 2562 457 2625 sagitta
471 2566 499 2609 et
506 2569 607 2624 patera.
633 2560 684 2611 His
703 2562 805 2611 utimur

262 2636 289 2682 et
303 2647 363 2681 cum
379 2629 474 2680 amicis
488 2634 516 2679 et
528 2628 660 2681 adversus
671 2631 804 2682 inimicos.

260 2703 363 2766 Fruges
384 2699 481 2749 amicis
498 2698 595 2748 damus
614 2699 694 2750 boum
713 2700 805 2751 labore

262 2771 418 2837 quaesitas:
443 2770 540 2835 patera
565 2784 626 2819 cnm
645 2769 688 2819 his
712 2771 805 2819 viuum

261 2841 314 2891 diis
325 2840 458 2900 libamus,
478 2838 604 2889 inimicos
620 2839 722 2904 sagitte
741 2839 805 2887 emi-

261 2926 320 2971 nus,
334 2908 415 2959 hasta
426 2909 550 2959 cominus
566 2908 712 2973 petimus.“
729 2909 806 2970 Quae

261 2979 354 3029 eadem
375 2993 485 3028 munera
506 2979 565 3027 eive
579 2977 703 3042 symbola
724 2976 806 3027 aliter

262 3047 398 3112 explicere
412 3046 518 3098 studuit
537 3047 650 3097 Hansen
668 3046 687 3098 l.
706 3045 723 3095 l.
741 3062 803 3112 pag.

216 3125 219 3131 '
260 3116 309 3177 85,
327 3131 388 3166 curn
400 3117 428 3166 in
439 3116 596 3169 Herodoteo
610 3116 670 3168 loco
684 3121 806 3167 aratrum

262 3187 296 3236 ad
309 3201 389 3250 agros
402 3184 546 3247 colendos,
568 3186 660 3251 iugum
676 3186 714 3236 nd
729 3186 805 3251 plau-

261 3260 335 3318 stra,
347 3255 484 3319 inquibus
499 3254 628 3305 nomades
638 3257 749 3315 vivunt,
763 3271 805 3306 se-

260 3324 344 3375 curim
353 3323 389 3374 ad
400 3325 489 3388 regios
502 3322 619 3385 Scythas
631 3329 658 3375 et
673 3323 708 3373 ad
722 3323 804 3385 bella,

260 3393 380 3460 phialam
395 3392 430 3442 ad
447 3392 593 3442 bibendum
604 3395 699 3444 referri
712 3394 804 3446 veliet.

259 3465 337 3514 Haec
350 3463 434 3528 igitur
450 3465 580 3527 quattuor
599 3479 746 3514 muneras.
765 3467 804 3514 in-

260 3536 412 3583 strumenta
426 3531 498 3596 quod
511 3530 626 3584 coelitus
637 3533 750 3597 delapsa
764 3535 804 3584 di-

260 3601 804 3667 cunturetdiligentissimeservariadco-

259 3687 312 3738 que
335 3678 464 3738 tanquam
485 3686 529 3722 res
555 3688 650 3723 sacrae
667 3674 720 3725 coli
741 3690 803 3724 mox

259 3742 406 3793 traduntur
417 3756 477 3807 cap.
490 3744 516 3805 7,
531 3742 653 3792 divinam
665 3743 804 3807 quandam

258 3815 314 3863 vim
331 3812 431 3863 habere
446 3816 529 3878 atque
550 3813 578 3861 iu
600 3813 680 3864 rebus
703 3812 802 3863 divinis

258 3882 327 3948 ipsis
339 3883 478 3933 numerari
488 3898 566 3932 nemo
576 3898 630 3932 non
644 3885 738 3945 sentit,
755 3885 802 3950 qui

259 3952 407 4017 antiquitus
420 3952 493 4017 apud
505 3952 576 4003 alias
590 3968 696 4018 quoque
706 3960 802 4018 gentes

258 4020 412 4072 huiusmodi
425 4037 468 4071 res
481 4020 514 4070 de
525 4020 602 4072 coelo
617 4021 745 4088 delapsas
758 4039 801 4073 su-

259 4105 320 4140 cras
332 4089 427 4141 haberi
439 4091 561 4152 noverit,
581 4096 612 4140 ut
623 4107 651 4141 v.
666 4108 690 4142 c.
703 4093 802 4143 Roma-

259 4175 353 4209 norum
365 4159 469 4222 ancile,
481 4164 509 4208 et
520 4159 686 4211 Graecorum
699 4177 721 4211 ι.
733 4163 800 4213 Tro·

859 748 982 797 iauorum
1001 746 1170 810 Palladium,
1192 748 1248 798 alia
1263 748 1290 800 id
1304 764 1390 814 genus,

856 817 955 882 quibus
977 818 1099 868 divinum
1123 816 1253 883 quiddam
1277 818 1391 883 portendi

856 888 1011 937 hominibus
1036 903 1071 938 ac
1100 887 1234 938 declarari
1257 889 1391 954 putabant.

856 955 896 1006 dc
917 961 1014 1023 sponte
1034 957 1081 1008 hic
1097 957 1124 1007 iu
1147 962 1265 1008 mentem
1289 959 1393 1009 veniunt

860 1026 975 1091 lapides,
987 1028 1032 1091 qui
1041 1027 1117 1078 coelo
1127 1027 1268 1090 decidunt,
1277 1026 1394 1077 aetolithi

856 1095 938 1160 vulgo
959 1102 1109 1158 vocantur,
1134 1102 1162 1147 et
1184 1097 1294 1162 quidem
1317 1098 1392 1163 ignei,

856 1181 923 1231 quos
950 1180 1029 1216 nemo
1052 1172 1165 1232 tangere
1187 1167 1290 1233 possit,
1316 1168 1392 1216 donec

855 1242 977 1301 tempore
1000 1236 1093 1301 aliquo
1110 1236 1297 1302 praeterlapso
1323 1236 1392 1287 reiti-

855 1307 956 1355 xcrint:
972 1304 1051 1371 quale
1064 1307 1094 1356 in
1105 1307 1153 1367 iis,
1165 1321 1237 1371 qnae
1248 1307 1392 1357 Herodotus

854 1375 963 1437 retulit,
981 1376 1107 1441 'Pargitai
1120 1375 1182 1425 filiis
1199 1377 1315 1438 accidit,
1336 1392 1392 1442 qno

855 1461 915 1495 rum
927 1444 1029 1509 primus
1044 1452 1071 1495 et
1088 1445 1158 1497 alter
1170 1461 1267 1496 aurum
1282 1446 1315 1496 de
1326 1445 1392 1496 coelo

856 1514 997 1579 delapsum
1031 1515 1139 1580 igneum
1176 1520 1291 1582 tangere
1322 1516 1391 1565 initio

856 1584 929 1635 haud
944 1585 1051 1649 potuit,
1074 1585 1121 1636 sed
1138 1587 1333 1650 superveniens
1348 1589 1392 1635 ter-

858 1658 913 1705 tius
926 1669 1022 1704 aurum
1039 1656 1233 1720 refrigeratum
1248 1654 1392 1716 sustulit*).

856 1727 954 1790 Itaque
969 1723 1001 1773 de
1020 1725 1162 1774 aiirolitlris
1179 1724 1207 1775 h.
1230 1724 1248 1776 i.
1268 1726 1393 1790 cogitavit

855 1794 897 1844 al.
916 1794 949 1844 de
965 1793 1128 1844 Humboldt:
1153 1795 1220 1845 Asie
1238 1795 1357 1845 centrale
1373 1795 1392 1844 Ι.

857 1880 884 1929 p.
895 1862 1358 1930 4083eqq.riligem.Zeitung1838.
1370 1880 1393 1928 p.
1479 1897 1480 1912 2

856 1932 935 1983 2203.
950 1932 1091 1984 Cosmosl.
1103 1950 1129 1999 p.
1139 1933 1202 1996 395,
1214 1934 1392 2000 itemqueliei·

856 2001 973 2053 eirardus
984 2001 1046 2052 loeo
1058 2019 1120 2053 mox
1134 2002 1290 2066 laudando,
1306 2010 1333 2055 et
1345 2005 1392 2053 los.

856 2073 890 2122 de
902 2073 1054 2126 flammam
1068 2072 1234 2124 Geschichte
1247 2075 1273 2124 d.
1286 2073 1393 2140 goidneu

855 2141 948 2193 Horde
961 2158 988 2206 p.
1002 2143 1049 2205 15,
1069 2143 1115 2192 nbi
1128 2144 1272 2208 antiquam
1290 2158 1393 2194 comme
1479 2165 1480 2168 ¹

855 2216 946 2261 morat
958 2212 1068 2275 tamam,
1085 2213 1114 2263 in
1128 2228 1183 2278 qua
1194 2213 1258 2264 loco
1272 2214 1332 2263 auri
1341 2228 1393 2264 coe·

854 2279 1040 2402 lrilttrtrlsrdelapsi
1057 2281 1129 2348 lapis
1145 2283 1298 2335 adrolithus
1315 2283 1393 2348 prole

889 2477 1012 2554 ἄροτρόν
1022 2504 1049 2539 τε
1065 2486 1113 2538 καὶ
1127 2480 1210 2554 ζυγὸν
1222 2486 1270 2540 καὶ
1284 2482 1393 2554 σάγαριν

855 2553 901 2608 καὶ
917 2555 1033 2625 φιάλην]
1053 2559 1152 2612 Exstat
1167 2566 1282 2613 anctore
1294 2561 1347 2613 Ios.
1364 2560 1393 2611 de

854 2629 984 2681 Hammer
996 2630 1014 2681 l.
1024 2630 1043 2681 1.
1053 2646 1115 2697 pag.
1126 2632 1142 2682 5
1152 2632 1307 2683 'Parcarum
1318 2632 1391 2692 lama,

857 2698 952 2764 Oylrua,
962 2700 1052 2765 gentis
1063 2705 1203 2752 auctorem
1212 2708 1296 2768 atque
1308 2701 1392 2751 condi-

856 2772 956 2831 torem,
984 2784 1032 2820 ιιι
1051 2769 1122 2821 filios
1138 2786 1202 2821 suos
1222 2772 1343 2822 emisisse
1361 2768 1391 2819 ad

856 2838 1063 2902 periclitandam
1088 2840 1240 2903 fortunam3
1270 2843 1317 2907 qui
1338 2856 1391 2891 cum

856 2921 948 2958 arcum
958 2915 1066 2976 tresque
1074 2911 1192 2975 sagittas
1203 2928 1237 2962 ex
1247 2912 1394 2977 peregriua·

857 2977 931 3028 tione
944 2978 999 3043 ipsi
1012 2978 1179 3041 retulissent,
1189 2986 1296 3046 patrem
1308 2996 1392 3031 arcum

855 3046 943 3097 tribus
956 3048 1105 3100 maioribus
1120 3056 1187 3101 natu
1205 3049 1271 3102 filiis
1284 3052 1392 3110 dedisse,

856 3117 975 3181 sagittas
991 3119 1079 3169 tribus
1098 3120 1259 3173 minoribus.
1280 3122 1337 3172 Iam
1355 3135 1393 3168 ar-

856 3200 903 3235 cus
918 3187 1134 3256 sagittarumque
1150 3191 1211 3241 loco
1230 3192 1304 3256 apud
1315 3191 1392 3240 liero-

856 3254 949 3304 dotum
962 3262 1167 3310 commemorari
1176 3262 1217 3310 ait
1228 3262 1362 3311 Hammer.
1375 3258 1391 3308 l.

854 3323 873 3373 1.
885 3340 948 3389 pag.
963 3327 1015 3378 534
1028 3343 1141 3379 munera
1158 3330 1275 3381 coelitus
1288 3331 1392 3394 delapsa

856 3395 958 3457 aratri,
971 3395 1045 3461 iugi,
1056 3400 1156 3449 securis
1168 3416 1200 3450 ac
1216 3400 1338 3465 phialae,
1355 3399 1390 3448 id·

856 3480 909 3529 que
922 3464 1010 3529 ipsum
1024 3468 1096 3518 idem
1106 3476 1249 3535 comparat
1266 3486 1324 3522 cum
1341 3469 1390 3518 alia

854 3535 1007 3585 Turcarum
1023 3537 1107 3600 sama,
1120 3555 1187 3603 quae
1197 3545 1289 3591 tamen
1301 3541 1333 3589 ab
1343 3541 1391 3588 He·

855 3604 975 3655 rodoteis
998 3604 1108 3672 lougius
1137 3609 1239 3660 distare
1263 3611 1390 3661 rideatur.

854 3674 999 3725 Roichard.
1017 3675 1034 3726 l.
1052 3676 1070 3726 l.
1087 3694 1149 3742 pap.
1163 3680 1194 3728 12
1208 3684 1264 3729 not.
1281 3677 1390 3745 quaerit,

854 3758 918 3793 num
939 3745 973 3794 de
994 3746 1136 3798 adtolitlris
1154 3748 1200 3799 hic
1224 3747 1389 3816 cogitandum

854 3815 891 3863 sit
910 3830 945 3864 au
961 3817 1053 3879 potius
1076 3818 1110 3868 de
1136 3819 1262 3869 auriferis
1282 3818 1388 3869 Russiae

853 3883 996 3934 orientalia
1021 3888 1192 3951 regionibus,
1217 3906 1283 3954 opes
1306 3901 1389 3939 neces·

853 3955 956 4013 sarias,
974 3956 1072 4019 quibus
1095 3956 1139 4007 ille
1153 3957 1252 4009 iratres
1268 3971 1388 4023 superare

851 4026 1249 4090 potuerit,suppeditantibus.
1274 4031 1388 4091 Namque

851 4094 879 4142 iu
892 4097 970 4158 regni
979 4094 1113 4146 divisione
1126 4097 1197 4148 inter
1210 4099 1306 4149 iratres
1318 4095 1387 4146 insti·

852 4168 911 4213 tuta
927 4163 1036 4227 Gelani,
1053 4169 1164 4217 minimo
1177 4174 1258 4233 natu,
1278 4184 1335 4218 earn
1349 4181 1387 4215 sa·

306 4393 335 4456 f).
346 4394 413 4444 erere
427 4395 529 4436 accedero
544 4410 587 4457 non
601 4409 691 4458 possum
704 4399 751 4438 viro
765 4398 831 4458 docto
847 4400 955 4447 (Classical
969 4402 1067 4444 itinerum
1081 4404 1151 4445 xxti.
1167 4419 1188 4458 p.
1199 4405 1257 4456 383),
1270 4405 1306 4457 qni
1321 4406 1340 4445 iu
1355 4402 1384 4442 iris

256 4450 350 4497 vestigia
364 4445 468 4499 quandam
482 4447 588 4489 ordalium
602 4462 691 4501 agnosci
707 4462 772 4503 poseo
786 4452 909 4492 arbitratur.
