3042 5125
260 372 299 436 12
694 374 964 437 HERODO'PI

210 575 229 637 6
256 595 292 639 τι
306 567 361 637 orl
373 578 463 657 τρεῖς
478 559 603 655 ἡμέρας
616 560 714 651 ὸδὸν,
734 562 887 656 ἄνυδρόν
900 568 969 637 ἰστι
984 569 1114 647 δεινῶς.
1154 562 1199 635 Τὸ
1220 565 1258 637 δδ
1286 566 1396 654 ὀλίγοι

254 677 325 743 τοῖν
347 673 381 751 ἐς
395 679 570 756 Αἰγυττον
592 672 865 757 ναυτιλλομένων
886 667 1106 754 ἐννενώκασι,
1139 674 1237 741 τοῦτο
1258 676 1395 760 ἔρχομαι

255 773 406 866 φράσον.
438 776 472 854 ἐς
488 783 665 860 Αἰγυττον
678 775 715 843 ἑκ
728 778 787 862 τῆς
796 769 952 854 Ἑλλοὶδος
967 772 1075 861 τιᾶσης
1087 774 1144 842 καὶ
1159 771 1241 862 πρὸς
1255 777 1291 844 ἐκ
1311 783 1393 844 Φοι·

254 887 351 968 νίκης
364 878 506 966 κέραμος
526 875 678 964 ἐσάγεται
699 877 828 966 πλήρης
848 887 945 947 οἰνον
965 878 1017 957 δὶς
1036 880 1097 948 τοῦ
1126 883 1215 958 ἔτεος
1235 877 1393 948 ἑκάστου·

255 986 312 1054 καὶ
326 987 363 1052 ἓν
376 979 538 1069 κεράμιον
551 978 690 1069 οἰνηρὸν
709 977 845 1075 ἀριθμῷ
865 988 1022 1070 κείμενον
1042 976 1105 1049 οὐκ
1125 987 1211 1065 ἐστι,
1241 977 1285 1062 ὡς
1304 980 1395 1076 λόγῳ

256 1094 381 1173 elusio,
402 1085 548 1155 ἰδέσθαι.
572 1089 635 1154 κοῦ
650 1089 748 1173 δῆτα,
773 1095 862 1154 sinor
876 1113 925 1165 τις
945 1078 998 1166 ὸν,
1018 1088 1123 1152 ταῦτα
1140 1080 1393 1174 ἆναισιμοῦται;

255 1253 415 1323 (Erdlrunde
429 1254 505 1304 XVI.
523 1269 550 1318 p.
573 1251 644 1316 184.)
664 1257 796 1310 statuam,
847 1252 1020 1304 introductae
1033 1252 1144 1314 suerint,
1159 1257 1345 1317 quantumque
1354 1254 1394 1302 ri-

255 1326 430 1393 Typhonem,
453 1339 531 1389 quem
556 1322 635 1373 deum
660 1324 798 1389 proprium
848 1325 877 1374 ni
891 1323 1082 1374 commercium
1103 1323 1227 1373 floruerit
1244 1322 1327 1374 hasce
1346 1339 1395 1389 per

254 1398 307 1448 sibi
318 1394 483 1459 sumpserint
491 1393 652 1458 peregrinae
663 1392 798 1458 illaegen·
849 1394 984 1458 regiones.

255 1473 310 1529 tes,
334 1480 404 1531 quae
429 1464 511 1528 vulgo
535 1468 668 1513 vocantur
693 1465 798 1528 Hyksos
884 1458 931 1512 καί
943 1455 977 1511 ’ἓν
988 1452 1123 1527 κεράμιον
1140 1452 1259 1526 οἰνηρὸν
1275 1449 1394 1528 desipui

255 1537 303 1602 (ci.
313 1533 426 1587 nett.ud
437 1533 474 1596 11,
486 1531 597 1595 128),οο
608 1532 668 1583 loco
679 1534 798 1583 occisum
849 1549 874 1583 κ.
895 1548 917 1582 τ.
941 1531 976 1598 λ]
998 1532 1016 1582 i.
1032 1548 1056 1582 e.
1078 1533 1246 1596 Quamquam
1262 1535 1303 1581 tot
1320 1531 1394 1582 dolia

253 1606 401 1673 perhiberi,
417 1604 452 1654 ad
466 1617 546 1667 quem
559 1618 646 1667 usque
660 1602 723 1652 illae
734 1619 799 1668 gen·
849 1603 912 1653 rino
923 1602 1028 1667 repleta
1040 1601 1185 1666 quotannis
1198 1601 1226 1650 in
1239 1601 1393 1666 Aegyptum

254 1683 296 1728 tes
310 1677 345 1726 ab
360 1673 494 1736 indigenis
517 1673 659 1738 Aegyptiis
679 1673 797 1723 reiectae
849 1673 1037 1737 importantur,
1048 1676 1140 1721 tanum
1149 1686 1183 1721 ne
1193 1686 1276 1720 unum
1286 1671 1394 1737 quidem

253 1746 365 1797 fuerint.
375 1772 405 1780 -
416 1744 449 1794 In
458 1742 573 1804 singulis
581 1742 729 1793 Herodotis
739 1758 798 1793 rer·
847 1743 961 1792 istorum
976 1740 1107 1791 doliorum
1119 1740 1271 1804 figlinorum
1283 1756 1330 1806 per
1340 1742 1393 1792 Ae-

252 1818 296 1867 bis
315 1805 532 1875 retinuiTvpei,
550 1827 609 1860 cum
628 1813 754 1863 Dindori.
769 1818 798 1862 et
848 1818 962 1878 gyptum
990 1811 1082 1861 videre
1107 1811 1180 1862 licet.
1218 1813 1308 1873 Quare
1334 1812 1393 1862 iure

253 1879 638 1943 Dietscbedidissentu‘vqu.
652 1882 796 1946 Equidem,
848 1882 1016 1948 quaesieris,
1046 1880 1111 1946 quid
1135 1881 1196 1930 istis
1223 1880 1305 1931 doliis
1328 1881 1392 1944 liat,

254 1959 279 2007 si
293 1955 358 2021 quid
372 1951 545 2012 mutandum,
567 1950 658 2000 malim
675 1952 796 2003 scribere
847 1967 992 2017 quamnam
1010 1952 1045 2001 ad
1063 1967 1118 2001 rem
1135 1950 1330 2013 adhibeantur,
1353 1954 1393 2001 ita

255 2023 390 2088 Τυφῶνα,
402 2019 723 2087 quodaupralepiturll,
736 2023 795 2084 144,
847 2025 878 2072 nt
897 2038 929 2072 ex
950 2021 1087 2071 hominum
1108 2025 1258 2085 conspectu
1280 2037 1392 2086 prorsus

253 2094 379 2161 quodque
399 2093 483 2142 etiam
500 2093 529 2140 in
542 2090 672 2154 Stephani
690 2093 796 2153 Byzan·
847 2096 1024 2142 evanescant.
1056 2090 1099 2141 Ad
1113 2090 1182 2141 hanc
1196 2091 1392 2155 quaestionem,

253 2165 304 2215 tini
316 2164 377 2214 loco
391 2178 414 2213 a.
427 2178 453 2212 v.
462 2151 538 2225 Ἦριὸ
555 2176 603 2225 pro
617 2160 690 2226 vulg.
707 2152 797 2223 Τοφοὸ
848 2162 875 2211 iu
889 2176 968 2227 quam
982 2176 1198 2226 unumquemque
1210 2167 1307 2225 sponte
1326 2160 1392 2211 inci-

252 2235 409 2285 restitutum
423 2232 513 2281 video.
539 2230 623 2281 Plura
635 2231 753 2282 Bredov.
768 2248 794 2296 p.
848 2232 912 2281 dere
928 2235 1138 2281 cousentaneum
1151 2235 1201 2292 est,
1217 2231 1269 2279 iam
1282 2247 1392 2293 respon·

252 2305 375 2367 subseq.
411 2299 542 2350 Voculam
559 2286 615 2364 ἤδη
633 2300 796 2364 postverba
848 2300 893 2350 det
913 2299 1083 2362 Herodotus,
1105 2316 1181 2349 usum
1201 2299 1333 2351 doliorum
1356 2301 1391 2350 ad

252 2363 311 2421 riui)
329 2360 431 2434 ταύτης
450 2385 511 2420 cum
528 2369 615 2418 (laiss.
635 2384 667 2418 er
691 2369 796 2435 aliquot
847 2368 1390 2435 aquasperdesertaserendasindicaus3

251 2442 328 2492 libris
344 2441 448 2504 recepi3
465 2439 752 2502 cs.Hartuug.Lehre
769 2439 795 2491 d.
846 2456 960 2506 quorum
987 2439 1120 2489 doliorum
1149 2439 1299 2504 figlinorum
1329 2439 1392 2490 loco

253 2528 293 2579 gr.
307 2508 412 2562 Partik.
426 2510 449 2560 I.
460 2524 486 2574 p.
502 2508 563 2558 238.

287 2571 348 2629 ἄλλ’
365 2570 433 2629 ὅσον
445 2593 474 2628 τε
487 2569 533 2627 int
547 2579 620 2641 τρεῖς
641 2566 746 2643 ἡμέρας
766 2568 795 2627 ὸ-

253 2642 315 2717 δόν]
345 2650 412 2700 Cum
427 2665 444 2700 a
456 2648 537 2700 Casio
554 2652 645 2698 monte
658 2663 746 2712 usque
761 2648 795 2698 ad

252 2724 378 2786 Ienyaum
389 2720 441 2770 iter
450 2719 487 2770 sit
500 2719 549 2767 XV
563 2716 670 2769 milliar.
685 2719 795 2769 Germa-

252 2793 331 2854 nice,
347 2806 364 2840 a
376 2789 524 2840 Serbouide
538 2787 600 2839 lucu
612 2787 680 2839 adeo
697 2789 794 2851 minus,

251 2863 396 2912 Persarum
409 2859 555 2910 exercitum
574 2862 691 2922 quatuor
705 2860 795 2922 quoti-

252 2932 295 2982 die
310 2930 463 2982 conieciase
478 2927 606 2978 milliaria
617 2929 716 2977 statuit
725 2930 796 2978 Ren-

251 3002 305 3052 nel.
325 3001 344 3051 l.
357 3000 377 3051 l.
392 3015 420 3064 p.
435 2999 495 3049 41111.
516 3026 549 3032 -
571 2997 612 3046 Ad
625 2998 710 3047 verba
728 2986 796 3046 ἄνν-

252 3061 322 3130 δρὸν
341 3060 397 3118 ἔστι
417 3064 517 3123 δεινῶς
533 3066 606 3116 conl.
625 3066 668 3129 11,
688 3068 746 3119 141).
769 3068 795 3118 7.

251 3141 304 3200 ΠΙ,
313 3141 338 3188 4.
351 3138 399 3196 IV,
413 3138 469 3187 185.
482 3135 589 3185 Arrian.
604 3137 707 3200 Exped.
718 3135 795 3187 Alex.

250 3209 308 3270 Ill,
325 3211 355 3268 4,
373 3206 383 3257 l
398 3206 464 3270 ibiq.
478 3204 595 3254 Ellendt.

456 3373 520 3424 Osa.
536 3375 584 3426 VI.

286 3466 466 3545 ἐννενώκασι]
509 3478 551 3528 Ad
579 3477 693 3528 sormam
721 3479 793 3529 conf.

846 2525 917 2559 nunc
932 2524 1009 2559 nemo
1024 2510 1113 2560 nescit
1124 2509 1273 2560 adhiberis
1287 2511 1392 2576 protici-

848 2580 987 2631 scentihus
997 2585 1081 2630 utres.

880 2640 1016 2713 κεράμιον
1030 2641 1147 2714 οἰνηρὸν
1161 2668 1193 2700 ex
1211 2650 1263 2701 hoc
1280 2650 1341 2701 loco
1354 2652 1393 2702 ci·

847 2724 908 2769 tant
928 2718 1024 2770 Pollux
1048 2721 1116 2780 XII,
1135 2720 1194 2771 llil.
1207 2736 1234 2784 p.
1261 2721 1311 2770 802
1332 2738 1391 2786 seq.

846 2790 1014 2849 Hemsterh.,
1029 2791 1075 2840 ubi
1089 2790 1125 2840 cf.
1137 2790 1263 2852 interprr.
1281 2796 1309 2840 et
1322 2791 1392 2841 Belr-

847 2858 905 2909 lrer.
920 2859 1076 2910 Anecdd.1.
1092 2875 1155 2923 pag.
1171 2860 1236 2917 110,
1250 2859 1293 2910 82.
1308 2860 1391 2911 Athe·

846 2945 931 2979 naeus
947 2930 995 2980 xl.
1010 2946 1035 2994 p.
1048 2929 1099 2982 413
1115 2930 1145 2980 B.
1169 2927 1336 2980 Clitarchum
1349 2930 1390 2979 ui-

847 2999 938 3048 sertin
949 2998 1063 3056 Glossis,
1078 2999 1123 3064 qui
1137 2989 1168 3047 τὸ
1184 2990 1319 3064 κεράμιόν
1334 3014 1389 3063 φη-

848 3056 1000 3125 σιν”ἰωνας
1013 3060 1103 3117 κάδον
1117 3068 1220 3117 καλεῖν,
1240 3068 1308 3121 Λδδ,
1325 3069 1389 3118 Bre-

847 3137 912 3188 dov.
926 3154 990 3203 pag.
1013 3139 1061 3189 182
1081 3154 1156 3202 seqq.
1173 3166 1208 3174 -
1225 3130 1258 3186 ‘lv
1271 3128 1390 3202 α’ριθμῷ

847 3204 911 3267 (‚,ne
922 3226 994 3257 αιιαιιι
1007 3210 1103 3273 quidem
1116 3206 1249 3273 numero“)
1267 3223 1320 3256 uon
1332 3207 1390 3271 qui·

830 3276 906 3338 ‚dem
924 3276 1110 3339 abundanter,
1124 3276 1170 3326 sed
1194 3277 1338 3342 gravitatis
1361 3281 1390 3326 et

846 3348 999 3397 sententiae
1010 3347 1149 3409 augendae
1167 3362 1251 3396 cansa
1266 3346 1390 3397 additum

845 3420 920 3480 puto.
951 3416 1028 3468 Coni.
1044 3416 1168 3466 Weiske:
1187 3417 1229 3465 De
1239 3415 1389 3480 pleonasm.

845 3486 877 3536 L.
905 3485 951 3536 Gr.
980 3502 1006 3550 p.
1034 3488 1077 3538 45.
1101 3485 1144 3535 48.
1185 3486 1238 3535 Pro
1264 3480 1389 3549 ἰδέσθαι,

251 3564 321 3615 quae
333 3548 450 3599 diximus
464 3548 537 3609 adl,
554 3547 627 3598 luet
646 3549 674 3607 I,
689 3548 736 3609 683
758 3548 794 3598 ad
845 3554 917 3619 quod
941 3571 1000 3605 cum
1026 3555 1086 3605 edd.
1115 3559 1230 3607 receutt.
1262 3558 1388 3621 reposui,

251 3621 437 3683 argumentum
452 3619 525 3669 coni.
540 3622 610 3669 nott.
624 3617 658 3668 ad
669 3619 725 3679 ΙΙΙ,
740 3618 766 3668 5.
846 3624 908 3675 olim
924 3617 1061 3674 εἰδέσδαι.
1094 3626 1136 3675 Tu
1150 3625 1222 3675 coni.
1235 3626 1258 3681 Ι.
1273 3625 1307 3676 88
1322 3626 1388 3691 ibiq.

284 3682 405 3753 κέραμος
424 3676 550 3751 ἐσάγεται
568 3679 676 3752 πλήρης
696 3685 787 3754 οἴνου]
840 3697 909 3744 nott.
924 3693 1000 3744 Intra
1012 3695 1070 3756 111,
1092 3694 1123 3744 12
1141 3691 1239 3744 ἰδοιτο.
1263 3697 1317 3746 Ρτο
1331 3694 1387 3746 κεί-

250 3750 370 3823 ιιὲραμος
390 3756 532 3808 collective
556 3758 602 3807 hic
621 3757 655 3807 de
677 3762 745 3809 vasis
758 3762 791 3823 fi·
841 3776 927 3827 μενον
953 3761 983 3823 (ἰ.
1009 3778 1033 3813 e.
1057 3762 1202 3829 repositius)
1226 3766 1332 3831 aliquot
1355 3766 1389 3815 li·

248 3832 333 3891 minis,
347 3828 380 3878 de
392 3830 539 3879 cadorwaa.
548 3826 679 3878 doliorum
690 3844 790 3877 ιιαιιιενο
841 3833 883 3883 bri
898 3824 994 3881 κεινὸν
1011 3831 1040 3896 (i.
1055 3849 1079 3883 e.
1092 3851 1208 3893 vacuum,
1225 3834 1388 3900 sedulius),

250 3913 272 3946 s.
280 3899 432 3949 multitudine
443 3897 657 3963 intelligendum.
671 3896 790 3947 Afferth.
844 3902 915 3967 qnod
942 3918 1082 3967 perperam
1116 3904 1219 3967 recepit
1248 3905 1387 3957 Schueier.

249 3965 790 4032 v.intersliaexemplasingularisnume·
842 3972 912 4021 Nam
937 3988 951 4022 e
972 3971 1074 4023 scholio
1093 3978 1187 4023 natum
1210 3974 1333 4034 videtur,
1357 3980 1388 4027 ut

250 4036 273 4083 ri
285 4052 333 4100 pro
345 4035 441 4100 plurali
452 4038 535 4100 positi
543 4035 665 4086 Fischer.
673 4035 708 4085 sd
719 4036 791 4086 Wel·
842 4045 916 4091 reete
936 4043 1040 4092 monuit
1062 4043 1214 4107 Schweigh,
1252 4043 1292 4093 Ad
1313 4044 1389 4095 1000.

250 4102 357 4165 ler.111,
366 4120 390 4155 a.
399 4106 792 4169 pag.300.Deipssvoceeius·
842 4111 945 4161 tionem
958 4101 996 4169 ὡς
1008 4102 1079 4177 λόγῳ
1093 4108 1184 4163 εἰπεῖν
1195 4114 1268 4165 cons.
1283 4116 1327 4177 II,
1343 4116 1387 4167 21.

250 4188 302 4237 que
310 4172 511 4237 significatione
521 4174 592 4225 conf.
602 4174 692 4224 Photii
699 4175 791 4225 Lesic.
843 4180 876 4232 53
890 4179 981 4245 ibique
993 4185 1064 4232 nott.

249 4257 276 4305 p.
300 4241 357 4293 llu.
393 4244 454 4292 Hoc
471 4259 536 4293 vero
554 4259 588 4293 ex
598 4243 672 4303 loco,
691 4245 791 4309 optime
877 4247 930 4299 κοῦ
943 4248 1061 4315 δῆτα-
1075 4248 1160 4301 ταῦτα
1173 4242 1385 4320 ἀναισιμοῦται]

249 4315 374 4360 monente
385 4312 501 4363 Heeren.
515 4311 607 4362 Ideeu.
621 4314 643 4375 1,
659 4315 684 4364 2.
700 4330 726 4378 ρ.
743 4314 789 4364 121
841 4318 1034 4371 EPloreutino
1042 4336 1127 4386 nuper
1134 4328 1270 4387 receptum
1278 4316 1388 4372 ἀναισι-

250 4387 277 4429 et
296 4379 341 4441 11,
356 4381 382 4432 2.
396 4397 422 4446 p.
436 4380 501 4441 382,
521 4382 695 4448 intelligitur,
710 4398 793 4448 quae·
843 4386 987 4454 μοῦνται,
1016 4390 1158 4442 addicente
1181 4408 1236 4442 uno
1260 4393 1388 4444 Parisino

249 4465 312 4500 nam
324 4464 368 4500 res
381 4466 398 4501 a
406 4450 588 4503 Phoenicibus
600 4453 629 4502 in
639 4452 793 4520 Aegyptum
845 4462 927 4524 atque
939 4457 1054 4525 Aldina,
1067 4476 1116 4526 pro
1127 4460 1201 4528 vulg.
1221 4452 1388 4527 ἆναισιμοῠ·
