3042 5125
421 379 745 442 unneonnnu.
768 380 825 440 1v.
842 390 887 444 το.
909 389 952 445 τι.
1192 379 1254 440 425
1280 350 1283 355 ’

136 574 231 661 κρεῶν
258 569 435 660 ἐξεύρηται.
469 570 572 642 έπεόν
598 568 800 660 ἀποδείρωσι
825 569 866 641 τὰ
889 569 995 661 ίρήια,
1022 576 1187 660 γυμνοῦσι
1214 572 1254 642 τὰ

136 673 220 746 ὀστέα
237 680 303 744 τῶν
323 679 447 764 κρεῶν·
478 682 590 745 ἔπειτα
605 675 821 763 ἐσβάλλουσι,
843 670 886 764 ἢν
900 676 963 765 μὲν
978 674 1100 762 τύχωσι
1114 683 1254 764 ἔχοντες,

135 784 163 859 ἐς
179 783 310 867 λέβητας
330 783 541 868 ἐπιχωρίους,
563 778 704 869 μάλιστα
724 787 898 868 Λεσβίοισι
920 784 1078 867 κρητῆρσι
1099 786 1252 867 προσικέ·

134 891 216 968 loos,
247 885 346 971 χωρὶς
372 880 394 971 ἦ
417 880 468 951 ὅτι
488 887 602 975 πολλῷ
623 886 776 973 μέζονας
813 887 846 963 ές
868 882 1008 962 τούτους
1037 883 1254 971 ἐσβάλλοντες

133 991 252 1073 ἕψουσι,
275 983 492 1067 ὑποκαίοντες
508 985 548 1056 τὰ
560 984 658 1058 ὀστέα
678 993 745 1058 τῶν
760 992 889 1076 ίρηΐων.
920 982 963 1074 ἢν
977 987 1013 1055 δὲ
1028 985 1072 1077 μή
1087 1009 1148 1074 σφι
1163 995 1255 1078 παρῇ

133 1094 234 1180 λέβης,
254 1095 288 1159 οί
299 1092 336 1161 δὲ
354 1095 387 1171 ές
402 1089 458 1170 τὰς
478 1094 639 1180 γαστέρας
657 1096 725 1161 τοῖν
746 1097 865 1179 ίρηΐων
885 1090 1101 1179 ἐσβάλλοντες
1119 1089 1159 1161 τόι
1173 1096 1254 1180 κρεά

132 1263 178 1307 turn
192 1257 250 1309 locs
266 1259 320 1323 ipsi
336 1259 449 1324 cognita
465 1262 602 1324 respicere
616 1262 659 1310 ait
709 1258 782 1325 quod
805 1259 886 1325 plane
908 1260 1033 1324 congruit
1058 1276 1120 1310 cum
1143 1262 1253 1313 Germa·

131 1328 251 1380 Mannert
263 1330 310 1379 lv,
323 1344 386 1393 pag.
400 1331 447 1389 71,
461 1345 521 1379 cum
535 1330 567 1380 de
580 1331 658 1380 silvis
707 1344 804 1379 norum
825 1327 1007 1393 ‘antiquorum
1032 1344 1119 1391 more,
1152 1332 1198 1396 qui
1224 1332 1253 1381 in

131 1396 176 1446 illis
182 1397 473 1464 Valachiae‚Polouiae
482 1405 566 1464 atque
576 1402 658 1450 etiam
707 1415 737 1449 re
750 1414 830 1449 sacra
848 1399 932 1449 etiarn
950 1398 1105 1449 huiusmodi
1117 1400 1253 1452 lebetibus

130 1466 232 1519 Bastiae
256 1467 339 1535 (quae
365 1473 455 1519 terrae
483 1469 518 1519 ad
538 1474 657 1521 veterem
707 1474 837 1530 utuntur,
857 1468 1004 1532 inquibus
1025 1485 1149 1531 carnem,
1171 1471 1253 1536 plane

130 1537 253 1602 Scythiam
265 1538 429 1603 pertinuisse
439 1539 658 1604 putantur)nibil
705 1544 737 1588 ut
753 1537 889 1603 Scythae,
911 1544 1030 1603 coquunt
1042 1533 1168 1602 (ἕψουσι,
1188 1557 1252 1591 nos:

130 1606 167 1656 ille
177 1609 308 1673 cognitum
320 1608 459 1660 habuerit.
484 1609 521 1658 At
534 1610 658 1660 meridio-
707 1610 811 1673 lochen,
823 1605 932 1674 rieden),
945 1624 1120 1672 coquerem,
1133 1615 1165 1660 ut
1179 1610 1252 1662 aliae

129 1676 221 1727 nulibus
243 1679 270 1728 in
287 1679 406 1730 Russiae
430 1679 577 1742 tractibus,
601 1695 658 1728 ma·
707 1683 815 1744 gentes,
840 1683 935 1728 assant
956 1676 1031 1739 (nost
1050 1677 1160 1745 broten).
1195 1681 1253 1730 Μο-

129 1747 189 1797 xime
205 1748 256 1797 illis
272 1748 382 1813 quidem
400 1746 505 1812 planis,
525 1765 558 1799 ac
578 1765 656 1814 prae·
707 1751 767 1799 nuit
778 1749 805 1798 J.
818 1748 934 1798 Grimm:
950 1747 1088 1798 Deutsche
1100 1748 1251 1815 Mytholog.

129 1816 197 1880 cipue
219 1818 246 1867 in
268 1818 428 1882 regionibus
446 1817 534 1869 Ponto
559 1820 658 1869 vicinis
707 1835 734 1883 p.
748 1817 783 1868 49
795 1817 836 1867 ed.
850 1832 905 1867 sse.
927 1818 1018 1879 Quare
1026 1817 1162 1868 Klemmio
1175 1834 1251 1870 acce·

129 1884 196 1949 (quas
204 1887 311 1937 Graecis
319 1886 437 1937 coloniis
447 1890 658 1954 occupatasNo-
706 1889 769 1938 dere
788 1902 842 1936 non
860 1901 970 1950 possum
987 1886 1252 1951 (Culturgeschicbte

129 1959 175 2005 ster
192 1958 296 2007 omnino
312 1958 390 2007 novit
407 1961 435 2006 et
449 1956 475 2006 h.
493 1957 511 2009 l.
524 1959 656 2022 respexit)
706 1957 784 2008 VIII.
796 1954 874 2020 p.ll)
886 1957 1020 2020 cogitanti
1032 1955 1081 2005 hl.
1090 1957 1125 2006 de
1135 1973 1167 2007 eo
1177 1974 1250 2009 more

129 2022 290 2092 Crimaeaque
307 2031 412 2092 quanta
430 2042 501 2078 nunc
518 2030 555 2080 sit
568 2028 657 2093 ligno·
707 2027 829 2092 gentium
838 2024 1014 2092 rudium,qno
1025 2041 1134 2075 carnem
1144 2028 1179 2076 ad
1188 2044 1251 2092 epu·

128 2109 177 2144 rum
196 2097 286 2161 inopia
303 2097 366 2161 quis
385 2098 491 2147 nescit?
527 2097 568 2148 Ad
585 2114 656 2162 qnae
705 2097 747 2147 las
759 2098 800 2147 sie
812 2098 923 2159 parant,
938 2099 969 2144 ut
981 2093 1026 2146 vel
1037 2095 1175 2147 exsiccent
1188 2113 1251 2161 snp-

128 2166 260 2227 respiciens
269 2169 373 2217 Noster
387 2166 528 2218 verissime
540 2168 606 2219 haec
616 2184 656 2218 re·
706 2169 797 2232 posito
813 2166 875 2230 igue
886 2179 919 2214 ac
929 2164 986 2215 iere
1001 2169 1123 2215 teneant
1134 2166 1178 2218 vel
1188 2167 1251 2217 sub-

129 2233 210 2285 tulisse
220 2237 358 2301 putandus
372 2236 434 2287 erit.
706 2240 814 2287 assent:
842 2235 935 2300 qualis
961 2234 1035 2299 apud
1059 2237 1200 2287 Americae
1224 2242 1252 2288 et

156 2294 217 2360 έςλέ
253 2322 301 2362 τος
316 2301 496 2369 ἐπιχωρίους]
512 2305 656 2370 Praeposi-
706 2304 862 2358 Australiae
873 2309 969 2370 gentos
979 2306 1161 2369 reperiuntur.
1186 2307 1251 2357 Cae-

128 2372 214 2424 tionsm
247 2392 259 2433 ς
278 2375 322 2425 his
339 2375 455 2426 uocibus
476 2374 559 2440 vulgo
580 2391 656 2438 prae·
706 2383 794 2427 terum
812 2376 866 2439 Ipsi
878 2374 1057 2426 Athenienses
1079 2381 1148 2427 teste
1161 2376 1258 2428 Philo·'

128 2443 223 2493 nissam
251 2463 266 2496 e
289 2444 450 2497 Florentino
473 2444 544 2494 libro
565 2445 654 2495 Gaias.
707 2446 789 2498 choro
813 2443 898 2508 (apud
917 2445 1014 2497 Athen.
1033 2446 1113 2524 lilii,
1131 2446 1176 2511 72)
1194 2447 1250 2497 Ho-

127 2513 228 2576 abieeit‚
243 2517 282 2566 its
295 2519 326 2566 ut
336 2515 388 2565 hae
399 2529 481 2567 voces
495 2514 658 2566 anteceden-
707 2517 745 2568 ris
764 2515 952 2568 sacrificantes
971 2506 1022 2564 eir.
1039 2515 1160 2577 οπτῶσι,
1180 2507 1250 2567 ἄλλα

127 2582 188 2634 tibus
204 2574 239 2650 ἢν
254 2578 305 2649 μέν
325 2576 427 2649 τύχωσι
446 2578 557 2649 ἔχοντες
575 2586 658 2637 adne—
708 2581 834 2643 ἕψουσι
848 2578 887 2634 τὰ
900 2580 992 2648 κρέα.
1004 2610 1038 2620 ·-
1052 2586 1093 2636 Ad
1103 2587 1187 2637 rerba
1199 2603 1249 2650 χω-

127 2654 228 2705 etendse
250 2657 319 2715 sint3
341 2655 467 2720 equidem
484 2671 543 2705 cnm
556 2655 656 2707 Mattb.
708 2651 752 2719 pig
768 2645 787 2721 ἢ
804 2645 849 2704 ὅτι
866 2655 939 2706 coni.
952 2654 1085 2706 Herodot.
1097 2658 1126 2719 Ι,
1140 2656 1182 2705 tc.
1200 2657 1249 2719 IV,

128 2724 150 2773 et
162 2730 268 2776 recentt.
283 2724 345 2777 edd.
358 2726 460 2775 retinui
478 2717 519 2790 ἐς,
538 2724 581 2775 vel
595 2742 656 2790 pro·
706 2727 749 2777 82.
782 2725 873 2776 Verba
897 2715 1084 2781 ὑποκαίοντες
1108 2718 1143 2774 τὰ
1168 2714 1249 2775 ὀστέα

127 2797 178 2852 pter
198 2796 279 2845 verba
305 2796 451 2859 sequentia
476 2785 505 2852 ές
530 2786 653 2852 τούτους.
706 2794 813 2847 valente
836 2811 897 2847 ossa
913 2795 958 2845 sub
973 2794 1093 2846 lebetibus
1106 2799 1191 2858 posita
1207 2813 1250 2845 ac-

127 2861 178 2911 llox
189 2866 282 2929 scripsi
295 2859 494 2927 προσικέλους,
512 2865 559 2915 ubi
571 2864 654 2925 vulso
706 2867 852 2924 rendentes,
868 2864 937 2915 adeo
949 2868 981 2912 ut
989 2862 1065 2928 ligni,
1080 2881 1132 2928 qno
1145 2869 1249 2928 carent,

128 2928 319 2995 τροτεικέλουςς
332 2934 407 2984 coni.
418 2938 488 2985 nott.
502 2934 537 2984 ad
547 2935 601 2996 111,
612 2935 653 2986 81.
704 2935 766 2985 loco
776 2934 924 2985 adhibeant
933 2948 996 2984 ossa
1006 2935 1171 2994 animalium,
1180 2951 1249 3000 quae

127 2999 161 3051 De
176 3004 273 3055 Lesbiis
290 3004 447 3055 crateribus
470 3004 528 3055 sive
548 3004 654 3069 poculis
705 3009 870 3055 mactentur.
901 3003 996 3054 Adhuc
1014 3003 1041 3052 iu
1062 3002 1250 3069 Mongolorum

127 3069 182 3121 mihi
195 3073 269 3137 plura
286 3090 342 3124 non
354 3078 497 3134 constant,
515 3090 566 3124 nee
577 3075 655 3139 quid·
706 3078 793 3125 sacris
811 3090 875 3125 ossa
896 3074 960 3129 irrue
980 3074 1103 3124 comburi
1122 3075 1250 3126 observat

127 3153 193 3198 quam
212 3142 264 3193 hac
282 3143 315 3195 de
338 3160 369 3194 rs
388 3143 502 3193 allatum
519 3144 606 3207 reperi
626 3146 653 3194 in
705 3148 862 3197 Neomann:
889 3144 942 3193 Die
963 3142 1096 3195 Hellenen
1122 3146 1159 3195 im
1179 3146 1249 3211 Sky-

127 3209 205 3263 Plehu.
219 3214 361 3263 Lesbiaco.
375 3212 458 3276 libro,
476 3213 522 3279 qui
534 3214 655 3264 Berolini
690 3215 791 3270 ,thoul
809 3216 832 3266 1.
852 3230 879 3278 p.
891 3214 944 3261 260
957 3228 1034 3296 seqq.

129 3277 295 3345 lttoprosiit.
315 3284 382 3333 Vini
392 3283 509 3334 feracem
518 3283 603 3334 luisse
616 3284 656 3333 in·
741 3278 771 3333 οἱ
783 3277 820 3332 ot
833 3275 862 3340 ές
876 3274 927 3339 τοὶς
939 3296 1074 3347 posseque
1083 3299 1108 3333 κ.
1120 3300 1142 3333 τ.
1154 3282 1190 3349 A]
1207 3287 1248 3335 De

126 3347 198 3399 sulam
211 3353 358 3417 vinumque
376 3354 460 3404 etiam
479 3354 507 3403 in
528 3352 598 3404 alias
612 3369 653 3403 re·
706 3352 841 3419 particula
861 3345 896 3401 δὲ
916 3353 988 3403 coni.
1005 3357 1075 3404 nott.
1094 3353 1129 3404 ad
1143 3355 1187 3413 11,
1204 3354 1248 3406 39.

126 3418 205 3481 gisnes
230 3423 403 3488 deportatum
434 3439 493 3474 esse
518 3425 654 3486 norimus,
703 3423 746 3474 Ad
768 3427 956 3483 argumentum
981 3422 1035 3472 loci
1063 3423 1131 3474 haec
1154 3425 1249 3474 scribit

126 3488 178 3546 tuin
194 3492 266 3557 ipsos
284 3492 391 3544 incolas
410 3493 653 3544 comissationibus
703 3493 916 3553 Wesselingius:
943 3492 1248 3552 „SustinAelian.N.
1317 3532 1319 3534 -

127 3556 226 3614 deditos.
251 3563 313 3614 vid.
326 3564 393 3614 ibid.
405 3580 432 3627 p.
445 3563 489 3615 97.
503 3564 561 3614 122.
585 3562 652 3613 Iube
703 3561 938 3624 annuimus
956 3562 1092 3612 derivata.
1124 3564 1157 3612 Iu
1173 3559 1254 3628 pelli?

125 3629 216 3692 pocula,
225 3648 303 3695 vasa,
318 3632 375 3683 alia
387 3632 415 3683 id
426 3648 512 3696 genus
525 3634 554 3682 in
563 3632 653 3683 Lesbo
703 3634 754 3683 bus
767 3631 901 3698 coquendi
919 3647 1018 3682 morem
1030 3632 1134 3681 Arabes
1150 3633 1249 3682 Bedai-

125 3697 402 3754 stslaborataetiude
413 3701 653 3767 exportatssnisse
704 3718 752 3753 nos
770 3702 900 3765 probasse
919 3701 1047 3752 Reishins
1068 3701 1247 3763 significarim

126 3765 259 3825 nilmirnrn.
271 3770 653 3835 AcmsmoraturnpudAthe·
703 3773 801 3823 Scotos
815 3770 878 3820 olim
892 3771 975 3820 etiam
986 3771 1134 3821 Barnesius
1148 3770 1184 3820 ab
1195 3772 1249 3820 Eu-

126 3850 208 3889 amum
217 3842 264 3893 XI.
277 3859 305 3907 p.
318 3843 371 3895 486
382 3841 449 3893 AB
462 3837 590 3906 Λέσβιον,
600 3856 651 3890 πο·
702 3841 782 3906 ripid.
797 3841 909 3904 Cyclop.
924 3839 975 3889 350
994 3844 1021 3889 et
1036 3839 1106 3890 huuc
1121 3840 1249 3904 usquein

127 3905 210 3968 τηοίου
222 3903 310 3969 εἶδος,
323 3912 396 3977 quod
407 3916 480 3963 certe
492 3911 597 3961 indicat
607 3928 653 3975 pe·
702 3912 773 3961 diem
787 3913 964 3960 Tartarorunr
984 3908 1075 3973 plures
1086 3909 1195 3958 Witssn
1204 3910 1248 3959 in:

125 3974 212 4028 coliate
232 3982 368 4046 quoddam
386 3981 547 4045 poculorum
566 3996 650 4045 genus
702 3980 847 4031 'Parturire
859 3979 998 4042 Descript.
1011 3995 1074 4042 pag.
1087 3978 1169 4029 659.“
1184 3980 1249 4043 Qui·

126 4042 148 4092 in
163 4045 209 4099 bac
235 4051 326 4101 insula
349 4053 407 4102 sive
429 4054 568 4102 inventurn
592 4052 652 4100 sive
702 4051 753 4101 bus
768 4049 922 4099 Larcherns
942 4047 1020 4097 addit
1038 4048 1191 4099 Ezechielis
1208 4048 1249 4100 lo·

126 4118 254 4181 praecipue
270 4122 415 4172 usitatum.
445 4122 523 4173 Cous.
544 4116 657 4170 Krause'
702 4136 761 4170 enm
773 4119 872 4177 XXIV,
884 4117 908 4168 5.
927 4117 1005 4183 Apud
1015 4117 1158 4183 Mongolos
1169 4136 1249 4185 quos-

125 4183 267 4254 Anseiolog.
282 4207 346 4256 pag.
365 4189 423 4243 136.
440 4192 497 4242 148.
534 4190 586 4239 His
599 4190 652 4253 igi·
702 4191 764 4240 dam
782 4190 931 4240 bestiarum
950 4204 1058 4238 earnem
1079 4189 1107 4237 in
1123 4188 1185 4249 ipsa
1203 4207 1249 4241 eu·

125 4254 161 4301 tur
167 4256 319 4310 Lesbiorum
331 4260 482 4312 crateribus
494 4260 582 4310 iormb
592 4260 651 4323 qui·
701 4260 812 4310 rundem
823 4258 893 4322 pelle
901 4258 980 4319 coqui
991 4257 1248 4309 observatGmelin:

124 4320 174 4373 bem
192 4327 287 4379 similia
304 4330 390 4381 inisse
405 4332 504 4380 Noster
524 4331 651 4381 enuntiat
700 4330 782 4379 Reise
798 4328 823 4378 d.
840 4328 1144 4393 Sibir.111.p.74seq.
1160 4356 1193 4365 -
1214 4330 1247 4378 In

125 4390 200 4444 ahena
213 4412 234 4448 s.
245 4397 361 4462 lebetes,
377 4401 407 4450 in
420 4401 517 4465 quibus
530 4399 651 4463 Scythae
700 4414 777 4465 seqq.
794 4399 896 4461 χωρεῖν
908 4397 982 4448 valet
993 4415 1094 4462 capere,
1108 4401 1245 4457 continere,

125 4474 218 4516 tarnem
247 4469 420 4520 victimarum
451 4472 589 4535 coquunt:
621 4467 650 4517 id
700 4468 767 4531 utI,
780 4469 822 4519 51.
837 4466 878 4518 70.
894 4466 955 4517 192.
