3042 5125
461 399 665 461 THALIA.
687 397 748 459 III.
769 407 814 464 26.
833 405 877 461 ti·
1197 392 1238 456 59

124 585 256 678 ὁἎνις,
269 587 489 681 τόνἝλληνες
498 587 654 683 Ἔπαφον
674 586 843 661 καλέουσι.
871 589 1052 676 ἐπιφανέος
1067 587 1104 659 dl
1119 585 1240 659 τούτου

275 829 340 879 Gar.
360 829 474 880 XXVII.

151 919 250 998 ὁἈπις]
271 932 375 997 Scripsi
385 948 446 983 cum
460 935 574 982 recentt.
584 929 646 980 edd.

117 990 180 1059 ’.ιιις
188 1018 233 1067 pro
244 990 397 1067 vulfinae
411 1007 523 1053 auctore
538 1000 647 1052 Iacobs.

122 1073 150 1123 ad
159 1072 257 1123 helian.
270 1072 304 1122 N.
315 1074 347 1122 Α,
357 1071 392 1134 X,
402 1073 445 1122 28.
456 1088 482 1137 p.
490 1071 541 1122 350
551 1075 578 1122 et
588 1069 646 1119 Sie-

122 1142 165 1193 bel.
177 1142 209 1191 ad
220 1143 338 1192 Pausan.
355 1142 378 1202 I,
394 1142 434 1193 18.
446 1157 473 1206 p.
483 1142 516 1190 bt
530 1145 557 1191 et
565 1140 606 1202 ΙΙ,
620 1141 645 1191 5.

121 1216 141 1276 fl.
165 1214 189 1262 b.
211 1227 236 1275 p.
261 1212 327 1270 170,
357 1227 419 1262 oum
440 1211 514 1276 prior
540 1208 648 1275 syllaba

122 1281 277 1347 producatur.
308 1281 387 1332 Conf.
403 1280 478 1331 Saal.
497 1278 533 1330 ad
544 1278 646 1330 Rhiani

120 1351 227 1428 lmqmrn.
242 1351 325 1416 pte.

148 1408 331 1483 ιονἝλληνες
344 1408 481 1482 Ἔπαφον
504 1408 644 1482 καλέουσι]

121 1490 171 1540 lid
182 1497 245 1541 nott.
259 1490 292 1539 ad
303 1491 345 1551 ΙΙ,
362 1488 410 1540 153
420 1487 480 1550 fin,
494 1485 540 1537 ubi
552 1486 647 1537 eadem

120 1561 238 1625 leguntur.
261 1560 357 1624 Ipsum
370 1573 483 1620 nomen,
498 1561 529 1607 ut
545 1554 647 1609 adh.l.

120 1629 166 1680 ism
177 1631 340 1691 monuimus,
356 1629 429 1694 apud
437 1627 587 1692 Aegyptios
599 1642 647 1676 no-

120 1700 149 1748 tis
169 1698 373 1765 hieroglyphicis
397 1697 547 1748 exhibitum
566 1700 648 1747 sonat

120 1771 165 1833 Hpr'
173 1765 264 1834 (Hcpr',
279 1770 354 1834 Heps'
364 1785 388 1819 s.
401 1767 455 1832 Api
459 1787 469 1826 ,·
487 1766 522 1817 cf.
537 1768 648 1817 Buusen

65 1891 71 1904 ,
120 1839 217 1903 Egypt's
228 1838 308 1889 Pisce
322 1843 374 1890 etc.
382 1837 405 1889 1.
413 1852 439 1901 p.
446 1836 507 1888 431.
518 1837 570 1886 ote
578 1851 648 1900 seq,

119 1907 200 1959 Boeth.
213 1907 369 1960 Geschicht.
388 1906 414 1957 d.
432 1904 540 1956 abeudl.
556 1904 648 1955 Philo·

120 1976 182 2041 soph.
191 1978 213 2027 I.
224 1984 291 2028 nott.
302 1993 371 2042 pag.
380 1976 430 2028 113
440 1992 508 2041 seq,
518 1975 648 2039 Lepsius:

119 2046 194 2098 Ueber
204 2045 410 2113 denApislrreis
422 2046 464 2096 in:
478 2044 647 2095 zeitschrift.

118 2113 649 2182 ddsutsch.Morgenltindliesellschaft.

119 2185 169 2237 vu
176 2185 262 2252 pute)
273 2202 309 2238 ac
323 2185 446 2237 declarat
456 2187 561 2236 iudicem
567 2183 649 2248 (rnor-

120 2260 210 2305 tcorum
227 2256 285 2307 scil.
306 2258 338 2306 in
354 2253 461 2319 inferis)
484 2269 648 2319 cognomen·

695 791 854 859 Aegyptiisz
880 790 950 841 adeo
969 794 1000 840 ut
1020 805 1075 841 non
1095 789 1177 841 aliter
1200 794 1241 841 at-

697 879 748 928 que
759 861 840 928 Nilus
852 860 939 910 omnis
951 858 1158 923 foecunditatis,
1172 876 1240 926 quae

695 932 781 983 hoece
812 931 896 982 fluvio
926 929 1059 994 efficitur,
1091 929 1241 995 symbolum

698 1002 779 1067 quasi
795 1000 956 1062 haberetur,
976 999 1094 1066 indeque
1107 1002 1190 1051 etiem
1207 1000 1242 1051 ad

699 1071 834 1123 Osiridem
859 1069 1020 1132 referretur,
1044 1068 1124 1121 deum
1144 1070 1242 1120 benefi-

697 1157 775 1203 cum,
799 1155 846 1205 per
866 1139 957 1190 Nilum
981 1139 1060 1205 quasi
1083 1145 1242 1205 operantem

697 1212 844 1274 omniaque
863 1210 936 1260 bona
953 1213 981 1259 et
998 1211 1141 1260 commoda
1157 1209 1243 1260 homi·

696 1282 777 1331 nibus
786 1280 944 1331 atterentem
953 1279 981 1329 in
992 1278 1042 1330 hac
1053 1280 1176 1330 terrestri
1184 1280 1243 1329 vite

698 1366 784 1416 aeque
803 1354 884 1415 atque
902 1353 965 1413 post
981 1354 1095 1399 mortem
1108 1351 1177 1401 bene
1189 1366 1243 1400 me·

698 1420 850 1471 dicatorum
859 1433 952 1470 curam
961 1425 1112 1484 'gerentem
1122 1419 1195 1470 unde
1203 1435 1244 1469 re·

697 1490 853 1557 petendum,
869 1488 939 1555 quod
950 1488 1113 1540 Plutarchus
1123 1488 1243 1555 Memphi

699 1566 727 1612 et
739 1559 777 1610 ali
794 1564 821 1610 et
833 1558 941 1624 sepeliri
952 1559 1048 1609 scribit
1059 1558 1188 1624 Apidem,
1204 1554 1242 1607 εῖ-

699 1628 790 1679 drolcv
810 1618 877 1679 ὄντα
900 1626 950 1692 τῆς
969 1618 1078 1678 ἐκείνου
1102 1628 1243 1691 (Osiridis)

699 1697 794 1764 ’ψυχῆς
812 1699 866 1761 (De
879 1697 946 1748 leid.
967 1703 995 1749 et
1005 1698 1109 1748 Osirid.
1126 1715 1186 1765 ccp.
1199 1698 1242 1749 20.

698 1785 726 1834 p.
739 1768 802 1832 353)
821 1785 844 1819 s.
859 1757 954 1817 εἰκόνα
971 1765 1022 1833 τῆς
1031 1758 1172 1832 Ὀσίριδος
1188 1774 1242 1829 dro-

699 1835 752 1903 χῆς
765 1837 844 1898 (ibid.
857 1836 901 1887 20.
914 1853 940 1902 p.
953 1836 1016 1902 302)
1029 1854 1053 1889 s.
1065 1827 1161 1886 εἰκόνα
1171 1827 1243 1886 Ὀσί-

699 1904 779 1972 ριδος
788 1899 914 1971 ἔμψυχον
925 1906 1124 1972 (ibid.cap.43.
1136 1923 1162 1972 p.
1170 1906 1243 1970 300),

699 1993 733 2027 ac
742 1976 881 2026 Diodorus
889 1975 973 2026 Sicul.
982 1977 1004 2038 1,
1014 1977 1049 2026 85
1058 1978 1200 2026 causemd
1221 1975 1243 2024 i·

699 2047 742 2097 dis
752 2046 787 2096 ab
798 2046 941 2110 Aegyptiis
952 2045 1020 2095 culti
1028 2061 1088 2096 eam
1098 2045 1186 2103 affert,
1199 2060 1243 2096 ore

698 2104 912 2196 τελευτήσαντος
924 2103 1067 2178 Ὀσίριδος
1085 2109 1127 2172 εἰς
1144 2110 1244 2163 τοῦτον

698 2176 717 2252 ἡ
731 2193 810 2249 ψυχη
822 2175 910 2234 αὐτοῦ
918 2177 1047 2249 μετέστη,
1060 2183 1132 2235 unde
1141 2184 1245 2235 Osiridi

697 2271 807 2307 sacrum
820 2271 881 2305 csse
894 2253 1008 2318 Apidem
1022 2254 1094 2305 idem
1106 2254 1244 2305 Diodorus

119 2339 161 2389 qne
173 2326 231 2376 inde
244 2331 285 2378 eat
298 2323 432 2387 Osiridis,
447 2324 567 2390 supremi
579 2339 649 2374 mor-

121 2400 212 2446 tuorum
223 2396 336 2458 iudicis,
348 2395 393 2446 cui
406 2409 476 2460 quae
487 2399 648 2444 consecrata
699 2399 727 2446 et
751 2394 892 2445 commoda
916 2393 979 2445 inde
1006 2394 1124 2444 humano
1150 2394 1245 2460 generi

120 2470 168 2514 erat
177 2466 269 2527 bestia,
282 2466 369 2516 huius
379 2479 484 2529 quoquc
494 2479 592 2515 nomen
605 2479 648 2514 cs·
699 2465 889 2530 provenientia
902 2465 995 2516 refert.
1021 2466 1079 2514 Nec
1091 2463 1171 2514 aliter
1180 2464 1243 2514 Plu-

120 2536 233 2586 sumebst
255 2537 312 2588 Hic
327 2536 411 2602 igitur
422 2534 503 2600 Apis,
528 2534 648 2599 quinon
699 2533 944 2599 tarchusfl.l.cap.
952 2535 993 2587 73.
1003 2533 1243 2599 p.380)etStrabo

121 2605 148 2654 ad
167 2607 285 2656 eximium
307 2606 446 2670 quoddam
463 2603 543 2654 boum
563 2620 648 2668 genus
700 2604 755 2656 1.1.
793 2605 909 2670 Apidem
929 2604 1032 2654 Osiridi
1055 2609 1243 2656 consecratum

120 2676 254 2738 pertinebat
260 2676 310 2742 (cf.
320 2675 404 2725 Liulr:
415 2674 576 2725 DieUrwolt
585 2689 650 2739 pag.
701 2692 761 2726 esse
774 2678 923 2724 testantur:
943 2687 1022 2738 quem
1033 2677 1141 2724 taurum
1152 2675 1243 2724 vivum

122 2743 383 2810 temperiemque
395 2745 473 2794 boum
483 2759 581 2808 genere
591 2747 650 2794 erat
700 2746 781 2809 quusi
799 2742 931 2803 Osiridis,
955 2742 1022 2792 boni
1042 2743 1086 2793 dei
1105 2748 1188 2809 atque
1206 2745 1244 2791 iu·

120 2816 284 2878 quaerendus,
317 2815 393 2864 nulla
408 2813 466 2863 clia
485 2829 515 2864 re
532 2812 650 2878 insignis
700 2814 820 2865 ferorum
845 2812 965 2872 iudicis,
991 2812 1142 2875 symbolum
1167 2811 1244 2861 habi·

120 2884 164 2933 nisi
183 2885 227 2947 iis,
254 2901 330 2951 qnae
355 2884 384 2934 in
402 2883 496 2933 eodem
516 2883 650 2948 requisita
702 2888 759 2932 tum
774 2882 889 2946 indeque
903 2880 1075 2945 potissimum
1088 2882 1190 2931 cultum
1203 2897 1246 2931 es-

121 2952 192 3005 luisse
211 2955 371 3006 Herodotus
392 2969 452 3018 cap.
475 2955 510 3005 28
535 2953 648 3015 indicat,
700 2969 738 3015 se,
749 2950 822 3002 haud
832 2948 1021 3013 dubitandum,
1030 2951 1246 3001 monstrantibus

120 3022 222 3089 Memphi
243 3024 357 3090 quando
377 3024 505 3074 inventus
521 3027 594 3086 erat,
620 3022 648 3071 in
698 3023 767 3088 ipsis
784 3020 981 3085 Aegyptiorum
1003 3021 1184 3070 monumentis
1203 3025 1245 3069 at·

120 3093 218 3143 Vulcani
229 3094 333 3160 templo
345 3092 528 3155 nutriebatur,
548 3098 579 3142 ut
595 3093 649 3141 No·
700 3109 753 3158 que
771 3089 995 3155 inscriptionibus
1015 3090 1044 3140 in
1062 3090 1181 3155 Apidem
1204 3106 1245 3140 se·

122 3166 168 3212 ster
176 3163 267 3226 11,153
278 3163 379 3227 tradit,
392 3165 527 3228 vivusque
539 3161 649 3213 omnino
699 3162 793 3226 pulcro
813 3158 927 3211 solemni
946 3175 1017 3210 nunc
1034 3161 1163 3223 repertis:
1188 3159 1245 3209 rid.

121 3230 204 3282 inhac
219 3235 298 3296 urbe,
324 3233 559 3284 consentientibus
576 3235 650 3282 vete·
700 3229 860 3282 Moriettel.
874 3238 936 3280 mox
951 3228 969 3279 l.
984 3244 1049 3295 pag.
1062 3230 1104 3281 07.
1120 3229 1163 3280 aa.
1192 3230 1245 3280 Ne-

121 3315 168 3350 ron
180 3303 341 3354 testimoniis
361 3302 427 3369 (vid.
444 3303 523 3353 modo
534 3300 649 3351 Diodor.
703 3317 755 3366 que
776 3301 888 3364 mirum,
912 3314 1020 3349 sacram
1039 3299 1111 3349 hanc
1128 3300 1246 3351 bestiam

122 3369 191 3422 dicul.
208 3374 236 3435 l,
251 3376 284 3425 84
305 3372 368 3423 coll.
387 3373 431 3423 21.
451 3371 591 3423 Plutarch.
608 3371 650 3420 De
700 3388 764 3421 mor
776 3371 812 3420 ad
822 3371 1016 3420 astronomiam
1028 3384 1135 3435 quoque
1144 3376 1172 3420 et
1180 3374 1246 3419 tem-

122 3438 152 3492 Is.
165 3437 190 3492 ei
199 3442 267 3494 Osir.
283 3442 329 3493 20.
343 3457 369 3506 p.
382 3442 441 3493 350.
456 3442 547 3492 Strab.
559 3439 649 3491 xvn.
702 3456 797 3506 porum
808 3441 929 3491 rationes
939 3443 1068 3490 accurate
1078 3441 1246 3490 constituen—

122 3523 144 3572 ι).
160 3509 213 3563 803.
230 3513 289 3565 805.
311 3512 374 3576 007)
404 3511 544 3562 colebatur
567 3514 651 3573 atque
701 3511 751 3561 daa
764 3510 919 3561 traductam
931 3508 1034 3571 videri,
1050 3509 1120 3560 adeo
1139 3513 1170 3559 ut
1182 3509 1248 3575 Api-

122 3586 227 3632 mortuus
239 3581 425 3648 sepeliebatur
443 3580 594 3644 (Plutarch.
610 3579 652 3629 De
703 3579 744 3631 dis
753 3579 896 3646 periodum
905 3578 1049 3629 definirent
1058 3578 1248 3644 vigintiquin-

123 3646 177 3699 isid.
195 3656 221 3702 ct
238 3651 342 3703 Osirid.
362 3667 423 3715 cap.
439 3651 481 3703 20.
500 3668 526 3716 p.
545 3648 596 3701 302
606 3647 651 3711 Β).
701 3666 753 3716 que
773 3665 919 3711 annornm,
939 3648 967 3697 in
984 3664 1038 3715 qua
1054 3648 1124 3714 cycli
1142 3647 1247 3700 solares

123 3716 216 3770 Etenim
227 3727 256 3771 ut
264 3720 384 3777 Mnevis.
399 3721 469 3772 alter
481 3725 584 3783 taurus,
596 3718 652 3769 Soli
701 3736 735 3770 ac
745 3720 856 3771 lunares
866 3718 1042 3770 convenirent
1052 3719 1194 3783 omnisque
1207 3718 1247 3767 in-

124 3776 212 3855 l‘Hlt‘q)
230 3796 289 3841 erat
303 3796 478 3842 consecratus
490 3789 653 3855 ›indequein
702 3790 736 3840 de
761 3789 902 3841 tolleretur
924 3793 1076 3853 temporum
1097 3787 1248 3852 inaequali-

124 3855 184 3907 Solis
195 3861 257 3912 urbe
267 3860 429 3927 (Heliopoli)
440 3860 596 3921 colebatur,
610 3859 652 3908 ita
703 3863 761 3910 tas:
790 3859 824 3910 dc
849 3874 902 3925 qua
920 3858 1016 3923 Apidis
1040 3857 1151 3922 periodo
1170 3871 1247 3921 prae-

125 3926 179 3989 lpis
202 3931 236 3980 ad
255 3933 352 3981 Lucum
377 3946 463 3996 seque
488 3929 652 3995 pertinuisse
702 3934 744 3980 ter
757 3927 826 3981 elias
840 3943 925 3993 nuper
938 3932 1121 3993 exposuerunt
1131 3925 1248 3990 Lepsins

125 3997 228 4049 traditur
241 4016 258 4050 a
272 3999 409 4051 veteribus
422 4000 566 4065 (Porphyr.
579 3997 652 4063 apud
703 3998 867 4063 Chronolog.
882 3999 909 4049 d.
923 3998 1041 4062 Aegypt.
1052 3997 1074 4045 Ι.
1085 4012 1111 4061 p.
1126 3995 1175 4046 100
1188 4011 1247 4059 seu.

125 4063 209 4119 Enseu.
226 4071 355 4134 Praepar.
379 4068 513 4131 cvanrel.
531 4069 588 4127 111,
608 4066 649 4118 13.
704 4073 732 4120 et
742 4069 937 4120 dissertatione
946 4081 1029 4131 supra
1038 4065 1153 4117 laudata
1163 4067 1248 4130 patu

125 4134 496 4199 hmmian.Marcellin.XX11,
505 4140 546 4201 14,
554 4141 577 4190 7.
588 4137 651 4187 Plu·
703 4154 792 4206 seqq,
800 4138 841 4189 Io.
852 4136 1033 4201 aGumpach:
1048 4136 1250 4201 Zeitrecbnuug

126 4205 200 4256 tsrch.
214 4207 232 4258 1.
249 4207 268 4259 l.
283 4224 343 4274 cap.
358 4209 401 4261 43.
419 4226 446 4274 p.
462 4209 523 4262 308.
544 4207 649 4258 helian.
701 4209 728 4259 d.
742 4207 840 4271 Babyi
857 4223 885 4257 u.
899 4209 993 4270 Assyr.
1009 4223 1036 4272 p.
1052 4206 1101 4258 105
1115 4222 1190 4271 seqq.
1205 4211 1246 4257 et:

127 4272 180 4325 Nat.
192 4276 241 4328 An.
255 4278 355 4339 xr,11.
373 4279 472 4330 Suidas
484 4295 506 4329 s.
521 4295 548 4329 v.
562 4263 649 4340 Ἆπις,
699 4279 776 4329 Zwei
790 4276 1011 4342 chronologische
1023 4276 1167 4327 Abhandll.
1182 4277 1248 4326 iibcr

127 4356 185 4405 quae
197 4346 310 4397 afferunt
323 4348 418 4400 Roeth.
430 4348 448 4399 l.
461 4348 480 4401 1.
496 4353 525 4399 et
536 4347 651 4412 Lepsius
699 4347 755 4399 ¹den
766 4347 919 4412 Apishreis.
932 4346 1105 4411 Heidelberg.
1121 4346 1201 4408 1854,
1214 4360 1248 4394 ne

127 4408 142 4458 ¹·
155 4411 171 4461 l·
186 4429 245 4481 pag.
263 4416 326 4480 427)
341 4422 424 4482 atque
445 4418 480 4468 ad
494 4419 578 4469 Nilum
594 4432 653 4469 cre·
703 4417 783 4482 plura
805 4410 916 4468 afferam
939 4417 968 4465 in
990 4431 1023 4467 ea
1047 4431 1090 4479 re,
1116 4429 1184 4479 quae
1212 4413 1248 4463 ad

128 4490 232 4536 coenem
254 4502 338 4553 eoque
356 4488 474 4539 salutem
495 4487 652 4539 afferentem
702 4487 874 4540 Herodotum
892 4484 981 4537 minus
1004 4487 1142 4551 pertinere
1161 4481 1249 4531 videri

699 2326 795 2376 scribit
809 2324 832 2387 I,
843 2325 886 2386 21,
904 2324 985 2390 idque
997 2324 1033 2374 ad
1048 2324 1243 2389 agriculturam
