3042 5125
231 359 295 422 o76
641 357 909 422 Excuusus
929 358 964 420 II

602 743 928 826 EXOURSUS
954 747 995 825 Π

491 931 562 998 ΑΙ)
586 931 770 999 HEROD
782 932 857 999 O'I'.
878 932 947 1018 III,
963 937 1004 1000 70
1019 953 1110 1021 seqq.

369 1228 413 1287 De
427 1234 532 1303 septem
552 1227 706 1287 Pes-eonon
727 1232 880 1289 conderetis
900 1244 1050 1306 eorumque
1068 1228 1234 1286 commuue.

789 1374 818 1443 L

315 1513 485 1569 Herodotum
506 1515 564 1585 111,
585 1518 620 1571 70
641 1533 720 1588 seqq.
744 1516 771 1572 si
787 1516 944 1589 sequimur,
966 1517 1020 1571 riri
1038 1516 1186 1572 Persarum
1209 1514 1319 1569 nobiles
1337 1531 1374 1567 sc

231 1600 371 1674 principes
387 1606 507 1672 septem,
527 1601 576 1672 qui
596 1602 630 1656 sd
646 1618 753 1671 msam
776 1604 955 1657 evertendum
978 1619 1150 1674 regnumque
1168 1601 1265 1655 Persis
1284 1600 1372 1653 resti·

230 1686 362 1742 tuendum
376 1703 407 1740 ss
423 1687 639 1757 coniunxerunt,
654 1688 749 1742 tuere:

310 1765 443 1843 Ὀτάνης,
457 1764 639 1844 Ἀσπαθίνης,
655 1768 804 1846 supprior,
816 1765 1006 1844 Ἰηαφέραης,
1020 1767 1203 1846 Μεγάβυζος,
1213 1764 1371 1840 Ὑδάρνης,

381 1862 514 1929 Δαρεῖος,
528 1858 577 1929 qui
595 1858 670 1913 filius
688 1852 982 1923 dicitur‘itncicnsoc.

230 1942 312 2013 Apud
323 1941 444 1996 Ctesism
457 1943 487 1997 iu
497 1943 641 2015 Excerptt.
653 1942 775 1998 Persice.
792 1948 819 2010 s.
833 1947 866 2000 13
880 1944 943 2018 (ΙΙ)
961 1943 1070 1998 nemius
1083 1941 1288 1996 coniuratorum
1300 1940 1370 1993 Per·

231 2045 336 2095 serum,
352 2027 401 2098 qui
415 2028 511 2097 stipsi
528 2028 660 2082 dicuutur
672 2023 815 2101 ἕπίαημαι,
831 2030 897 2083 bueo
911 2031 1110 2100 proteruntur:

309 2105 446 2185 Ὀνόφας,
456 2106 587 2185 Ἰδὲρνης,
601 2109 835 2189 Νορονᾶαβόιης,
850 2109 1029 2185 Μαρδόνιος,
1043 2113 1191 2184 Ruptaque,
1203 2105 1372 2181 ’.Ιταφέρνης

381 2197 470 2269 (quod
493 2198 522 2251 in
543 2191 721 2271 Ἀρταφέρνης
746 2200 903 2256 mutandum
930 2218 1008 2257 nemo
1034 2217 1089 2253 nou
1113 2197 1220 2266 videt),
1247 2202 1372 2265 Δαρεῖος

389 2278 549 2343 menneo.

209 2408 214 2415 .
229 2367 271 2421 Ab
284 2367 326 2421 his
340 2366 394 2420 ude
404 2374 499 2422 mutuo
509 2368 573 2422 dete
583 2369 717 2440 assumpti
727 2374 873 2441 praeterea
883 2370 1015 2424 dicuntur
1024 2362 1186 2439 Ἀρτασύρας
1196 2375 1225 2422 et
1234 2360 1371 2438 Βαγαιᾶ-

228 2472 286 2523 της,
300 2452 350 2524 qui
364 2452 471 2508 sedium
487 2453 624 2523 regiarum
640 2453 731 2509 claves
744 2456 894 2509 habebunt:
911 2456 1006 2509 horum
1020 2454 1095 2508 quIs
1109 2455 1141 2507 fit
1155 2453 1257 2507 mentio
1273 2469 1369 2524 neque

229 2537 303 2610 apud
313 2537 482 2593 Herodotum
493 2557 584 2612 neque
599 2540 672 2611 opud
687 2540 756 2596 siios
773 2558 865 2596 rerum
876 2541 1043 2610 scriptores,
1060 2557 1113 2594 nec
1129 2538 1249 2610 denique
1259 2538 1287 2591 in
1304 2537 1368 2609 ipss

230 2641 263 2679 eu
275 2623 471 2695 inscriptione,
486 2624 521 2680 dc
535 2642 591 2697 qus
602 2643 663 2679 mox
673 2625 755 2697 pluro
770 2626 900 2682 dicemus.

315 2709 480 2764 Adverteret
496 2710 539 2764 hic
555 2710 692 2764 nominum
703 2711 849 2767 dissensus
861 2711 933 2766 houd
948 2728 1052 2782 paucos
1066 2710 1143 2764 viros
1155 2709 1260 2778 doctos,
1276 2707 1367 2780 equi-

228 2794 282 2851 bus
294 2812 377 2850 unum
395 2796 474 2850 modo
491 2796 534 2849 hic
549 2797 686 2866 proferam
698 2795 845 2869 losephum
859 2797 893 2851 de
904 2798 1042 2866 Hmmer,
1062 2796 1111 2867 qui
1128 2793 1242 2849 similem
1253 2810 1367 2864 quoque

228 2880 385 2935 dissensum
397 2881 518 2949 notovit,
532 2880 623 2952 qualis
638 2882 777 2952 reperitur
791 2883 819 2936 in
831 2883 986 2937 nominibus
998 2899 1094 2951 regum
1108 2880 1279 2934 Medicorum
1289 2877 1366 2948 spud

229 2966 350 3020 Ctesiem
369 2972 398 3020 et
409 2967 437 3020 in
451 2967 529 3036 regio
541 2966 686 3021 Persarum
697 2965 783 3036 libro,
795 2967 840 3021 cui
851 2956 947 3022 nomen
964 2966 1164 3030 Schshnsmeh3
1181 2964 1237 3018 vid.
1249 2963 1367 3016 Wiener

228 3051 342 3103 Jshrbb.
355 3050 403 3104 ΙΙΙ.
417 3068 445 3122 p.
458 3055 500 3106 16.
531 3051 585 3103 Sed
597 3068 669 3104 nova
683 3052 726 3105 his
738 3069 812 3105 nunc
824 3054 942 3106 occessit
952 3052 999 3106 iux
1013 3069 1046 3106 er
1056 3052 1196 3105 Bisutunu
1207 3047 1253 3100 ills
1264 3048 1365 3101 inscri-

228 3130 367 3206 ptione*)‚
384 3152 463 3205 quam
474 3136 577 3188 Durius
589 3153 703 3204 regnum
719 3138 837 3209 adeptus
849 3138 912 3209 rupi
925 3137 1009 3190 incidi
1021 3136 1119 3204 iussit;
1134 3136 1161 3187 in
1175 3135 1224 3187 huc
1234 3133 1295 3203 ipse
1308 3132 1364 3185 Da-

228 3219 303 3288 rius,
319 3220 367 3290 qui
382 3217 499 3289 loquens
511 3220 665 3287 inducitur,
680 3221 824 3292 gloriatur,
837 3242 867 3276 se
880 3221 1040 3288 Oromusde,
1054 3238 1134 3292 quem
1146 3219 1277 3289 precibus
1289 3217 1364 3270 odie·

228 3311 287 3370 rut,
302 3321 378 3374 opem
392 3304 499 3358 serente
511 3321 592 3372 „cum
608 3305 737 3360 fidelibus
753 3308 908 3362 hominibus
923 3309 1064 3362 Gonustum
1077 3321 1184 3375 megum
1199 3310 1228 3357 et
1243 3322 1301 3370 eos,
1315 3301 1362 3373 qui

228 3390 299 3457 mugi
315 3390 384 3443 socii
396 3390 526 3458 fuerunt,
545 3385 770 3460 occidisse“**);
788 3393 815 3446 in
839 3393 900 3463 ipso
915 3391 1107 3462 inscriptionis
1125 3390 1208 3443 huius
1225 3389 1295 3454 tine,
1317 3405 1361 3440 co-

227 3474 318 3528 lumne
333 3480 432 3547 quarte
448 3482 582 3545 exeunte,
600 3475 703 3530 Durius
716 3478 856 3548 eloquitur
872 3478 980 3531 nomina
992 3494 1099 3543 eorum,
1115 3475 1161 3546 qui
1174 3475 1202 3526 in
1215 3473 1362 3526 occidendo

227 3579 304 3630 mago
320 3560 409 3631 ipsius
423 3561 492 3614 socii
503 3562 633 3615 fuerunt:
645 3563 695 3615 scd
707 3561 802 3616 literae
817 3570 951 3617 cunestse
962 3581 995 3617 ex
1009 3567 1089 3632 perte
1100 3567 1168 3614 sunt
1178 3560 1218 3611 itu
1230 3558 1361 3612 eruuidse

228 3651 256 3700 et
269 3654 428 3716 truncatae,
446 3651 477 3699 ut
494 3646 563 3700 certi
580 3646 648 3717 quid
663 3646 727 3700 iude
741 3649 787 3701 vix
800 3648 859 3702 erui
872 3666 956 3717 posse
971 3647 1107 3700 iudicaret
1118 3638 1361 3710 Grotet‘end*”);

227 3747 301 3784 nunc
314 3750 381 3785 vero
394 3732 549 3785 coniunctis
567 3732 641 3785 curis
653 3732 774 3787 virorum
790 3732 945 3801 doctorum,
965 3732 1013 3805 qui
1026 3732 1054 3785 in
1069 3733 1135 3783 haec
1150 3730 1307 3783 accuratius
1319 3728 1360 3781 in-

226 3816 418 3886 quisiverunt,
432 3816 603 3871 Ruwlinsoni
612 3817 645 3884 †)
656 3816 781 3888 inprimis
793 3826 876 3890 utque
888 3817 1005 3890 Opperti
1013 3817 1079 3886 ἢ),
1093 3817 1212 3886 itemque
1227 3814 1271 3868 De
1282 3811 1360 3866 Seui-

224 3932 445 3945 *a

294 3978 309 4012 ῃ
476 3985 482 3996 ι

279 4087 283 4096 .
294 3978 968 4119 Ἰ)ΒΙΙ]ἶὶοἱέζῖῆῖῗιξηἰῖᾶίἐέἐῷἓὲηξίζξεῗὲαιω
979 4050 1053 4103 dedit
1059 4049 1218 4103 Grctefend.
1228 4049 1288 4102 loco
1298 4063 1359 4101 mox

225 4116 382 4182 medicando,
397 4120 466 4171 haec
478 4121 561 4172 verbu
574 4121 681 4176 desunt.

294 4186 355 4307 ἴς)
372 4189 434 4241 Vid.
445 4188 580 4242 Abhsudl.
593 4191 618 4242 d.
629 4191 655 4241 k.
667 4190 849 4244 (Iesellschuft
859 4190 1100 4244 dwisseuscbsst.
1109 4205 1144 4240 su
1154 4190 1304 4255 Giittiugeu
1312 4189 1359 4241 VI.

242 4271 259 4306 s
280 4292 287 4308 .
339 4292 346 4306 .

223 4269 241 4321 p
260 4272 279 4323 g
293 4326 323 4389 †)
342 4326 414 4378 Note
430 4341 466 4377 cu
478 4325 524 4377 the
535 4328 648 4380 Persian
662 4328 846 4396 Inscriptions
859 4334 889 4380 st
898 4327 1040 4383 Behistuu.
1051 4327 1167 4381 Loudcu
1183 4329 1257 4382 1850.
1267 4329 1360 4395 (Jour-

222 4393 268 4445 usl
281 4396 312 4447 ci
322 4395 369 4447 the
382 4395 489 4448 Asistic
502 4397 607 4462 society
623 4396 684 4449 Vol.
697 4398 733 4464 X)
748 4415 811 4464 pag.
825 4398 882 4449 XII
894 4414 970 4464 seqq.

285 4464 342 4532 ·††)
357 4465 474 4519 Jourusl
485 4465 638 4534 AsistIque.
652 4467 692 4520 1v
703 4468 761 4520 Ser.
774 4469 853 4521 Tum.
865 4468 969 4523 XVIII.
982 4484 1010 4535 p.
1023 4465 1075 4520 349
1089 4482 1166 4534 seqq.
