3042 5125
950 396 1081 456 AD
1125 395 1641 459 HERODOT.
1681 400 1804 472 IV,
1840 407 1927 460 42.
2453 399 2568 460 721

296 585 635 639 mendaciive
670 585 1044 655 suspicionem
1088 585 1207 638 iure
1250 593 1496 653 moveat,
1543 587 1683 640 beue
1728 593 1983 640 monente
2012 588 2252 642 Heeren.
2286 590 2322 641 l.
2355 588 2392 641 l.
2426 591 2482 658 1,
2520 596 2570 644 2.
2630 622 2664 638 .·

296 688 427 740 pag.
466 673 554 723 81.
618 671 739 722 Nec
778 669 1028 740 equidem
1068 687 1202 722 saue
1241 670 1521 738 intelligo,
1571 688 1679 741 quo
1719 671 1839 723 iure
1871 672 2149 724 Neconem
2181 672 2307 725 talis
2349 676 2572 743 expedi·

296 755 469 807 tionls
506 755 792 807 consilium
834 754 1122 825 suscipere
1164 754 1416 823 potuisse
1464 772 1758 822 negemus3
1804 773 1963 825 quem
2002 758 2170 810 multa
2209 758 2382 810 ardua
2423 760 2574 812 terni

295 840 544 908 marique
568 840 907 908 suscepisse,
938 855 1097 908 quem
1134 838 1202 890 ad
1224 839 1561 908 Euphratem
1603 856 1780 909 usque
1811 857 1956 892 arma
1986 842 2234 894 victricia
2267 843 2572 911 protulisse

292 923 661 992 maximasque
705 923 915 976 classes
951 923 1294 975 exstruxisse
1326 924 1634 991 accepimus
1652 924 1740 991 ⁴¹),
1779 925 1871 994 qui
1903 925 2303 992 Phoenicibus,
2347 928 2569 995 peritis-

295 1008 452 1060 simis
476 1007 694 1074 nautis,
725 1008 793 1059 ad
818 1006 926 1059 tale
950 1007 1235 1059 consilium
1260 1025 1323 1059 eo
1353 1008 1526 1075 magis
1559 1008 1639 1060 uti
1664 1009 1862 1077 potuit,
1901 1026 2011 1079 quo
2046 1011 2218 1077 magis
2241 1010 2573 1066 Phoenicum

295 1100 574 1161 potestas,
622 1100 756 1144 tunc
788 1091 1050 1159 temporis
1090 1093 1192 1145 iam
1223 1091 1534 1158 debilitata,
1576 1092 1717 1144 haud
1749 1092 1825 1143 ita
1855 1094 2021 1145 multo
2054 1103 2181 1163 post
2213 1111 2245 1146 a
2276 1095 2568 1148 Nabucho-

293 1179 575 1230 donosore
603 1175 679 1227 ita
716 1177 890 1228 fracta
919 1185 1036 1240 est,
1073 1181 1134 1227 ut
1155 1175 1459 1228 Phoenices
1488 1177 1599 1244 ipsi
1627 1176 1937 1229 istiusmodi
1974 1178 2419 1246 expeditionibus
2450 1180 2568 1232 lon-

294 1261 525 1330 ginquis
561 1259 770 1312 minime
809 1277 1027 1328 operam
1063 1259 1194 1312 dare
1226 1261 1527 1328 potuerint.
1592 1259 1756 1311 cons.
1792 1261 2032 1314 Heeren.
2070 1262 2233 1314 Ideen
2264 1263 2322 1328 1,
2353 1268 2404 1316 2.
2440 1282 2567 1334 pag.

292 1351 385 1398 ⁸2.
432 1344 737 1412 Aegyptios
762 1362 893 1396 vero
925 1344 1092 1396 rebus
1129 1342 1418 1396 navalibus
1453 1343 1546 1394 illo
1577 1352 1817 1413 tempore
1841 1345 2123 1398 admodum
2146 1346 2362 1399 deditos
2393 1348 2570 1401 fuisse

292 1435 463 1498 atque
494 1428 777 1481 Herodoto
800 1429 855 1479 in
891 1428 988 1494 iis,
1022 1445 1162 1496 quae
1187 1428 1254 1480 de
1283 1428 1530 1479 Neconis
1568 1428 1919 1497 expeditione
1954 1430 2051 1480 hac
2081 1438 2322 1499 enarrat,
2363 1449 2569 1484 omnem

294 1515 456 1567 fidem
502 1512 845 1565 tribuendam
901 1530 1025 1564 esse
1070 1512 1266 1563 statuit
1312 1528 1535 1582 quoque
1571 1511 1839 1564 Roselliui
1877 1514 2119 1566 Monum.
2169 1514 2314 1566 civil.
2361 1516 2462 1569 111.
2513 1535 2566 1586 p.

299 1601 400 1652 120
430 1615 548 1666 seq.

467 1681 577 1733 lam
606 1681 754 1751 quod
799 1681 1172 1748 navigationis
1222 1679 1582 1733 difficultates
1627 1680 1893 1733 obiiciunt
1922 1682 2297 1751 temporisque
2327 1682 2568 1736 brevita-

295 1774 403 1819 tem
443 1772 566 1832 aut,
608 1774 671 1818 ut
708 1765 831 1817 aliis
873 1764 1082 1834 placet,
1120 1764 1332 1818 nimiam
1380 1765 1638 1833 temporis
1684 1764 2080 1830 longitudinem
2123 1765 2180 1816 in
2220 1766 2319 1818 hoc
2346 1766 2454 1818 iter
2486 1768 2568 1819 in-

295 1858 582 1920 sumptam,
613 1851 743 1901 haec
772 1849 982 1902 minime
1014 1849 1143 1900 talia
1179 1867 1321 1916 esse,
1356 1866 1497 1919 quae
1529 1848 1865 1900 narrationis
1892 1848 2047 1901 fidem
2076 1848 2295 1903 elevare
2322 1850 2569 1920 adeoque

294 1935 489 1988 tollere
526 1935 762 2002 possint,
797 1936 937 1986 bene
969 1933 1110 1985 vidit
1136 1935 1376 1986 Heeren.
1416 1933 1450 1986 Ι.
1486 1933 1521 1985 l.
1553 1951 1680 2002 pag.
1712 1937 1780 1985 84
1812 1932 2063 2003 idemque
2096 1933 2317 1986 edocuit
2335 1935 2567 1988 Rennel.

294 2023 504 2088 Geogr.
548 2019 757 2071 Herod.
803 2036 930 2088 pag.
972 2021 1075 2071 093
1116 2017 1266 2088 (coll.
1314 2018 1509 2070 Ukert.
1556 2019 1599 2082 l,
1639 2028 1684 2078 1.
1731 2034 1856 2086 pag.
1890 2017 1986 2084 47)
2023 2027 2279 2071 accurata
2318 2019 2568 2089 disputa-

293 2104 479 2168 tione,
527 2120 635 2172 qua
658 2102 880 2170 singula
920 2103 1097 2171 spatia
1129 2101 1499 2155 Phoenicibus
1542 2102 1934 2169 navigantibus
1975 2103 2301 2170 permeanda
2332 2102 2566 2170 diligen-

295 2198 383 2241 ter
426 2204 712 2254 emensus,
761 2195 1048 2249 ventorum
1091 2185 1250 2239 simul
1289 2187 1452 2238 statis
1497 2174 1778 2238 mensibus
1817 2185 2062 2239 flantium
2112 2188 2326 2240 ratione
2363 2188 2564 2255 habita,

295 2273 497 2343 optime
532 2271 1001 2337 commonstravit,
1035 2272 1111 2323 nil
1143 2272 1410 2323 hactenus
1441 2271 1711 2337 inveniri,
1743 2288 1852 2340 quo
1884 2270 2062 2323 minus
2093 2269 2400 2324 Phoenices
2433 2281 2567 2325 tem-

295 2375 431 2427 pore
471 2357 710 2409 indicato
761 2355 998 2407 Africam
1041 2355 1511 2423 circumnavigare
1556 2355 1801 2424 illudque
1841 2355 1947 2408 iter
1994 2356 2266 2408 conficere
2311 2356 2567 2427 potuisse

294 2441 678 2495 existimentur
698 2435 811 2506 ¹⁸¹¹⁸¹).
878 2440 992 2502 Qui
1035 2457 1153 2492 cum
1188 2445 1389 2493 terram
1432 2458 1497 2492 ac
1539 2439 1699 2492 litora
1732 2430 2073 2508 potissimum
2106 2440 2387 2509 legerent,
2433 2442 2565 2494 saci-

293 2527 404 2579 lius
430 2525 590 2579 etiam
622 2524 822 2578 victum
851 2542 914 2577 ac
946 2531 1130 2594 potum
1162 2524 1537 2584 necessarium
1584 2525 1712 2577 inde
1755 2524 1863 2576 sibi
1899 2542 2212 2594 comparare
2242 2533 2563 2595 potuerunt.

294 2612 456 2675 Quae
508 2612 690 2663 eadem
735 2611 1040 2662 observans
1087 2609 1320 2662 Rennel.
1371 2610 1405 2661 l.
1451 2608 1488 2662 Ι.
1540 2628 1665 2678 pag.
1708 2612 1811 2663 695
1869 2609 2032 2661 maris
2095 2626 2317 2680 quoqne
2361 2611 2565 2663 fluctus

294 2704 448 2749 tanta
488 2695 864 2763 impedimenta
895 2695 1097 2746 afferre
1134 2694 1386 2762 potuisse
1431 2701 1600 2761 negat
1642 2693 1707 2763 (Ι.
1741 2694 1776 2745 Ι.
1807 2710 1932 2762 pag.
1964 2694 2271 2761 696—701)
2313 2695 2566 2764 idemque

294 2781 515 2834 navium
570 2779 688 2831 vult
737 2779 925 2832 haberi
975 2775 1415 2845 rationem***),
1462 2777 1666 2846 quibus
1698 2786 1918 2829 veteres
1953 2778 2037 2829 usi
2071 2778 2202 2844 sint,
2245 2778 2412 2831 multo
2456 2778 2565 2832 illis

292 2864 512 2935 quidem
556 2864 897 2916 facilioribus
942 2871 999 2913 et
1030 2863 1099 2914 ad
1157 2862 1563 2929 navigationem
1620 2862 1919 2917 secundum
1966 2862 2128 2913 litora
2171 2862 2566 2916 instituendam

293 2949 605 3018 aptioribus
652 2948 892 3018 indeque
938 2947 1115 2999 minus
1154 2946 1422 3015 expositis
1468 2945 1714 3015 periculo
1759 2947 1826 2997 ab
1873 2945 2014 2998 omni
2051 2953 2339 2998 ventorum
2369 2948 2425 2999 vi
2461 2949 2566 3000 flu-

295 3041 550 3085 ctuumve
594 3033 1064 3101 procellarumque
1098 3030 1376 3082 violentia.
1443 3030 1521 3082 Ac
1559 3037 1847 3100 praeterea
1888 3031 2188 3083 tenendum
2232 3038 2344 3098 est,
2389 3031 2563 3085 Phoe·

296 3117 477 3182 uices,
522 3117 728 3186 quippe
772 3122 1030 3169 assuetos
1073 3115 1122 3167 ei
1162 3115 1537 3182 navigationis
1574 3115 1805 3181 rationi,
1850 3132 1993 3185 quae
2032 3115 2191 3167 litora
2225 3116 2566 3184 potissimum

295 3201 552 3270 sequitur
583 3218 646 3251 ac
667 3208 835 3267 tenet,
853 3219 918 3252 ex
942 3217 1006 3251 eo
1034 3200 1155 3269 ipso
1179 3199 1233 3251 in
1261 3200 1557 3267 navigandi
1587 3208 1705 3251 arte
1731 3200 1978 3271 ipsisque
2005 3200 2139 3252 adeo
2159 3200 2422 3271 periculis
2440 3218 2565 3254 sus-

292 3285 537 3338 tinendis
567 3288 904 3338 versutiores
937 3302 1061 3335 esse
1090 3287 1297 3350 factos3
1331 3283 1477 3336 unde
1495 3301 1718 3353 quoque
1746 3286 2122 3353 explicandum
2140 3325 2155 3352 ,
2182 3301 2280 3337 cur
2306 3285 2565 3354 Europae

296 3370 458 3422 litora
497 3368 729 3437 legendo
770 3370 838 3421 ad
871 3367 1209 3420 Britanniam
1254 3385 1431 3438 usque
1459 3368 1769 3438 Balticique
1809 3370 1972 3421 maris
2017 3387 2142 3422 oras
2186 3371 2564 3438 pervenerint.

297 3456 506 3522 Libyae
550 3461 728 3506 autem
772 3471 917 3507 oram
951 3471 1016 3505 ex
1059 3460 1216 3521 parte
1260 3452 1477 3522 quidem
1526 3452 1627 3505 iam
1660 3453 1966 3505 Salomonis
2002 3453 2129 3505 inde
2161 3453 2228 3504 ab
2258 3459 2439 3505 aetate
2469 3472 2565 3505 eos

297 3538 567 3605 cognitam
612 3539 872 3591 habuisse
916 3537 1199 3602 novimus3
1243 3553 1402 3607 quam
1454 3536 1561 3587 nisi
1599 3536 2026 3603 cognovissent,
2073 3538 2320 3604 profecto
2363 3536 2418 3588 in
2450 3555 2565 3589 eam

298 3623 542 3675 incidere
591 3640 697 3675 non
751 3622 1070 3691 potuissent
1108 3620 1527 3688 cogitationem,
1575 3627 1635 3672 ut
1683 3637 1870 3672 serere
1918 3637 2259 3691 messemque
2302 3621 2562 3673 facerein

299 3707 383 3759 his
410 3707 733 3774 regionibus
765 3706 1143 3758 instituerent.
1216 3705 1365 3768 Quin
1416 3706 1515 3756 hac
1545 3704 1669 3774 ipsa
1700 3704 1942 3770 Libycae
1973 3721 2098 3756 orae
2130 3705 2326 3757 notitia
2353 3723 2449 3757 eos
2481 3705 2563 3757 in-

297 3792 494 3844 citatos
543 3809 666 3843 esse
706 3798 866 3859 putat
891 3789 1122 3843 Rennel.
1173 3788 1208 3839 l.
1247 3790 1280 3840 Ι.
1315 3807 1441 3858 pag.
1473 3792 1611 3853 (189,
1661 3788 1726 3840 ad
1759 3788 1919 3841 talem
1953 3789 2353 3857 expeditionem
2388 3789 2565 3841 susci-

438 3986 492 4049 *)
531 3987 688 4037 Conf.
716 3989 782 4040 de
806 3989 911 4049 his,
941 4003 1080 4053 quae
1105 3987 1259 4051 plura
1284 3987 1503 4053 singula
1529 3986 1861 4053 protuleram
1901 3988 2121 4036 {turim-1,
2149 3994 2402 4048 [ηιμ-[Μὴ
2434 3992 2494 4036 Η.
2518 4012 2562 4036 υ.

298 4072 412 4107 reu.
438 4056 605 4106 Ideen
629 4059 689 4118 1,
720 4061 771 4108 2.
811 4074 937 4122 pag.
965 4060 1051 4119 82,
1086 4059 1251 4107 Koes.
1279 4056 1317 4109 l.
1350 4056 1387 4107 l.
1432 4072 1560 4122 pag.
1592 4057 1656 4107 14
1691 4072 1837 4120 seqq,
1889 4060 2041 4116 *stu-nl
2085 4076 2209 4104 wau·
2257 4060 2566 4120 .=.-1=-q2.iv.tiur

298 4126 614 4178 Grotefend.
651 4126 728 4189 (in
754 4128 997 4178 Praerat.
1033 4126 1104 4177 sd
1135 4125 1530 4176 Saucbuuiath.
1567 4141 1693 4190 pag.
1717 4128 1809 4176 XX
1833 4132 1865 4180 i.
1905 4132 2137 4176 Nat-rnna.
2169 4128 2562 4192 expertiriurwm

298 4197 442 4244 hanc
460 4232 473 4256 ‚
502 4194 567 4244 de
600 4211 704 4261 qua
727 4195 1039 4246 Herodotus
1062 4195 1265 4258 tradit,
1308 4197 1490 4260 potius
1517 4195 1777 4246 directam
1813 4200 1974 4244 r'nimf:
2001 4200 2065 4244 w!
2101 4200 2329 4248 insula-tm
2361 4200 2434 4244 ‘sn
2450 4216 2562 4260 μη.-

298 4266 479 4313 baueu
510 4263 666 4326 (nost
694 4264 947 4330 Ceylou),
980 4280 1136 4330 quam
1158 4264 1374 4329 quidem
1398 4264 1623 4315 eandem
1651 4279 1769 4314 esse
1789 4268 1897 4312 vult
1933 4276 2097 4328 amm*
2125 4284 2309 4316 flat-mc:
2341 4268 2562 4328 aurigatu-

298 4348 394 4383 rae
419 4337 620 4383 terram
651 4334 842 4398 Ophir,
867 4334 921 4384 id
949 4339 1098 4384 certe
1123 4333 1350 4397 probare
1376 4348 1603 4398 neque0.

440 4400 527 4463 **)
567 4403 724 4453 Conf.
754 4404 918 4453 etiam
940 4404 1103 4453 Koes.
1127 4402 1162 4451 l.
1189 4401 1225 4453 Ι.
1250 4418 1377 4468 pag.
1398 4403 1460 4452 21
1484 4418 1637 4467 seqq.
1660 4407 1714 4452 et
1737 4404 1997 4452 Ei‘luwhfr.
2033 4404 2063 4452 1.
2089 4404 2117 4452 1.
2153 4420 2269 4468 pag.
2293 4404 2394 4448 :ism
2418 4420 2562 4464 m'quq.

440 4468 563 4532 ***)
598 4471 825 4522 Rennel.
851 4470 889 4524 l.
919 4471 957 4523 l.
983 4488 1110 4538 pag.
1141 4471 1262 4526 702.
1309 4470 1449 4523 Add.
1473 4472 1640 4524 Keos.
1672 4470 1708 4523 l.
1737 4472 1773 4520 l.
1809 4492 1921 4532 Ειῑιμ.
1957 4476 2041 4520 isti.

385 4576 717 4617 ussono'r.
768 4577 836 4619 11.
2077 4561 2149 4617 {fi
