3042 5125
444 377 646 454 uuanlass
668 395 726 454 ΠΙ.
750 406 794 458 ει.
816 407 858 460 m.

1166 401 1222 462 123

68 603 185 667 ssimae
198 575 298 649 τιάυτδ
314 581 379 670 εἶχε
393 587 551 672 Σμέρδιν.
583 590 702 655 τοῦτον
718 585 777 656 τὸν
794 582 904 676 άνδρα
917 583 1114 676 ἀναγνώσας
1127 587 1145 659 ὁ
1159 592 1221 680 μά-

109 692 376 806 γρςΠατιζείδης,
398 685 443 768 ὥς
460 695 495 758 οί
512 685 612 769 αὐτὸς
635 690 744 759 πάντα
767 689 958 780 διαπρήξει,
986 688 1054 760 εἷσε
1075 691 1168 780 άγων
1189 701 1222 777 ἐς

108 815 154 855 τον
169 787 338 877 βασιλήϊον
358 790 493 879 θρόνον.
529 794 668 882 ποιήσας
687 795 722 864 δὲ
736 799 835 863 τοῦτο
858 793 1004 883 κήρυκας
1023 802 1066 884 τῇ
1080 822 1115 865 τε
1138 794 1221 889 άλλη

107 894 243 979 διέπεμπε
263 896 320 962 καὶ
341 892 383 982 δὴ
402 900 458 965 καὶ
479 901 512 976 ἐς
526 907 700 986 Αίγυπτον
716 901 920 988 προερέοντα
940 903 988 990 τῷ
1007 905 1155 990 στρατῷ,
1178 898 1221 982 ὡς

106 998 248 1084 Σμέρδιος
261 1002 322 1066 τοῦ
335 997 454 1085 Κύρου
466 997 629 1071 άκουστεά
644 1013 695 1090 εἴη
708 1007 769 1071 τοῦ
783 1006 918 1086 λοιποῦ,
934 996 1010 1069 άλλ’
1024 1000 1066 1069 ού
1078 1004 1219 1094 Καμβύ-

105 1124 176 1222 σευ.ε
201 1107 245 1170 Οἵ
256 1129 291 1170 τε
313 1099 356 1190 δὴ
379 1093 428 1172 οἶν
446 1101 540 1174 άλλοι
556 1105 698 1194 κήρυκες
712 1103 941 1195 προηγόρευον
956 1108 1076 1192 ταῦτα,
1098 1110 1154 1176 καὶ
1175 1106 1216 1197 δὴ
1226 1125 1267 1186 62

105 1204 178 1271 talc
197 1202 249 1272 ἐπ’
271 1215 447 1294 Αἴγυπτον
465 1212 600 1296 ταχθεὶς
627 1208 776 1298 (εὕρισκε
798 1205 862 1297 γάρ
881 1205 1066 1296 Καμβύσεα
1084 1212 1140 1278 καὶ
1160 1209 1219 1280 τὸν

104 1305 224 1392 στρατὸν
244 1309 343 1379 ἐόντα
364 1317 421 1400 τῆς
435 1321 562 1402 Συρίης
582 1317 620 1383 ἐν
644 1309 889 1403 Ἀγβατάνοισι)
915 1309 1120 1400 προηγόρευε
1140 1313 1219 1394 στάς

130 1472 298 1551 Πατιζείθης]
309 1478 425 1541 „Schol
433 1482 623 1533 eed.Passion.

104 1545 230 1618 βιανααιος
250 1542 266 1596 ὁ
285 1540 431 1614 Μιλήσιος
449 1542 625 1616 Πανζοάθην

103 1603 266 1676 παρέξεσθαι
279 1616 384 1668 τοῦτον
400 1613 477 1682 λέγει.
505 1623 546 1670 Ex
563 1621 589 1670 1ι.
603 1622 620 1673 l
644 1627 647 1634 '

104 1681 236 1748 Ιατιζιλλης
253 1689 387 1740 Zonaras.
423 1690 465 1740 Cf.
482 1691 625 1755 Rutgersii

104 1751 154 1801 l'ar.
170 1753 239 1806 Lect.
257 1757 285 1817 1,
299 1758 327 1807 8.
347 1758 404 1821 Ill,
418 1760 480 1810 10³⁸
516 1762 622 1823 Gaias.

103 1822 186 1904 lemen
203 1821 392 1892 Πατιζείθης,
417 1830 540 1880 cuneatis
562 1829 623 1880 lite-

102 1906 131 1938 ns
149 1907 170 1973 ει
188 1896 336 1960 scribatur,
366 1914 465 1949 sonare
485 1901 622 1960 Ραίὶταίιδ,

102 1967 233 2042 suspicatur
250 1967 368 2031 Oppert.
392 1967 408 2017 1.
432 1968 451 2019 l.
474 1985 536 2034 pag.
560 1969 622 2021 402.

102 2029 150 2080 Aba
161 2031 219 2083 terri
235 2035 315 2086 huius
334 2038 410 2102 magi
425 2040 534 2088 nomina
549 2039 622 2102 apud

102 2098 199 2178 Qtesiam
209 2111 234 2154 et
247 2106 387 2156 lustinum
399 2123 482 2172 supra
493 2108 621 2158 vidimus.

101 2184 240 2251 αραγνωοας
267 2180 324 2225 est:
363 2195 417 2227 esau
441 2181 620 2242 persuasisset.

101 2239 150 2322 lul:
160 2241 180 2302 l,
190 2243 222 2323 98
233 2245 329 2311 ibique
344 2250 414 2296 nott.

128 2322 173 2358 εισε
185 2313 266 2380 αγων]
287 2314 411 2377 (1οη11,
429 2317 446 2366 0
465 2315 531 2380 ibiq.
544 2315 621 2365 citat.

102 2378 205 2460 prenzer.
217 2384 251 2434 ad
266 2384 373 2436 Pletiu.
387 2385 421 2437 de
436 2384 546 2450 pulerit.
558 2401 621 2449 pag.

102 2448 148 2497 018-
169 2452 217 2513 Qui
227 2454 297 2504 idem
309 2455 382 2506 baec
391 2472 462 2506 nunc
472 2454 538 2505 addi
549 2454 621 2504 vult:

102 2518 264 2598 „Hom'OdL
276 2524 329 2576 130
338 2515 429 2591 αὐτὴν
438 2514 503 2582 δ’ἕς
512 2515 622 2588 θρόνον

103 2581 160 2637 εἷσεν
170 2606 239 2655 apae
251 2598 279 2644 et
291 2597 336 2646 sic
349 2596 466 2659 saepius.
485 2594 528 2645 Oi.
538 2596 622 2644 etiam

102 2656 181 2741 Odyss.
193 2663 238 2723 tu,
248 2664 283 2714 08
294 2666 363 2729 ibiq.
381 2665 448 2716 Ced.
460 2663 537 2714 Harl.
550 2680 577 2728 p.
588 2664 622 2715 54

102 2725 203 2803 chsps.
217 2732 319 2809 §entra
327 2734 426 2800 Odyss.
434 2731 537 2795 X,233:
549 2727 623 2782 εἷσεν

103 2792 122 2879 d⁴
140 2792 348 2864 είταγαγουσα.“
382 2805 525 2854 Caeterum
542 2803 623 2867 plena

101 2862 136 2912 lic
146 2869 222 2918 utitur
233 2872 392 2923 Herodotus
405 2872 558 2934 locutione,
577 2873 623 2938 qni

102 2932 299 3017 ll1,64.(lb.30
320 2945 434 3007 scripsit
452 2934 577 3007 [ξάμενος
594 2932 623 2998 te

103 3016 142 3121 τῶν
150 3002 285 3125 ριξσιληῒον
297 3002 419 3077 θρόνον.
437 3012 499 3063 vid.
507 3017 576 3061 nott.
588 3010 621 3062 ad

129 3140 156 3207 τῇ
175 3159 200 3194 τε
222 3133 289 3213 άλλη
306 3143 454 3215 διέπεμπε]
484 3149 528 3200 lte
549 3148 624 3200 edidi

103 3210 231 3291 &bueigb
245 3220 273 3267 et
285 3218 377 3271 Gaisi.
390 3223 509 3270 secutus.
534 3219 623 3284 Vulgo

104 3276 217 3345 διετεμπε
231 3283 265 3351 τῇ
276 3300 306 3335 τε
319 3277 400 3351 ἄλλῃ,
417 3288 498 3352 idque
510 3289 625 3339 retinuit

104 3349 221 3404 Matthiae.
234 3356 268 3392 —'
281 3355 363 3406 Cous.
374 3357 402 3419 1,
417 3359 430 3408 l
447 3359 541 3424 ibique
553 3362 623 3409 nott.

105 3422 126 3466 et
137 3421 191 3471 add.
202 3424 301 3477 Herod.
314 3426 363 3488 Ν,
375 3426 434 3477 114.
448 3429 506 3480 192.
526 3428 623 3478 Iacebs

104 3487 236 3544 addeliau.
256 3493 289 3546 de
305 3495 339 3544 N.
355 3495 387 3545 Α.
405 3497 461 3557 ΙΠ,
481 3500 529 3554 42ς
547 3497 625 3561 plura

104 3574 191 3640 tuoque
206 3563 280 3614 dabit
298 3563 460 3615 Theodorus
477 3565 580 3616 Melina
591 3567 624 3616 de

104 3626 204 3681 dictione
220 3633 376 3696 Polyaenea
399 3634 528 3698 (Berulin.
544 3635 623 3697 1854)

104 3711 152 3761 ptg·
162 3698 199 3751 83.
210 3732 244 3741 -
260 3703 294 3753 In
312 3718 387 3770 seqq.
400 3698 571 3770 προερέοντα
588 3705 624 3754 ad

104 3779 170 3817 uuum
185 3770 256 3821 illum
280 3773 489 3824 caduceatorem
507 3774 625 3825 releren-

104 3832 167 3917 δραι,
185 3842 228 3903 qui
245 3842 271 3891 iu
283 3843 436 3907 Aegyptum
449 3860 466 3893 a
477 3860 556 3909 mago
571 3843 625 3892 fuit

105 3919 199 3971 musas,
218 3916 248 3960 ut
263 3918 354 3962 monet
366 3913 463 3965 Mattb.
479 3914 524 3965 Gr.
540 3913 586 3963 Gr.
599 3916 624 3972 §-

105 3973 153 4055 4433
165 3978 186 4027 l.
197 3994 222 4059 p.
234 3981 295 4043 8⁶29,
310 3981 379 4032 idem
394 3983 427 4032 de
439 3999 490 4033 usu
505 3981 625 4035 verbalis

105 4057 166 4093 vacis
188 4044 345 4109 (caecutiat
356 4053 514 4113 admonens,
529 4053 561 4102 de
571 4067 624 4116 quo

106 4113 182 4164 eedem
195 4119 289 4171 Valek.
310 4121 380 4171 citat
396 4120 521 4183 Thucyd.
536 4123 563 4182 Ι,
581 4121 624 4171 80.

106 4180 213 4245 Sopbocl.
235 4188 334 4240 Electr.
355 4191 416 4242 340.
453 4191 514 4241 Vid.
541 4192 624 4241 etiam

107 4248 221 4307 liuehner.
232 4258 277 4308 Gr.
288 4260 333 4311 Gr.
343 4264 368 4323 ξ.
379 4260 438 4311 528.
448 4265 505 4311 not.
512 4262 538 4310 4.
559 4261 625 4310 Vei·-

107 4316 291 4394 ba'ueeapsa'v,
316 4331 477 4395 προειπεῖν,
502 4344 623 4392 προαγο-

107 4401 184 4447 ρεαειν
199 4395 230 4445 de
241 4413 372 4461 praecone
389 4400 559 4464 potissimum
570 4399 624 4450 frc-

108 4464 219 4521 qucntata
244 4467 410 4534 significant,
443 4469 536 4521 eedem
560 4469 624 4519 Val-

676 1481 755 1532 cken.
770 1473 947 1529 observante:
964 1481 1146 1542 proclamando
1165 1483 1218 1531 edt-

675 1567 748 1611 cere,
767 1548 811 1598 vel
829 1550 987 1599 denuntiare.
1022 1547 1101 1599 Cous.
1114 1549 1217 1599 Berus—

675 1635 766 1669 mann.
778 1618 812 1668 ad
824 1615 997 1682 Xenophont.
1011 1616 1162 1682 Cyrepaed.
1177 1620 1215 1683 11,

674 1691 700 1752 4,
718 1688 749 1739 31
766 1693 794 1738 et
807 1689 927 1738 Pausan.
943 1687 993 1749 IV,
1005 1685 1031 1748 5,
1043 1685 1069 1737 3.

860 1860 925 1910 (lar.
944 1857 1033 1908 LXII.

709 1955 741 2013 ἐν
753 1953 952 2030 Ἀγβατάνοισι]
972 1962 1017 2010 lta
1028 1976 1089 2009 cum
1102 1967 1217 2012 reeentt.

674 2033 734 2084 edd.
760 2033 869 2098 scripsi.
914 2031 984 2081 Olim
1008 2019 1216 2094 ,Ἐκβατάνοισι

673 2104 753 2154 Conf.
768 2103 820 2165 ΙΙΙ,
833 2104 866 2153 04
878 2106 906 2152 et
919 2115 1001 2165 supra
1014 2100 1037 2161 1,
1050 2099 1094 2149 98.
1117 2099 1218 2150 Meme-

671 2178 717 2223 rat
731 2173 864 2223 Ecbatana
876 2172 904 2220 in
918 2168 1057 2220 Galilaeae
1070 2172 1162 2218 tractu
1175 2170 1217 2218 10-

672 2242 749 2307 seph.
763 2242 820 2292 Vit.
833 2256 892 2305 cap.
908 2240 959 2297 11.‚
973 2240 1092 2304 itemque
1103 2238 1217 2302 Stepha-

672 2328 723 2363 nus
742 2312 924 2376 Byzantinus:
950 2299 1115 2375 Ἀγβάτανα,
1140 2306 1217 2356 πολί-

673 2396 753 2446 χνιον
765 2379 884 2445 Συρίας·
904 2370 1057 2443 Ἡρόδοτος
1072 2373 1170 2441 τρίτῳ·
1189 2371 1220 2426 οἱ

674 2445 704 2500 δὲ
717 2449 770 2500 νῦν
781 2442 937 2499 Βατάνειαν
948 2438 1038 2512 αὐτὴν
1050 2445 1174 2495 καλοῦσι.
1183 2473 1216 2482 -

675 2516 838 2588 Δημήτριος
853 2514 885 2571 δέ
897 2531 986 2584 φησιν
995 2507 1147 2583 Ἀγβάτανα
1160 2514 1216 2566 διτ-

674 2585 722 2655 τά,
742 2583 777 2640 τά
788 2583 840 2656 μἐν
856 2587 908 2654 τῆς
921 2586 1052 2652 Μηδίας,
1067 2578 1102 2635 τά
1118 2579 1149 2635 δὲ
1166 2584 1216 2651 τῆς

674 2660 782 2724 Συρίας
794 2674 820 2707 ιι.
829 2675 852 2707 τ.
860 2658 893 2721 1.,
910 2674 942 2706 ae
954 2656 1046 2705 multis
1060 2654 1159 2705 deinde
1171 2654 1217 2704 ad-

673 2731 739 2781 ditis
758 2729 943 2791 descriptura
960 2726 1037 2776 vocis
1049 2725 1090 2773 sic
1107 2724 1216 2774 conclu-

673 2801 727 2850 dit:
743 2794 872 2860 δείξομεν
884 2786 914 2844 δ’
926 2785 1004 2857 ἐντῷ
1014 2784 1046 2859 β,
1059 2781 1102 2841 ὅτι
1114 2784 1132 2856 ἡ
1144 2784 1216 2840 καθ’

674 2861 750 2935 ἡμᾶς
763 2861 890 2915 Βατάνεα
907 2855 1110 2912 να1Βατάνεια
1127 2859 1217 2909 καλεῖ-

674 2954 720 2987 ται
747 2931 796 2985 ναλ
823 2926 855 2984 τὸ
882 2924 1002 2983 ἔθνικὸν
1030 2926 1216 2993 Βατανεῶται,

673 3008 833 3074 quibuscum
851 3005 1013 3068 iungantur,
1037 3015 1108 3067 quae
1123 3000 1152 3048 iu
1172 3015 1217 3048 ea-

674 3079 734 3127 dem
754 3075 888 3139 scriptore
909 3072 1049 3135 leguntur:
1078 3061 1216 3117 Βατανέαι

674 3143 803 3196 συνοικία
815 3141 923 3207 Συρίας
934 3137 952 3208 ἡ
963 3136 1012 3191 παλ
1022 3131 1148 3188 Βατανέα
1162 3127 1216 3187 ἕνε-

674 3214 745 3272 ιιῶς·
769 3204 801 3263 τὸ
815 3204 934 3263 ίθνινὸν
945 3198 1140 3271 Βατανεάτης·
1159 3200 1216 3257 ἔστι

674 3281 722 3334 καὶ
733 3274 846 3333 Βάτανα
857 3274 929 3346 πρὸς
938 3277 977 3348 τῷ
986 3269 1133 3343 Εὐφράτῃ.
1158 3278 1217 3326 Ma-

675 3356 717 3421 gis
734 3354 786 3403 huc
804 3352 939 3417 pertinere
959 3348 1066 3400 videtur
1079 3346 1160 3396 Plinii
1177 3345 1217 3396 1ο-

674 3441 723 3475 cus
740 3424 814 3473 Hist.
834 3424 899 3473 Nat.
913 3423 952 3483 V,
971 3419 1012 3470 10.
1031 3422 1055 3481 5.
1069 3418 1118 3478 75,
1138 3430 1216 3480 quem

674 3510 734 3545 cum
761 3490 923 3542 Billerbeek.
952 3488 1045 3552 (Asiae
1069 3485 1215 3536 Heredett.

672 3560 786 3614 diffieill.
802 3578 828 3626 p.
845 3559 888 3624 11)
910 3557 1036 3622 alliisque
1048 3555 1114 3605 viris
1129 3553 1217 3605 doctis

673 3632 725 3682 huc
740 3631 842 3681 reterre
855 3628 961 3680 malim:
980 3625 1217 3689 ‚‚Promonterium

673 3699 825 3753 Carmelum
858 3704 886 3750 et
911 3699 940 3748 in
971 3701 1062 3746 monte
1090 3694 1217 3757 oppidum

675 3771 770 3821 eodem
787 3770 910 3830 nomine,
929 3767 1066 3833 quendam
1084 3762 1218 3813 Acbatana

675 3839 804 3891 dietum.“
824 3838 863 3888 Ac
876 3838 984 3888 dubitat
994 3835 1128 3882 Maunert.
1137 3832 1218 3895 (Geu-

674 3910 770 3976 grupb.
784 3908 810 3959 d.
824 3908 869 3959 Gr.
884 3923 910 3957 u.
923 3908 1017 3956 Reem.
1031 3902 1080 3963 vl,
1093 3900 1119 3952 1.
1129 3916 1156 3965 p.
1167 3900 1217 3951 353

676 3980 743 4045 seq.)
757 3980 790 4030 de
803 3976 947 4041 Cambysis
961 3973 997 4023 ed
1012 3971 1162 4022 Carmelum
1174 3971 1219 4020 iti·

675 4066 756 4108 nere,
787 4046 905 4110 indeque
929 4043 1091 4106 cambysem
1118 4039 1219 4090 obiisse

676 4118 790 4170 coniicit
807 4116 944 4167 Batburae
963 4115 992 4162 in
1010 4113 1144 4161 Batanea.
1183 4108 1218 4157 At

675 4187 811 4238 Msnnerti
829 4185 1015 4234 dubitationes
1031 4179 1112 4229 diluit
1123 4177 1218 4228 Gallus

675 4258 758 4309 Plinii
772 4257 919 4319 interpres,
937 4252 1062 4309 Parisot‚
1078 4249 1106 4297 in
1119 4262 1152 4297 ea
1164 4246 1218 4297 Pli-

675 4328 713 4378 nii
724 4328 853 4385 editione,
864 4339 933 4387 quae
939 4319 1056 4372 Parisiis
1067 4316 1140 4382 apud
1148 4317 1220 4365 Pau·

675 4395 799 4447 clreucke
809 4393 909 4456 prodiit
918 4407 989 4441 anne
999 4387 1075 4448 1829,
1083 4388 1161 4436 Tem.
1169 4385 1216 4434 IV.

674 4483 699 4533 p.
713 4465 773 4529 266,
786 4463 834 4515 ubi
843 4462 911 4514 baec
923 4458 1035 4513 subiicit
1046 4457 1089 4506 vir
1103 4455 1216 4507 dactus:
