3042 5125
285 363 347 426 ιιι
671 360 941 427 excursus
962 362 1026 426 vn
1096 436 1100 443 ἱ

284 553 485 607 conscribenda
501 557 529 605 et
543 550 608 604 Tibi
624 558 653 606 et
673 551 823 607 lectoribus
838 551 913 605 illius
930 550 1092 605 mutationis
1106 549 1231 603 rationes
1245 549 1285 601 ite
1297 548 1406 613 reddam,

286 646 317 692 ιιι
331 639 398 691 haec
412 639 440 690 in
457 637 531 690 illius
547 636 635 691 locum
654 638 785 691 succedat
800 643 955 707 statumque
971 652 1086 705 musae,
1102 634 1193 708 qualis
1208 651 1284 688 nunc
1301 651 1360 687 esse
1372 634 1408 686 si-

285 724 381 791 detem,
405 740 465 776 cum
480 722 544 775 illus
559 723 689 793 temporis
703 723 806 776 iudicio
822 721 1030 792 comparandum
1043 721 1178 774 exhibeat.

370 809 409 861 Et
422 809 473 861 hoc
490 807 612 878 quidem,
629 809 704 877 quod
721 815 789 861 tunc
802 807 829 860 in
847 807 983 878 principio
1000 806 1098 876 posui,
1116 806 1197 859 etiem
1212 822 1289 857 nunc
1305 802 1409 867 retineo,

285 899 388 947 tantam
404 893 550 965 utriusque
562 891 614 946 loci
626 892 831 948 similitudinem
846 910 923 961 esse,
943 897 1044 945 utnon
1061 890 1183 961 prodiise
1197 889 1271 942 alter
1288 907 1321 942 ex
1335 888 1409 940 altero

286 997 342 1033 non
363 977 463 1048 possit.
495 979 572 1030 Bene
594 978 665 1032 enim
680 978 797 1031 Wexius
817 978 845 1031 in
862 975 1041 1045 Prolegomm.
1065 976 1121 1043 IV,
1144 980 1187 1028 22.
1206 981 1267 1027 not.
1283 978 1308 1026 2.
1328 973 1410 1043 (Τ.1.

285 1081 313 1133 p.
324 1063 382 1131 73).
399 1062 487 1133 „quid
504 1063 643 1130 tandem“,
657 1063 757 1133 inquit,
773 1070 846 1131 „est,
860 1079 909 1115 eur
921 1061 994 1115 dicat
1003 1053 1054 1115 ἀπ’
1070 1053 1156 1115 o'c'ttcv
1169 1052 1276 1131 φωτὸς,
1293 1057 1411 1129 quum,si

286 1148 361 1202 filius
379 1147 536 1214 interisset,
553 1165 609 1201 nou
625 1166 740 1202 necesse
754 1155 829 1215 erat,
852 1153 925 1199 utet
941 1146 1041 1199 coniux
1059 1146 1222 1200 demortuus
1233 1150 1328 1209 esset,
1346 1143 1412 1194 immo

287 1238 397 1303 poteret
412 1250 446 1285 ex
462 1231 555 1285 eodem
572 1233 668 1285 marito
682 1231 751 1285 alios
768 1232 871 1286 liberos
886 1231 1049 1301 suscipere?
1073 1232 1193 1284 Causam
1211 1230 1283 1282 banc
1300 1246 1359 1281 esse
1373 1245 1407 1280 su-

287 1317 440 1387 spicamur,
462 1317 527 1387 quia
547 1317 677 1386 Sophocli
699 1317 775 1370 illius
795 1316 912 1371 feminae
928 1316 1102 1370 Herodoteae
1121 1315 1276 1386 exemplum
1297 1313 1413 1366 obversu-

287 1407 418 1468 tumeat,
439 1401 483 1453 cui
499 1401 522 1453 si
540 1404 651 1455 fratrem
669 1403 836 1472 praeferret,
858 1419 914 1454 non
936 1401 1024 1455 solum
1040 1401 1074 1453 de
1091 1401 1259 1465 liberorum,
1284 1397 1332 1451 sed
1346 1395 1412 1450 simul

288 1487 322 1539 de
346 1485 473 1555 coniugis
494 1485 600 1540 iactura
624 1486 835 1557 periclitandum
857 1491 948 1539 erat.“
981 1485 1129 1540 Praeterea
1149 1487 1222 1539 adeo
1244 1483 1313 1537 illud
1328 1490 1414 1551 argute

288 1571 390 1624 dictum
404 1577 448 1624 est
458 1576 567 1643 umque
581 1571 663 1640 longe
683 1589 699 1624 a
717 1572 850 1625 communi
868 1571 1003 1625 hominum
1018 1588 1104 1624 sensu
1123 1572 1247 1639 recedit,
1269 1574 1301 1620 ut
1314 1568 1379 1620 duos
1390 1566 1412 1618 in

289 1657 359 1709 idem
373 1674 424 1727 pro
443 1674 474 1708 se
494 1673 630 1727 quemque
644 1657 777 1710 incidisse
792 1658 839 1709 vix
858 1656 964 1710 credas.
1001 1656 1180 1709 Exstiterunt
1195 1673 1283 1719 eane,
1303 1661 1334 1705 ιιι
1351 1671 1375 1705 r.
1393 1669 1412 1703 c

289 1741 423 1810 Solgerus
440 1741 490 1812 (ci.
506 1741 731 1809 Nachgelescene
743 1742 883 1795 Schriften
902 1758 929 1793 u.
945 1740 1149 1807 Brieiwechsel,
1166 1741 1335 1807 herausgeg.
1349 1755 1374 1789 r.
1386 1736 1412 1788 h.

289 1826 360 1879 Ticis
380 1843 408 1879 u.
424 1827 472 1879 Fr.
495 1843 521 1878 v.
538 1826 665 1879 Haumer.
689 1829 766 1881 1826.
790 1827 825 1880 T.
845 1826 869 1879 1.
891 1845 919 1896 p.
939 1828 1104 1897 lot-166),
1127 1826 1175 1895 qui
1196 1823 1285 1877 multo
1302 1823 1412 1876 maiorem

290 1912 364 1982 apud
387 1916 496 1964 veteres
518 1912 634 1965 fratrum
655 1928 837 1982 sororumque
858 1926 938 1982 quam
962 1910 1109 1979 coniugum
1130 1910 1259 1981 adeoque
1282 1908 1414 1961 liberorum

290 1995 521 2050 necessitudinem
541 1996 631 2050 inisse
645 1997 859 2062 contenderent,
882 1996 933 2049 sed
954 1995 1036 2049 huius
1057 1993 1278 2048 ratiocinationis
1294 1991 1413 2061 argutiae,

291 2099 362 2152 quae
377 2099 427 2152 pro
443 2080 692 2149 consanguinitatis
708 2081 844 2150 reiigione
865 2081 946 2150 quasi
965 2080 1151 2133 mercatoriam
1168 2079 1345 2132 calliditatem
1361 2076 1414 2127 enh

292 2167 428 2231 stituuut,
449 2182 465 2218 a
481 2166 607 2237 populari
625 2184 710 2219 sensu
727 2183 844 2237 prorsus
859 2165 964 2218 alienae
986 2172 1053 2217 sunt
1072 2165 1197 2236 sciteque
1218 2165 1247 2217 in
1269 2163 1338 2215 hanc
1353 2166 1413 2213 certe

292 2249 456 2304 sententiam
471 2251 543 2304 God.
559 2252 734 2304 Hermennus
748 2250 870 2304 Praelat.
886 2250 929 2303 ed.
945 2255 1025 2303 terta
1041 2267 1121 2317 „nam
1140 2258 1167 2302 et
1181 2248 1367 2318 Antigonae“,
1381 2245 1414 2296 in·

293 2336 363 2405 quit,
381 2333 447 2403 „illa
459 2342 487 2387 et
501 2336 678 2405 intaphernis
692 2336 785 2389 uxoris
801 2335 952 2406 disputatio
964 2335 1030 2406 qnid
1042 2334 1125 2401 aliud,
1141 2351 1224 2404 quam
1237 2333 1317 2386 etiam
1329 2328 1415 2383 veteri·

292 2422 345 2474 bus
361 2420 388 2472 id
401 2421 496 2472 mirum
510 2438 542 2472 ac
559 2439 646 2489 paene
662 2421 814 2475 ineruditum
836 2420 926 2474 risum
942 2438 1005 2473 esse
1022 2420 1157 2485 ostendit,
1181 2419 1206 2471 si
1223 2418 1320 2471 mulier
1332 2414 1414 2469 marito

292 2504 413 2576 filiisque
435 2504 569 2575 potiorem
587 2506 700 2559 haberet
721 2505 875 2559 ιἰιιιειιιῗιι
897 2506 950 2572 ite,
975 2521 1030 2577 quo
1051 2504 1141 2575 ipsum
1164 2503 1351 2556 Hermannum
1369 2515 1413 2550 nou

293 2592 353 2644 sine
368 2590 546 2643 admiratione
563 2591 695 2645 inclinare
713 2591 825 2660 videas,
844 2590 965 2645 eiusdem
981 2591 1148 2643 narrationis
1163 2590 1221 2643 duo
1239 2597 1362 2643 auctores
1376 2601 1414 2636 er·

294 2677 443 2741 stiterunt,
468 2693 584 2744 quornm
599 2677 712 2730 alterum
727 2678 810 2746 poeta
828 2682 941 2729 secutus
956 2675 1072 2729 fortuito
1087 2681 1191 2728 tantum
1209 2692 1270 2728 cum
1288 2670 1414 2726 Herodoto

294 2761 436 2815 concinit?
460 2761 624 2830 Suspicatur
638 2762 689 2815 hoc
705 2761 746 2814 vir
762 2777 884 2815 summus
904 2779 931 2831 p.
948 2759 1052 2813 XXXll
1062 2767 1177 2830 propter
1194 2777 1254 2813 earn
1271 2759 1413 2825 discrepan-

293 2848 374 2914 tiam,
393 2862 473 2918 quam
488 2846 561 2899 inter
577 2854 719 2919 utramque
736 2846 885 2900 orationem
902 2846 1026 2898 invenire
1042 2845 1095 2897 sibi
1109 2846 1190 2898 visus
1205 2852 1265 2912 est,
1280 2844 1304 2896 si
1321 2839 1414 2913 quidem

293 2932 376 2986 τοῦδε
396 2948 450 2984 non
469 2933 503 2984 ed
525 2931 626 2999 tilium,
650 2932 699 2984 sed
721 2931 755 2983 ad
776 2931 900 2985 maritum
917 2936 1044 3001 spectare
1065 2937 1143 2983 retus
1160 2930 1199 2981 itu
1214 2927 1369 2999 Sophoclem
1380 2922 1412 2974 lo·

295 3024 388 3069 cutum
406 3033 469 3069 esse
487 3016 601 3068 statuit:
616 3019 750 3082 meritum,
766 3019 790 3070 ci
805 3025 924 3071 mortuus
939 3025 1018 3085 esset,
1035 3017 1115 3069 ulium
1130 3015 1291 3082 invenirem,
1306 3023 1331 3067 et
1339 3011 1414 3081 fillum

297 3103 329 3154 ob
344 3101 396 3153 ulio
411 3101 483 3168 uiro,
502 3102 526 3152 ai
545 3104 604 3154 loc
624 3104 680 3154 ciro
696 3121 775 3156 essem
790 3104 912 3171 priootu;
935 3101 985 3154 sed
1004 3100 1129 3170 quamvis
1150 3107 1256 3153 certum
1277 3097 1326 3163 sit,
1345 3088 1413 3148 edric

296 3184 350 3237 nisi
364 3177 437 3255 ἄλλῳ
453 3184 554 3253 opponi
570 3203 623 3237 non
639 3203 738 3255 posse,
760 3186 824 3240 inde
843 3203 897 3239 non
913 3186 1057 3255 sequitur,
1078 3192 1110 3237 ut
1131 3178 1204 3256 ἄλλῳ
1220 3181 1294 3254 φωτὶ
1309 3193 1412 3249 oppona-

296 3276 356 3336 tur,
379 3267 458 3320 modo
474 3286 508 3320 ne
524 3269 690 3337 cogitemus,
707 3271 740 3323 od
755 3273 845 3325 παῖδα
858 3286 970 3341 quoque
984 3290 999 3324 e
1011 3270 1156 3340 superiore
1172 3287 1256 3322 versu
1273 3262 1412 3320 commodis·

296 3352 363 3408 sime
379 3346 463 3408 ἄλλον
480 3353 566 3423 repeti
582 3372 673 3424 neque
688 3355 716 3408 iu
732 3363 810 3409 tanto
822 3357 969 3427 utriusque
983 3354 1035 3407 loci
1050 3372 1199 3422 consensu,
1215 3358 1344 3425 quantum
1352 3348 1412 3400 Her-

296 3456 413 3493 mannus
428 3455 539 3509 quoque
551 3438 579 3491 in
597 3439 717 3509 singulis
737 3442 797 3494 iere
812 3441 905 3494 verbis
927 3439 1068 3509 agnoscit,
1091 3440 1204 3511 ancipiti
1228 3447 1376 3493 structurae
1390 3428 1411 3481 id

296 3524 428 3595 ponderis
442 3523 618 3577 tribuendum
637 3531 695 3592 est,
719 3530 750 3578 ut
763 3526 814 3578 hac
829 3525 888 3578 sola
903 3525 937 3578 de
952 3523 1092 3578 caesarei
1107 3525 1217 3578 tertium
1232 3522 1347 3578 eiusdem
1358 3532 1410 3570 sen·

296 3610 399 3664 tentiae
414 3615 552 3662 auctorem
568 3609 739 3680 circumspici
755 3614 897 3680 oporteat3
918 3626 1002 3680 quum
1021 3608 1066 3662 vel
1085 3610 1158 3680 apud
1173 3609 1245 3663 duos
1261 3608 1319 3660 illos
1331 3602 1411 3657 mirum

297 3712 329 3747 ac
343 3713 431 3766 paene
450 3694 601 3748 inauditum
615 3713 760 3749 occurrere
775 3694 836 3764 ipse
850 3695 1025 3748 Hermannus
1040 3693 1184 3747 intellexit.
1213 3689 1339 3764 Populati
1353 3685 1409 3739 enin

296 3781 368 3832 lama
382 3785 558 3850 propagatam
576 3798 684 3848 vocem,
708 3797 779 3850 qnae
794 3779 943 3833 Suevernii
963 3779 1056 3849 opinio
1072 3786 1129 3848 est,
1154 3779 1230 3833 velut
1252 3797 1283 3831 ex
1298 3766 1409 3828 communi

297 3866 374 3917 sonte
392 3872 536 3934 utrumque
554 3865 708 3934 arripuisse
723 3866 802 3918 etiam
818 3864 907 3917 minus
924 3864 1053 3918 credibile
1065 3872 1109 3917 est
1120 3864 1260 3934 reputanti
1273 3861 1338 3914 illam
1350 3851 1409 3926 apud

296 3949 469 4002 Herodotum
483 3966 543 4003 curn
560 3957 618 4002 teta
633 3950 807 4004 Persicarum
822 3965 914 4003 rerum
929 3950 1055 4003 memorie
1072 3958 1147 4002 arcte
1167 3950 1325 4011 cohaerere,
1344 3940 1409 3994 cuins

298 4032 422 4086 notitiam
437 4033 514 4102 ipsos
527 4036 650 4088 Graecos
660 4034 796 4088 Herodoti
812 4035 917 4088 demum
927 4035 1024 4088 merito
1039 4034 1170 4088 debuisse
1183 4039 1286 4087 tantum
1300 4046 1348 4083 non
1362 4039 1408 4076 σεῖ’

297 4122 354 4169 ιιιιιι
369 4123 430 4184 est3
455 4135 505 4169 nec
526 4118 550 4170 si
568 4120 726 4174 Hermanno
749 4119 932 4173 concesserim
946 4119 1107 4190 Sophoclem
1121 4120 1237 4188 iecisse,
1259 4115 1327 4189 quod
1340 4122 1407 4175 saepe

298 4200 425 4253 iecerunt
439 4202 537 4269 tragici
553 4205 669 4270 Graeci,
687 4212 719 4257 ut
739 4205 820 4258 etiam
834 4205 923 4258 minus
938 4211 1003 4273 apto
1018 4204 1094 4272 loco,
1115 4204 1189 4274 quod
1210 4200 1309 4273 populo
1320 4190 1408 4263 „gutia

297 4284 543 4354 disceptationibus
560 4286 690 4341 delectari
706 4289 788 4342 solito
803 4295 945 4358 acceptum
959 4291 1020 4342 iore
1036 4289 1211 4358 intelligeret,
1226 4288 1285 4340 eius
1295 4272 1405 4337 afferendi

298 4369 433 4439 arriperet
450 4370 699 4440 opportunitatem,
716 4373 850 4428 eiusmodi
864 4377 965 4428 lactum
981 4391 1098 4444 prorsus
1114 4373 1255 4443 singulare
1261 4412 1269 4440 ,
1284 4368 1354 4423 cuius
1368 4374 1407 4414 nte

297 4454 398 4508 nobilis
413 4460 491 4508 actor
506 4461 534 4509 et
548 4472 632 4509 scena
647 4456 716 4511 satis
731 4465 836 4513 remota
850 4465 943 4528 esset,
961 4459 1096 4530 quomodo
1112 4458 1141 4512 in
1158 4475 1207 4511 ora
1221 4456 1343 4511 hominum
1355 4461 1403 4518 ptr·
