3042 5125
484 391 804 454 MELPOMENE.
828 392 882 454 IV.
904 401 949 458 71.
1216 393 1274 454 441

141 579 201 649 τὸν
215 584 319 652 νέκυν
333 591 535 670 κομιζονιες,
560 587 597 653 ἐν
611 586 764 673 Γέρροισι
786 592 906 673 ἔσχατα
927 587 1196 672 κατοικημένοισί
1216 594 1278 656 εἰσι

141 690 211 753 τῶν
232 688 380 772 ἐθνέων,
411 691 479 755 τῶν
498 685 654 775 ἄρχουσι,
676 691 732 758 καὶ
752 691 791 757 ἐν
809 694 884 776 τῇσι
904 693 1037 778 ταφῇσι.
1077 690 1132 756 καὶ
1154 696 1277 774 ἔπειτα,

141 787 247 858 ἐπεὰν
262 793 367 859 θέωσι
382 788 440 858 τὸν
455 793 557 860 νέκυν
578 795 615 861 ἐν
630 796 705 880 τῇσι
720 790 845 881 θήκῃσι
861 795 913 860 eu
928 790 1102 879 στιβάδος,
1125 792 1277 882 παραιτή-

140 895 259 975 ξαντες
272 891 391 982 αἰχμὰς
405 900 507 964 ἔνθεν
521 897 576 963 καὶ
590 902 692 965 ἔνθεν
709 899 770 964 τοῦ
783 900 922 983 νεκροῦ,
939 892 1020 977 ξύλα
1033 888 1278 982 ὑπερτείνουσι,

139 999 198 1065 καὶ
212 1002 327 1066 ἔπειτα
341 998 414 1085 ῥιψὶ
429 998 714 1086 καταστεγάζουσι.
745 1002 782 1068 ἐν
798 998 835 1067 dl
851 1026 891 1087 τῃ
906 1002 1007 1087 λοιπῇ
1021 993 1208 1087 εὐρυχωρίῃ
1222 1003 1279 1088 τῆς

139 1200 257 1255 attinet,
272 1198 372 1250 similia
384 1199 515 1266 quaedam
528 1200 602 1265 apud
612 1202 689 1251 Mun·

139 1267 221 1330 gelos
240 1270 401 1319 recentioris
418 1271 519 1320 aetatis
532 1272 637 1320 usitata
649 1270 689 1320 af·

139 1337 196 1388 fert
204 1338 360 1388 Neumann:
374 1338 565 1390 DiaHelleucn
577 1341 613 1389 im
620 1338 688 1405 sky.

139 1405 291 1457 thenlande
302 1409 325 1459 Ι.
338 1424 399 1474 pag.
414 1408 465 1459 238
477 1425 533 1473 seq.

176 1467 257 1541 όινί]
276 1478 317 1527 De
333 1477 386 1528 hac
401 1495 470 1529 voce
487 1477 542 1527 vid.
564 1480 634 1527 nott.
651 1478 686 1527 ad

141 1543 188 1600 ΙΙ,
201 1545 245 1597 dd.
271 1547 328 1596 Nos
342 1547 473 1598 dicimus:
493 1548 648 1598 uocauere
664 1564 686 1599 s.

146 1614 371 1679 Weideuqeflecht.
397 1619 439 1667 ud
457 1618 567 1668 Homer.
586 1616 684 1680 Odyss.

141 1685 177 1742 V,
187 1683 241 1732 256
251 1685 412 1736 Eustathius
425 1686 586 1751 adscripsit:
605 1677 687 1744 όίπες

141 1743 173 1800 δὲ
188 1745 295 1815 πλέγμα
308 1752 379 1817 <puel
392 1746 519 1821 καλάμου
530 1749 633 1816 πλατὺ,
649 1745 687 1813 ὡς

141 1818 259 1880 ’ψίαθος
282 1836 309 1872 ²·
330 1840 353 1874 τ.
380 1825 402 1875 λ.
437 1827 500 1889 Ipse
523 1824 688 1889 Wesseling.

140 1891 213 1940 haec
224 1890 381 1943 adnotavit:
395 1894 475 1956 „Vid
487 1896 525 1957 ΙΙ,
538 1894 572 1945 66
583 1899 611 1944 et
623 1894 688 1943 Dio-

142 1975 205 2024 nys.
225 1959 321 2022 Chrys.
339 1961 384 2079 qt..
402 1965 475 2014 XIV.
497 1979 560 2028 pag.
581 1963 632 2014 219
650 1962 687 2012 ad

140 2030 214 2079 haec
237 2029 347 2079 Herode
362 2046 395 2080 ea
418 2032 591 2084 alludentem.
622 2033 688 2082 Bar-

141 2100 229 2149 barus
247 2100 451 2150 contumulandi
473 2119 530 2152 mos
551 2104 603 2153 etsi
622 2102 688 2165 Scy·

141 2169 222 2228 chae,
234 2168 263 2217 iu
278 2183 358 2218 sacra
373 2170 586 2222 Christianorum
600 2176 690 2222 bans·

140 2236 250 2301 gressi,
264 2253 326 2287 snm
338 2239 505 2298 abdicariut‚
517 2242 687 2292 Theodoreto

142 2308 195 2358 Or.
209 2306 245 2356 ad
255 2307 352 2360 Graec.
362 2309 410 2359 IX.
426 2325 452 2371 p.
468 2309 516 2358 1211
528 2316 608 2373 teste,
622 2325 687 2360 non-

141 2378 209 2427 dum
221 2376 301 2440 plane
316 2378 344 2427 iu
357 2378 502 2427 Tarturiae
512 2380 688 2430 Lithunuiae-

141 2461 199 2510 que
209 2446 264 2496 oris
278 2451 379 2499 cessat.
400 2447 462 2499 Vid.
474 2448 582 2499 Memor.
592 2449 687 2512 Scyth.

141 2517 247 2581 Bayeri
259 2515 408 2569 Commeut.
429 2517 513 2568 Aean
531 2519 637 2585 Petrop.
653 2519 687 2569 T.

141 2587 198 2637 111.
215 2602 242 2650 p.
255 2585 335 2636 359.‘¹
367 2587 453 2638 Italus
475 2590 607 2651 interpres
627 2605 689 2638 cru-

141 2656 232 2705 delem
249 2670 363 2717 morem,
389 2672 440 2720 quo
460 2658 488 2706 iu
504 2657 575 2722 regis
594 2657 687 2707 funere

141 2725 278 2785 ministri,
294 2741 406 2785 uxores,
422 2726 470 2775 alii
482 2726 686 2788 interficiuntur,

142 2795 256 2859 attigit,
274 2794 307 2844 de
323 2795 419 2845 Turcis
438 2795 525 2846 simile
542 2795 606 2857 quid
623 2795 688 2844 sffe-

141 2881 216 2914 reus.
247 2863 316 2916 Add.
334 2864 435 2915 Herod.
457 2866 494 2921 V.
512 2868 529 2915 4
550 2870 578 2913 et
599 2864 686 2913 Nicul.

141 2936 274 2984 Damaso.
286 2933 410 2997 fragmm.
429 2950 455 2999 p.
470 2934 529 2985 155.
545 2933 591 2983 161
605 2932 689 2983 Orell.

142 3001 298 3052 Tzschuck.
317 3004 352 3053 sd
368 3002 432 3053 Mel.
447 3008 518 3054 nott.
539 3018 634 3067 exeug.
648 3003 686 3061 11,

141 3075 167 3122 2.
181 3088 208 3134 p.
220 3071 251 3122 81
269 3072 329 3121 Vol.
342 3074 394 3122 111.
413 3073 443 3122 P.
457 3073 495 3122 11.
526 3074 568 3122 De
580 3072 687 3131 Hunuis

142 3143 222 3201 paria
234 3142 319 3191 tradit
330 3142 480 3205 Procopius
496 3143 564 3194 Bell.
576 3143 651 3192 Pers.
663 3142 686 3201 I,

142 3212 168 3262 3.
195 3213 232 3260 lit
254 3212 473 3277 antiquissimum
498 3211 685 3275 Mougolorum

143 3296 203 3331 esse
215 3295 331 3343 morem,
344 3286 375 3330 ut
388 3282 438 3341 iis,
452 3282 498 3345 qui
509 3282 684 3346 sepeliantur,

144 3350 246 3414 optima
260 3366 383 3415 quaeque
397 3352 424 3399 iu
437 3350 496 3400 vita
509 3367 548 3401 sc.
561 3366 630 3416 quae
640 3349 687 3399 hu·

143 3420 267 3479 buerint,
285 3420 422 3470 addantur
438 3422 466 3469 in
477 3420 617 3483 sepulcro.
632 3434 686 3468 mo-

145 3494 191 3539 uet
208 3489 324 3541 Goerres
344 3490 550 3553 lllytbeugesch.
578 3492 601 3539 I.
623 3504 687 3552 pag.

146 3558 210 3618 198,
228 3559 281 3610 hoc
301 3575 408 3625 quoqne
419 3560 548 3615 afferens.
566 3557 639 3623 quod
653 3556 687 3606 sd

142 3629 277 3679 Herodoti
288 3630 469 3678 narrationem
482 3631 530 3686 lv,
548 3631 582 3678 72
593 3628 689 3677 nonni-

143 3696 181 3746 hil
192 3698 277 3750 lacit.
292 3700 369 3764 equis
385 3699 485 3749 corium
499 3698 585 3749 fuisse
599 3697 689 3747 detra·

144 3771 223 3829 ctum,
234 3769 306 3831 quod
318 3784 388 3831 mox,
402 3769 535 3832 repletum
547 3767 686 3825 stramine,

145 3842 272 3900 quattuor
288 3839 403 3901 pedibus
414 3839 547 3888 insistens
557 3838 686 3902 erigatur.

145 3906 184 3956 De
203 3906 255 3957 hoc
273 3907 392 3959 nefando
410 3908 598 3971 Mougolorum
613 3920 687 3955 more

146 3977 279 4027 consimili
299 3978 347 4035 iis,
363 3992 433 4041 quae
452 3977 485 4026 de
497 3975 607 4041 Scythis
626 3974 652 4023 h.
666 3973 685 4024 1.

146 4046 303 4109 traduntur,
323 4047 403 4112 plura
420 4061 492 4096 nunc
511 4045 605 4095 attulit
615 4046 687 4095 Neu-

146 4130 231 4166 mann.
243 4116 261 4170 1.
273 4116 292 4166 l.
304 4134 331 4182 p.
344 4116 395 4168 232
406 4131 482 4182 seqq.
502 4116 593 4182 Atque
605 4118 636 4164 nt
646 4119 687 4163 ta-

146 4199 233 4247 ceam,
244 4202 315 4251 quae
331 4188 366 4237 de
375 4186 517 4237 funeribus
527 4185 688 4250 Dschiugis·

147 4304 304 4314 v--nv
311 4309 341 4313 m-
349 4310 365 4314 .-

737 1198 852 1264 chanst)
866 1202 894 1249 et
905 1198 1019 1249 aliorum
1032 1198 1183 1265 principum
1199 1200 1278 1251 huius

736 1271 827 1335 gentis
841 1273 996 1332 narrantur,
1008 1269 1144 1333 inquibus
1157 1275 1222 1334 quot
1232 1270 1278 1320 ho·

737 1340 838 1388 minum
862 1338 949 1389 millia
974 1339 1066 1389 occisa
1092 1339 1210 1403 fuerint,
1232 1341 1279 1390 vix

737 1407 868 1460 credibile
878 1407 1000 1470 videtur,
1016 1407 1179 1459 occiduntur
1194 1410 1279 1474 potis·

737 1479 835 1528 simum
859 1476 983 1543 pellices,
1011 1477 1119 1541 puellae
1137 1480 1278 1544 puerique,

736 1548 809 1599 servi
832 1563 983 1612 servasque
1006 1562 1039 1598 ac
1056 1548 1173 1598 ministri
1191 1550 1279 1599 cuius-

736 1617 778 1667 vis
787 1619 905 1682 generis,
919 1618 965 1681 qui
974 1617 1090 1681 principi
1102 1617 1166 1667 vivo
1178 1617 1279 1668 fuerint

735 1687 821 1752 grati,
847 1686 910 1750 equi
931 1685 1093 1748 camelique;
1117 1688 1164 1751 qui
1186 1703 1279 1737 omnes

736 1770 871 1806 unacum
893 1754 992 1820 phialis
1011 1754 1128 1820 aliisque
1147 1755 1279 1806 rebusad

736 1823 932 1889 supellectilem
969 1823 1169 1887 pertinentibus
1204 1826 1278 1889 regis

736 1893 861 1957 sepulcro
873 1892 970 1943 deiude
981 1892 1154 1943 includuntur
1170 1909 1202 1944 eo
1216 1909 1279 1945 con·

736 1964 814 2025 silio,
836 1967 867 2012 ut
891 1969 1012 2013 mortuus
1027 1978 1074 2012 rex
1086 1961 1199 2022 habeat,
1221 1963 1279 2028 qui-

735 2033 789 2082 bus
805 2036 917 2093 utatur,
940 2046 1028 2095 neque
1049 2030 1105 2081 ullo
1128 2033 1279 2083 ministerio

737 2117 824 2167 neque
837 2101 902 2151 ullis
914 2099 1020 2151 deliciis
1032 2105 1138 2150 careat:
1157 2118 1189 2152 eo
1206 2102 1278 2151 euim

738 2169 872 2221 crudelem
899 2185 997 2222 morem
1020 2175 1147 2234 spectare
1170 2171 1279 2221 credam

735 2257 798 2292 cum
808 2242 966 2291 Neumanuo
977 2238 994 2290 1.
1010 2238 1027 2291 1.
1044 2256 1069 2303 p.
1082 2240 1134 2291 239
1145 2256 1231 2306 neque
1241 2240 1280 2290 al-

737 2311 865 2374 tiusquid
875 2310 917 2359 his
928 2309 1071 2360 sacrificiis
1084 2309 1206 2360 humanis
1217 2311 1279 2361 sub·

736 2395 797 2430 esse
810 2380 877 2430 mihi
889 2379 1047 2443 persuaderi
1060 2380 1159 2444 patiar.
1191 2381 1279 2430 Maxi-

736 2465 779 2499 me
793 2466 857 2500 vero
867 2450 902 2499 ad
912 2449 1081 2499 Herodotum
1090 2449 1279 2500 illustrandum

736 2520 842 2570 faciunt
858 2534 904 2579 ea,
922 2534 992 2584 quae
1004 2518 1075 2569 idem
1090 2523 1133 2570 vir
1142 2519 1240 2571 doctus
1252 2536 1278 2585 p.

737 2589 790 2639 240
803 2588 897 2638 retulit
915 2605 948 2639 ex
963 2604 1044 2652 opere
1055 2590 1166 2639 Arabici
1185 2594 1280 2640 aucto-

737 2660 775 2707 ris
793 2659 844 2708 Ibu
863 2660 966 2707 Batnta
979 2657 1049 2721 (The
1065 2657 1168 2708 traveis
1183 2659 1214 2709 of
1228 2658 1279 2708 Ibn

736 2728 853 2785 Batnta,
871 2725 1023 2777 translated
1039 2727 1075 2793 by
1087 2727 1115 2777 S.
1128 2728 1192 2777 Les.
1206 2728 1280 2777 Lon-

737 2795 799 2847 don.
808 2796 884 2847 1829.
895 2812 957 2860 pag.
967 2795 1039 2858 220),
1052 2797 1101 2860 qui
1113 2796 1223 2846 saeculo
1235 2797 1280 2847 de·

738 2866 807 2915 cimo
822 2869 920 2929 quarto
937 2864 1027 2914 adfuit
1042 2864 1133 2915 funeri
1147 2865 1279 2931 principis

737 2934 860 2986 Sinensis
872 2934 1079 2999 eMongolorum
1092 2935 1187 2998 stirpe,
1198 2935 1280 2999 idque

737 3004 778 3053 ita
797 3005 950 3065 enarravit,
974 3008 1005 3053 ut
1026 3003 1070 3053 vel
1092 3004 1193 3068 singuli
1210 3006 1280 3054 ritus

736 3074 856 3133 samiis,
878 3089 947 3138 quae
967 3074 994 3122 in
1007 3072 1167 3138 Scytharum
1186 3089 1280 3137 regum

737 3142 876 3193 funeribus
894 3146 966 3193 teste
976 3142 1116 3193 Herodoto
1133 3142 1189 3192 fieri
1210 3142 1280 3193 sole·

736 3211 812 3273 baut,
826 3212 999 3262 conveniant.
1020 3214 1115 3278 Neque
1130 3216 1225 3264 nostra
1236 3228 1281 3263 se·

739 3285 797 3330 tate
809 3297 921 3344 pravam
934 3283 1157 3346 superstitionem
1170 3298 1280 3347 prorsus

738 3351 869 3413 cessisse,
879 3352 948 3403 satis
961 3350 1115 3415 declarant,
1127 3366 1197 3417 quae
1209 3351 1280 3402 idem

738 3422 888 3473 Heumann.
906 3438 933 3484 p.
946 3420 998 3471 23ss
1010 3421 1106 3472 retulit
1119 3437 1151 3471 ex
1166 3422 1280 3472 itinera·

737 3490 779 3539 rio
790 3490 863 3539 docti
871 3489 941 3539 Galli
952 3490 1103 3541 sacerdotis
1113 3489 1201 3550 (Hucr
1214 3491 1282 3541 Sou-

737 3560 829 3609 venirs
843 3558 907 3607 d'uu
920 3574 1027 3623 voyage
1036 3559 1104 3611 daus
1115 3558 1143 3609 la
1154 3560 1280 3610 Tartarie

739 3633 793 3679 etc.
805 3628 828 3678 1.
843 3644 905 3692 pag.
921 3628 970 3679 130
980 3629 1046 3679 edit.
1062 3627 1129 3691 sec.)
1143 3632 1280 3680 narrantis

737 3698 883 3757 deservis,
900 3698 990 3761 pueris
1006 3699 1155 3761 puellisve,
1168 3698 1196 3747 in
1208 3699 1281 3763 prin·

737 3769 828 3830 cipum
848 3766 943 3816 lunera
964 3766 1053 3818 adhuc
1072 3767 1179 3817 nefario
1200 3767 1280 3818 modo

737 3836 845 3887 occisis.
863 3863 896 3872 -
915 3836 949 3885 In
959 3836 1092 3887 Herodoti
1104 3836 1182 3896 loco,
1202 3843 1232 3887 ut
1246 3838 1281 3887 ad

736 3906 807 3956 huuc
819 3905 945 3966 redeam,
958 3906 1059 3969 singuli
1072 3921 1280 3957 commemorari·

737 3980 782 4025 tur
795 3976 866 4040 regis
884 3975 1001 4025 ministri
1023 3976 1058 4025 ad
1076 3976 1154 4026 varia
1169 3977 1280 4042 negotia

737 4046 866 4110 vitaeque
877 4046 1071 4096 necessitates:
1084 4045 1223 4111 pincerna,
1236 4063 1281 4097 co·

737 4131 820 4180 quus,
835 4116 946 4180 equiso,
959 4117 1081 4179 corporis
1092 4116 1215 4169 minister
1228 4114 1281 4181 (dt-

739 4177 857 4249 η’κονος,
874 4189 904 4234 ut
913 4185 966 4248 IV,
979 4186 1020 4236 72.
1033 4185 1082 4249 IX,
1097 4185 1145 4247 823
1158 4187 1231 4241 conl.
1249 4189 1281 4239 B.

194 4367 213 4413 *l
228 4366 414 4420 Dscbiugiscbnno
430 4374 514 4409 mortuo
528 4368 673 4421 qnadraginta
687 4368 768 4419 puellus
780 4368 937 4459 pulcherrimas
955 4371 1091 4422 maximeque
1110 4376 1196 4411 urnulas
1210 4372 1231 4412 in
1245 4384 1279 4411 sc-

147 4416 238 4466 pulcrnrn
256 4420 300 4459 urit
319 4419 407 4461 traditas
426 4432 474 4461 esse
493 4422 552 4473 quasi
571 4421 679 4461 ministres
697 4418 761 4460 tradit

148 4477 169 4517 p.
180 4468 211 4509 u.

791 4448 797 4459 .
816 4420 843 4461 de
862 4420 971 4461 Hammer.
989 4421 1065 4463 Wiau.
1084 4421 1173 4463 Jahrbb.
1193 4421 1280 4462 van.
