3042 5125
457 374 781 442 unnrouaun.
804 329 921 437 sua-z..
945 385 988 441 n.

1228 374 1290 437 393

142 568 283 655 χωρέων
300 570 436 638 πασέων
456 570 650 655 παρέχεται,
676 570 738 649 ἔξω
758 568 820 633 τοῦ
828 568 1024 650 Σκυθικοῦ,
1046 572 1149 635 ἔθνεα
1163 563 1290 656 ipori-

141 691 257 740 σταται.
297 668 375 740 οῦτε
400 669 464 760 γὰρ
490 666 793 751 revocaminis
814 673 875 738 τοῦ
896 667 1032 737 Πόντου
1052 665 1153 739 οῦδὲν
1173 678 1291 759 ἔχομεν

143 777 380 863 προβαλέσθαι
393 782 513 863 σοφίης
526 778 617 863 ιιὲρι,
638 770 716 843 οῦτε
737 770 848 862 ἄνδρα
867 770 982 859 λόγιον
997 778 1137 862 οἴδαμεν
1154 773 1289 863 paudus-

144 906 224 964 νον,
240 876 345 967 πάρεξ
359 882 421 948 τοῦ
432 882 613 949 Σκυθικοῦ
625 885 743 957 ἔθνεος
756 879 813 946 καὶ
824 873 1045 963 Ἀναχάρσιος.
1081 880 1136 969 Τῷ
1150 877 1187 946 δὲ
1197 885 1288 947 Σκυ·

87 994 139 1046 30²
150 985 247 1073 θικῷ
267 984 361 1069 μένει
378 988 416 1051 ἓν
436 982 498 1072 μὲν
516 979 553 1051 τὸ
574 985 732 1070 μέγιστον
751 985 820 1049 τῶν
838 977 1069 1067 ἄνθρωαηΐοιν
1088 981 1292 1071 πραγμάτων

143 1083 326 1173 σοφώτατα
339 1084 478 1154 πάντων
491 1082 681 1173 ἐξεύρηται,
699 1087 770 1153 τῦν
782 1080 874 1173 ἡμεῖς
890 1088 1002 1171 ἴδμεν·
1023 1081 1064 1152 τὰ
1078 1087 1192 1173 μέντοι
1206 1082 1290 1155 ἄλλα

143 1185 208 1257 οῦκ
222 1185 360 1277 ἄγαμαι.
394 1186 430 1257 τὸ
447 1189 482 1258 δὲ
497 1191 655 1278 μέγιστον
667 1184 756 1256 οῦτοι
770 1206 831 1275 σφι
845 1184 1043 1275 ἀνεύρηται,
1060 1184 1144 1256 ὥστε
1157 1185 1289 1276 ἆαοφυ-

143 1307 222 1380 μεῖν
236 1319 273 1361 τε
287 1293 416 1381 μηθένα
431 1291 620 1361 ἐπελθόντα
641 1293 695 1360 ἐστὶ
708 1294 829 1379 σφέας,
850 1288 895 1380 μὴ
907 1292 1134 1379 βουλομένους
1149 1319 1184 1361 τε
1199 1295 1289 1375 ἐξευ-

140 1473 252 1524 qnoqne
274 1474 363 1510 rerum
389 1458 425 1509 ad
446 1458 641 1524 geographiam
667 1472 689 1508 s.
741 1456 785 1510 98.
807 1453 913 1521 σοφίην
927 1458 1077 1521 prudentem
1093 1461 1232 1510 sollertiam
1251 1459 1291 1508 in·

138 1532 236 1611 tarrae
265 1529 475 1612 descriptionem
505 1528 690 1594 spectantium
740 1530 908 1610 terpretatur
919 1524 1128 1608 Wesselingiuu
1142 1531 1291 1593 sapientiam

140 1597 691 1732 tuttttttzzttiifimhtt
740 1594 1290 1728 {illitati’tubitethi:

140 1737 272 1788 nitentum
285 1735 341 1788 tisri
353 1737 450 1787 scribit
461 1737 554 1800 Heyse
564 1735 582 1789 l.
593 1736 612 1787 1.
625 1750 689 1802 pag.
742 1748 814 1785 τοττι
826 1726 995 1798 λεγομένοισι
1005 1726 1078 1783 εἶναι
1085 1726 1226 1800 Ἑλλήνων
1239 1748 1290 1783 σο-

143 1805 211 1867 131,
233 1822 283 1869 ea,
302 1822 372 1872 qnae
390 1807 453 1857 inde
479 1806 512 1857 de
526 1804 690 1870 Scytharum
742 1803 840 1870 φίην.
860 1802 930 1853 Ado.
943 1802 970 1864 1,
982 1801 1026 1855 36.
1047 1803 1134 1855 Panlo
1147 1804 1288 1867 alitum,

142 1881 220 1926 terra
232 1876 416 1942 gentibusque
433 1875 549 1937 sinuatis
563 1890 691 1926 enarran-
740 1878 769 1927 4.
787 1874 850 1934 727,
863 1872 911 1923 ubi
922 1872 981 1924 vid.
995 1877 1063 1924 nott.

141 1951 203 2002 tur.
230 1961 264 1995 ex
282 1947 411 2010 antopsia
428 1944 544 2011 quadam
568 1945 690 1995 fluxisse.
779 1948 872 2023 ἄνδρα
884 1947 989 2024 λόγων]
1009 1958 1028 2008 i,
1041 1973 1065 2008 o.
1083 1961 1160 2009 vnum
1173 1962 1289 2023 peritum,

141 2015 207 2065 Vid.
228 2016 314 2064 etiam
334 2015 407 2065 infra
423 2031 484 2080 cap.
499 2015 542 2066 86.
571 2016 628 2065 Nec
643 2014 691 2064 dn·
745 2031 867 2080 crudum
877 2032 1061 2094 nequeenim,
1074 2027 1116 2077 (tf.
1132 2028 1179 2090 1‚1
1198 2028 1305 2093 ibique·

144 2085 222 2135 bium
249 2087 277 2135 in
296 2086 366 2135 istas
392 2086 516 2151 regiones
538 2084 695 2148 pervenisse
744 2102 816 2149 nott·
832 2097 875 2158 11,
888 2097 930 2147 77,

143 2152 331 2216 Herodotum,
345 2170 422 2219 quem
437 2168 615 2220 quaecunque
626 2152 696 2204 reis-

144 2229 191 2273 rat
201 2221 248 2273 vel
260 2224 348 2289 ipsum
360 2224 463 2274 vidisse
484 2223 527 2273 vel
544 2223 579 2273 ab
593 2222 695 2288 indige-

144 2295 188 2345 nis
201 2294 351 2344 Graecisve
364 2293 446 2344 Ponti
460 2292 563 2344 accolis
574 2292 696 2357 accepis·

145 2379 174 2414 se
192 2367 270 2413 recte
288 2367 412 2414 statuere
438 2363 545 2413 videtur
563 2360 694 2412 Niebuhr.

144 2433 252 2494 (Versu.
266 2432 378 2482 Schriit.
395 2433 417 2483 1.
436 2449 463 2497 p.
475 2430 553 2497 355);
577 2446 694 2496 quocum

144 2502 315 2553 Herodotum
338 2502 463 2568 ponimns
483 2502 528 2551 vix
553 2500 627 2552 ultra
647 2500 694 2551 01-

143 2573 218 2623 biam
233 2587 408 2638 progressum
425 2588 502 2634 esse,
519 2587 568 2623 nec
584 2572 610 2621 in
623 2571 694 2621 Tau·

144 2642 232 2692 ricam
268 2641 454 2706 paeninsulam
487 2642 695 2706 Bospornmqus

145 2714 267 2763 venisse.
296 2712 333 2762 Et
352 2711 479 2763 laudibus
500 2711 563 2761 inde
582 2710 694 2775 dignum

145 2781 307 2831 iudicarunt
331 2785 435 2846 patrem
458 2780 591 2830 historiae
616 2780 695 2830 hian-

145 2856 219 2901 uert.
231 2850 281 2902 lv,
302 2866 329 2915 p.
343 2850 386 2901 63.
400 2850 434 2901 67
454 2847 528 2914 (coll.
541 2849 654 2900 Reunel.
667 2864 693 2914 p.

145 2918 213 2988 403)
232 2924 317 2985 atque
334 2919 498 2970 Dahlmann.
510 2918 613 2970 Herod.
631 2933 695 2983 pag.

149 2988 200 3040 756
213 2989 250 3039 ob
271 2994 431 3040 accuratam
449 3004 538 3039 rernm
554 2987 698 3053 Scythica-

146 3074 206 3110 rum
219 3059 429 3125 expositionem.
447 3061 505 3110 Neo
517 3062 607 3108 tamen
621 3058 698 3108 Man·

147 3133 228 3180 nerto
244 3125 304 3192 (lV.
320 3145 346 3193 p.
359 3127 394 3179 65
406 3128 476 3193 seq.)
488 3128 597 3179 credam
610 3127 697 3177 Hero-

148 3198 244 3249 dotum
259 3203 432 3249 mercaturae
450 3213 535 3249 causa
546 3196 596 3247 has
613 3197 695 3247 Ponti

147 3283 213 3320 oras
223 3268 325 3319 risisse
337 3268 516 3331 existimanti,
532 3281 696 3333 quamquam

147 3339 215 3388 uari
244 3338 406 3388 mercatoria
432 3338 561 3388 Nostrum
588 3340 696 3386 vectum

147 3424 209 3460 esse
223 3407 258 3457 ad
271 3406 322 3458 has
344 3408 471 3471 regiones
490 3405 633 3457 admodum
653 3408 696 3456 est

147 3476 290 3529 credibile.
320 3477 361 3526 Ad
374 3468 525 3539 παρέχεται
544 3475 581 3525 ci.
595 3476 648 3535 lv,
660 3476 696 3526 44

148 3548 196 3598 hu.
227 3547 306 3665 φασιν
328 3550 480 3611 νεοσσοῖσι
499 3544 584 3596 verba
607 3537 695 3595 ἔθνεα

148 3607 233 3679 alpad
248 3628 333 3664 στατα
343 3631 370 3665 κ.
381 3631 403 3665 τ,
416 3614 449 3680 7.,
463 3612 694 3680 attigitEnstath.

149 3685 186 3738 ad
197 3685 271 3735 Dion
293 3699 316 3736 s.
327 3700 370 3737 vs.
381 3683 442 3736 669.

183 3751 241 3803 ταῖν
275 3744 344 3812 ντός
362 3751 411 3803 τοῦ
430 3747 555 3817 Πόντον]
574 3752 593 3805 i.
612 3767 635 3803 e.
653 3768 696 3803 ea-

150 3842 205 3875 mme
221 3828 344 3889 penum,
365 3840 431 3891 quoe
447 3826 485 3873 ets
502 3824 607 3875 Pontion
626 3822 697 3872 habi-

151 3902 213 3946 tunt
232 3893 277 3944 Of.
289 3893 375 3957 v111,
388 3894 432 3945 47.
447 3891 571 3956 Thucyd.
587 3891 629 3953 ΙΙ,
644 3889 695 3942 96:

150 3949 344 4012 adridendum
355 3958 426 4027 μέρη
438 3951 518 4019 ἐντὸς
529 3957 579 4009 τοῦ
587 3947 697 4025 Ἴστρου

781 2173 871 2246 πάρεξ
887 2178 936 2230 τοῦ
954 2178 1104 2231 Σκυθικοῦ
1120 2174 1220 2240 ἔθνεος
1240 2177 1290 2230 καὶ

744 2245 934 2318 Ἀναχάρσιος]
953 2250 1038 2301 effert
1051 2249 1076 2300 h.
1092 2249 1110 2301 1.
1124 2257 1233 2317 propter
1243 2267 1291 2302 ro-

746 2322 836 2373 culam
871 2311 960 2386 πάρεξ
996 2320 1108 2385 eiusque
1145 2327 1289 2373 accentum

744 2392 940 2458 grammaticus
969 2390 1092 2441 Graecus
1117 2392 1146 2441 in
1169 2391 1290 2442 Grameri

745 2460 865 2514 Anecdd.
882 2461 1047 2512 Oronienas.
1064 2459 1087 2511 1.
1100 2477 1126 2524 p.
1147 2462 1209 2513 376.
1228 2460 1289 2513 380.

745 2532 789 2583 Tu
806 2530 861 2583 vid.
876 2535 945 2581 nott.
966 2528 1038 2593 adl,
1057 2527 1100 2580 93.
1116 2531 1174 2593 ΙΙΙ,
1193 2531 1235 2583 97.
1254 2561 1290 2571 -

744 2601 902 2652 Herodotus
927 2604 958 2649 nt
981 2614 1064 2664 supra
1084 2600 1137 2650 duo
1160 2605 1291 2664 posuerat

745 2670 869 2729 diversa,
885 2685 935 2719 nec
946 2673 1053 2734 gentem
1072 2683 1121 2719 nec
1133 2671 1221 2720 virum
1232 2686 1290 2720 eru-

745 2740 831 2790 ditum
857 2756 886 2790 se
908 2739 1029 2803 proferre
1048 2752 1129 2802 posse
1152 2754 1289 2795 asserens.

745 2811 786 2859 ita
804 2808 857 2858 dno
883 2809 937 2857 iam
962 2806 1073 2857 subiicit
1095 2806 1204 2860 diversa
1226 2807 1290 2858 hinc

744 2878 921 2942 excipienda,
938 2876 1099 2942 Scytharum
1111 2877 1169 2928 scil.
1182 2883 1289 2944 gentem

746 2954 774 3000 et
798 2947 979 2998 Anacharsim
1019 2946 1061 2996 De
1090 2963 1142 3012 qno
1166 2949 1227 3014 ipso
1253 2946 1289 2999 ci.

744 3019 798 3080 IV,
814 3019 857 3068 76.
870 3019 913 3070 77.

781 3095 816 3153 τὰ
828 3096 923 3168 μέντοι
942 3088 1011 3150 ἄλλα
1030 3087 1081 3149 οῦκ
1095 3087 1213 3166 ἄγαμαι]
1231 3101 1251 3151 i.
1265 3116 1290 3152 e.

746 3178 845 3240 reliqna
856 3185 925 3224 certe
934 3174 1046 3222 instituto
1055 3173 1108 3221 siue
1120 3173 1220 3221 iuuenta
1227 3172 1291 3236 Scy-

745 3245 843 3294 tharum
867 3243 980 3308 equidem
1002 3255 1056 3318 σου,
1073 3242 1147 3290 ualde
1160 3241 1242 3302 probo
1266 3257 1290 3290 s.

746 3314 831 3364 laudo.
862 3311 903 3361 Ad
912 3310 1024 3360 verbnm
1037 3324 1141 3371 αγαμαι
1155 3309 1228 3359 conl.
1241 3310 1290 3371 lv,

747 3383 791 3432 75.
808 3382 864 3433 157.
878 3380 961 3441 VIII,
978 3380 1027 3430 144
1039 3378 1100 3430 coll.
1114 3379 1166 3435 vl.
1185 3379 1227 3429 76.
1241 3379 1291 3436 ΙΙΙ,

747 3452 781 3499 iil
804 3455 833 3500 et
860 3450 894 3500 de
922 3454 1062 3499 structura
1081 3447 1225 3498 Ruhnken.
1254 3446 1291 3497 ad

747 3522 817 3570 Tim.
834 3536 859 3584 p.
867 3520 893 3584 8,
908 3516 1070 3569 Boissonad.
1082 3518 1117 3567 ad
1131 3516 1290 3568 Philostrat.

745 3590 873 3640 Heroioc.
885 3603 950 3655 pag.
964 3587 1025 3638 360.

782 3669 852 3726 ὥστε
868 3664 1029 3738 ἀποφυγεῖν
1048 3685 1077 3722 τε
1095 3666 1203 3737 μηδένα
1221 3687 1246 3721 κ.
1267 3687 1290 3721 τ.

746 3746 781 3811 7.]
802 3745 872 3795 Bina
890 3747 968 3806 sunt,
993 3757 1064 3807 qnae
1082 3741 1202 3807 insignia
1219 3756 1291 3791 com-

747 3816 880 3866 memorat
896 3814 1044 3863 coniuncta
1059 3809 1203 3875 particulis
1216 3824 1243 3859 re
1258 3837 1291 3847 -

747 3900 791 3949 τε,
807 3883 921 3950 primum
934 3881 1015 3941 illud,
1032 3889 1150 3936 maeno.
1175 3880 1293 3945 quiteria

746 3950 841 4020 (ipsos)
853 3951 1094 4017 appossuerunt,
1114 3944 1210 4015 (ipsos)
1228 3951 1293 4015 effu·

151 4029 281 4097 ποταμοῦ
294 4047 319 4081 κ.
332 4047 354 4080 τ.
368 4031 391 4080 7.
421 4031 497 4081 Ηιιοο
510 4045 576 4081 vero
585 4030 646 4093 ipsa
660 4028 696 4079 ab
745 4042 808 4091 aere
821 4026 920 4086 possin
938 4019 1054 4071 alterum
1063 4019 1133 4081 hoc,
1154 4022 1257 4083 stipsi.
1270 4022 1295 4070 ri

151 4102 295 4153 Herodoto
305 4100 440 4163 iuItalia‚
453 4100 578 4160 Thuriis,
592 4099 697 4163 scripta
747 4097 828 4147 nolint
843 4094 969 4172 reputt-i,
987 4108 1005 4142 σ
1023 4092 1119 4141 numne
1138 4089 1294 4154 deprehendi

152 4186 214 4224 esse
226 4170 289 4221 vult
302 4169 443 4232 Lamban,
454 4185 515 4220 cum
527 4170 555 4219 in
569 4169 636 4218 Asia
648 4168 696 4217 mi·
744 4166 853 4242 possint.
881 4161 1043 4243 αποφυγεῖν
1055 4157 1155 4223 scripsi
1171 4174 1219 4222 pro
1236 4157 1295 4209 vul-

151 4241 213 4291 nori
225 4240 344 4291 Samove
357 4241 386 4290 iu
404 4239 493 4290 insula
505 4239 529 4290 si
545 4237 614 4289 haec
632 4237 699 4288 scri·
747 4236 813 4299 gata
831 4244 1021 4295 ααοφνγεειν,
1042 4229 1159 4294 quaml,
1173 4227 1206 4280 91
1222 4228 1294 4277 inta-

152 4311 272 4374 paisset,
300 4309 392 4360 dicare
414 4325 469 4359 non
492 4309 627 4373 potuisset
650 4310 699 4358 cis
746 4307 822 4353 ctam
836 4300 943 4366 reliqui,
957 4313 1177 4365 qnamqnenunc
1190 4301 1295 4346 mutan·

153 4383 268 4432 Pontum
287 4406 320 4415 -
333 4371 526 4445 προβαλέσθαι
542 4377 588 4427 hie
600 4381 655 4427 ast:
671 4379 699 4427 ιἰι
749 4372 811 4422 dam
834 4385 948 4431 censeo,
973 4372 1125 4420 commotus
1149 4367 1200 4425 iis,
1219 4380 1295 4482 φασιν

151 4451 258 4499 medium
268 4448 400 4514 proferre,
414 4464 618 4507 emmeramme,
632 4450 663 4495 ut
675 4445 699 4509 1,
749 4441 875 4506 exposuit
889 4439 1005 4489 Bredov.
1022 4452 1086 4502 pag.
1101 4435 1162 4486 327.
1182 4427 1218 4484 In
1234 4447 1294 4497 ρχε-
