3042 5125
241 368 303 430 326
674 369 944 431 HERODOTI

241 569 288 656 τῷ
300 558 420 631 Ὑπάνι
440 565 579 653 ποταμῷ
599 563 755 632 καλέουσι
771 569 1055 651 Βορυσθενεΐτας,
1081 565 1185 650 σφέας
1207 562 1242 631 di
1256 558 1367 642 αὐτοὺς

240 665 496 757 Ὀλβιοπολίτας.
531 656 623 735 οὗτοι
645 656 693 735 ὧν
715 671 749 735 οἱ
767 667 909 755 γεωργοὶ
930 664 1068 735 Σκύθαι
1089 668 1244 756 νέμονται
1262 664 1297 735 τὸ
1314 666 1368 754 μὲν

244 769 326 862 πρὸς
340 769 402 859 τὴν
421 766 471 858 ἠοῖ
492 772 546 838 ἐπὶ
562 786 649 860 τρεῖς
664 766 787 859 ἡμέρας
800 766 903 856 ὁδοῦ,
923 768 1123 859 κατήκοντες
1146 772 1200 839 ἐπὶ
1220 767 1367 858 ποταμὸν,

244 881 291 969 τῷ
303 873 432 963 οὕνομα
447 889 554 943 κεῖται
564 874 801 964 Παντικάπης,
815 872 851 944 τὸ
863 875 899 944 δὲ
909 873 991 963 πρὸς
1005 877 1129 964 βορέην
1138 871 1263 964 ἄνεμον
1277 873 1370 942 πλόον

243 978 308 1052 ἀνὰ
322 977 381 1048 τὸν
394 976 612 1067 Βορυσθένεα
628 974 779 1068 ἡμερέων
793 982 922 1048 ἕνδεκα.
952 1007 972 1067 η
988 978 1024 1048 di
1047 976 1239 1067 κατύπερθε
1255 975 1371 1047 τούτων

244 1082 363 1173 ἔρημός
383 1086 451 1152 ἐστι
476 1084 530 1151 ἐπὶ
550 1082 683 1152 πολλόν.
712 1081 794 1173 μετὰ
816 1083 852 1152 δὲ
873 1079 935 1171 τὴν
950 1084 1073 1171 ἐρῆμον
1092 1078 1312 1171 Ἀνδροφάγοι
1329 1088 1370 1150 oi·

245 1187 377 1273 κὲονοι,
401 1193 501 1267 ἔθνος
521 1184 577 1256 ἐὰν
592 1192 681 1256 ἴδιον
698 1189 753 1258 καὶ
767 1182 922 1276 οὐδαμοῖς
936 1184 1122 1255 Σκυθικόν.
1150 1184 1242 1256 τὸδὲ
1257 1183 1372 1254 τούτων

245 1388 311 1440 tulit
323 1386 484 1439 Taschucke
500 1387 581 1454 (nott.
597 1404 691 1456 exegg.
706 1404 733 1454 p.
746 1389 790 1440 65.

245 1458 305 1510 Vol.
318 1457 371 1508 111.
386 1457 415 1506 P.
430 1458 480 1520 11).

280 1520 311 1577 os
322 1520 461 1583 οἰκέοντες
480 1518 525 1577 ἐπὶ
539 1525 577 1594 τῷ
586 1518 688 1577 'Twelve
704 1539 791 1576 ποτα-

246 1596 301 1665 pp]
313 1596 460 1648 Duoeodd.
471 1587 535 1647 ὑπὸ
545 1587 696 1666 rqi'i'rroivt.
707 1596 791 1659 Male,

246 1674 278 1718 ut
305 1685 320 1719 e
343 1668 425 1718 Dion.
447 1666 587 1734 chrysost.
610 1666 736 1731 Borysth.
763 1682 790 1731 p.

247 1739 298 1790 437
313 1738 363 1800 Β.,
396 1738 515 1803 itemque
545 1755 560 1789 e
589 1738 698 1802 Scymn.
728 1736 791 1787 Chii

248 1810 370 1875 fragmm.
384 1823 425 1859 vs.
441 1807 492 1858 804
507 1813 547 1868 et,
566 1809 613 1874 qni
626 1808 699 1857 huuc
714 1820 792 1857 secu·

247 1887 292 1931 tus
307 1883 362 1942 est,
378 1877 465 1929 Arion.
478 1877 577 1944 Peripl.
593 1881 617 1941 ἕ.
633 1877 664 1927 12
679 1877 724 1940 (Τ.
739 1875 790 1926 111.

247 1966 274 2016 p.
290 1949 343 2000 ⁸218
362 1946 406 1998 ed.
424 1948 508 2012 Gaii.)
534 1949 603 1999 satis
621 1945 793 2011 intelligitur.

247 2019 315 2070 Indo
331 2031 438 2137 quoque
453 2018 510 2097 lvi
523 2017 557 2068 63
583 2032 655 2068 nunc
675 2017 733 2067 iure
753 2031 794 2066 re-

248 2089 366 2154 positum
400 2083 431 2136 π1
453 2085 491 2153 τῷ
513 2081 622 2151 Τιτᾶνι,
648 2102 722 2148 cum,
747 2085 795 2150 qni

248 2160 347 2210 flumen
361 2156 503 2221 accolunt,
527 2157 655 2206 dicantur
668 2155 794 2207 habitare

250 2219 297 2276 inl
310 2224 348 2292 tq}
363 2224 488 2292 ποταμῷ,
502 2227 610 2276 minime
624 2219 679 2274 ὑπὸ
694 2223 731 2294 τῷ
743 2239 794 2273 πο-

249 2294 342 2361 ταμῷ,
358 2301 389 2344 nt
403 2295 445 2355 ll,
462 2297 524 2358 108,
538 2294 615 2345 alibi.
643 2295 706 2346 Vid.
722 2299 793 2344 nott.

250 2365 285 2416 ad
297 2365 338 2422 11,
355 2364 413 2415 176.
446 2364 496 2425 Et,
515 2370 640 2416 monente
654 2366 716 2424 Cr„
732 2380 796 2430 pro-

250 2436 318 2486 bant
327 2435 405 2484 Bast.
421 2432 515 2482 Lettre
528 2434 618 2499 critiq.
629 2449 693 2500 pag.
709 2435 748 2485 15.
762 2433 795 2485 10

251 2520 327 2571 seqq.
341 2507 369 2554 et
379 2501 516 2553 Schneier.
529 2503 631 2554 Melett.
647 2504 751 2555 critice.
764 2519 794 2570 p.

143 2572 147 2582 ⁴
255 2576 314 2628 104.
340 2574 392 2623 Pro
408 2573 481 2636 vulg.
498 2567 532 2621 ἕω
546 2574 615 2627 eth.
629 2574 647 2626 l.
663 2575 795 2625 eduobus

251 2645 332 2697 codd.
349 2644 439 2709 recepi
452 2636 507 2709 ἠῶ,
526 2620 649 2707 ideinque
666 2643 720 2694 ieci
731 2660 794 2709 cap.

254 2714 286 2766 10
304 2718 332 2765 et
351 2714 399 2775 403
423 2712 481 2764 vid·
503 2717 572 2764 nott.
597 2712 631 2762 ad
653 2711 793 2773 111,100.

252 2785 343 2837 Verba
354 2775 399 2833 tut
414 2784 490 2846 τρεῖς
502 2773 607 2848 ἡμέρας
619 2771 689 2831 ὀδοῦ
702 2781 742 2831 sic
754 2782 795 2832 in-

252 2854 362 2919 telligo,
372 2860 403 2904 ut
413 2851 532 2917 Scythae
545 2850 682 2915 agricolae
694 2854 795 2900 terram

252 2925 287 2975 sb
298 2925 403 2975 oriente
414 2921 591 2988 Borysthenis
604 2923 633 2971 in
648 2922 730 2970 trium
742 2918 798 2970 die·

252 3010 311 3044 rum
335 2994 387 3043 iter
409 2998 548 3044 extensam
569 2993 690 3042 tenuisse
710 2988 797 3054 perhi-

252 3064 380 3114 beantur:
393 3061 475 3127 quod‚
487 3061 510 3111 si
521 3063 661 3125 sequimur
669 3061 795 3110 Hansen:

252 3134 407 3195 Osteuropa
425 3136 478 3181 etc.
495 3145 559 3195 pag.
575 3130 623 3192 40,
644 3129 798 3195 explicatur

253 3219 286 3254 ex
303 3202 401 3251 minori
422 3199 566 3250 fertilitate
585 3200 672 3264 ipsius
698 3204 797 3263 terrae,

253 3287 323 3339 qnae
342 3284 395 3335 quo
417 3269 524 3334 longius
541 3269 646 3319 recedit
664 3285 681 3319 a
703 3269 797 3331 fluvio,

253 3359 286 3394 eo
304 3341 391 3390 minus
410 3343 478 3404 apta
495 3338 526 3388 fit
546 3338 581 3388 ad
601 3338 797 3404 agriculturam

253 3418 280 3464 et
294 3413 322 3462 ln
332 3409 441 3460 deserta
452 3423 562 3473 prorsus
573 3408 641 3459 abit.
659 3399 797 3474 κατήκον-

253 3497 299 3540 τες
311 3470 358 3528 lut
367 3471 494 3543 ποταμὸν
505 3477 592 3528 valet:
606 3481 762 3544 pertinentes
774 3494 796 3529 s.

250 3553 421 3618 pertinpenles
445 3550 481 3599 ad
499 3551 599 3614 fluvium
625 3565 717 3615 arque,
743 3564 797 3614 quo

254 3623 373 3687 ipsorum
387 3626 461 3670 terra
472 3621 648 3679 terminatur,
670 3619 798 3683 quemad·

254 3690 362 3742 modurn
375 3692 431 3751 IV,
444 3689 487 3740 10.
502 3690 544 3741 37.
560 3690 618 3741 171.
637 3688 694 3739 178.
709 3691 742 3753 V,
752 3690 797 3740 40.

253 3763 296 3814 De
313 3763 456 3825 Panticapes
471 3759 526 3810 vid.
543 3765 613 3811 nott.
628 3758 664 3809 ed
683 3758 737 3821 1v,
753 3761 795 3810 54.

840 1391 951 1440 secutus
975 1403 990 1437 ο
1009 1387 1097 1437 tribus
1119 1385 1200 1439 codd.
1221 1386 1284 1437 dedi
1304 1375 1321 1450 ἡ
1339 1377 1373 1434 δι’.

841 1450 887 1509 inl
909 1448 1013 1506 πολλὸν
1035 1458 1064 1506 iu
1091 1471 1169 1523 seqq.
1188 1455 1269 1521 plane
1291 1454 1374 1505 ecdem

841 1528 921 1579 modo
938 1529 1058 1592 positum
1075 1527 1218 1577 invenitur
1234 1523 1333 1587 11‚s·r;
1346 1523 1374 1572 de

842 1597 1009 1662 temporali,
1023 1596 1081 1657 110,
1092 1596 1139 1646 uhi
1152 1596 1209 1647 vid.
1220 1599 1288 1645 nott.
1296 1622 1324 1630 —
1333 1594 1376 1645 Re

841 1668 955 1719 terenda
963 1672 1005 1717 est
1017 1666 1131 1716 adhunc
1144 1665 1236 1716 locum
1245 1663 1376 1715 adnotatio

841 1739 872 1788 P.
885 1739 918 1788 de
930 1738 1059 1802 Koeppen
1070 1736 1229 1801 (Nordgest.
1239 1735 1375 1797 d.Pont.p.

845 1807 877 1859 13
891 1805 975 1870 not),
994 1807 1178 1857 Herodotcam
1191 1803 1328 1868 Scythiam
1344 1802 1377 1852 ul-

844 1878 931 1928 terius
949 1877 1163 1942 septentrionem
1187 1890 1283 1925 versus
1299 1888 1378 1938 porra

844 1955 917 1999 ctum
928 1946 1016 1997 ruisse
1030 1947 1173 2012 negantis,
1189 1960 1270 2010 quam
1282 1958 1331 2008 quo
1342 1957 1379 1992 us·

844 2034 896 2083 qne
910 2015 1008 2067 tumuli
1028 2017 1184 2081 pertineant
1201 2012 1379 2066 meridionalas

845 2088 873 2138 in
885 2086 1017 2153 gubernio
1030 2086 1136 2146 Korok,
1152 2085 1200 2135 ubi
1212 2099 1310 2135 uorum
1323 2096 1379 2148 quo

845 2173 897 2225 que
910 2157 1049 2207 hominurn
1062 2171 1147 2220 genus
1161 2155 1285 2220 incipere
1297 2153 1380 2203 videa·

844 2234 903 2290 tur,
923 2243 940 2277 a
953 2225 1139 2277 meridionalis
1151 2226 1272 2276 Russise
1293 2221 1379 2273 incolis

844 2311 956 2364 prorsus
978 2297 1125 2346 diversum.
1161 2295 1261 2360 Neque
1278 2293 1326 2343 hoc
1343 2290 1381 2340 oh

845 2369 891 2418 iici
911 2382 1005 2431 posse,
1034 2365 1106 2431 quod
1129 2365 1242 2415 deserta
1265 2362 1381 2414 rimantur

845 2439 1010 2502 interposita
1030 2437 1102 2485 inter
1117 2434 1239 2498 Scythae
1260 2440 1287 2483 et
1303 2437 1381 2483 caste·

845 2524 890 2559 ras
902 2511 997 2574 gentes
1011 2506 1097 2571 magis
1109 2504 1323 2570 septentrionem
1332 2515 1381 2550 rer·

845 2595 892 2629 sus
903 2578 1074 2635 habitantem
1086 2591 1146 2625 cum
1156 2575 1221 2639 ipsa
1230 2573 1382 2639 Scytharum

844 2656 918 2699 terra
938 2648 1048 2697 minime
1070 2645 1154 2696 fuerit
1177 2645 1256 2695 culta
1278 2646 1382 2709 ipsaque

844 2718 891 2769 iile
909 2717 1019 2769 deserte
1033 2715 1109 2766 illinc
1127 2715 1239 2766 initium
1256 2711 1381 2771 duxerint¹

844 2779 1383 2854 quoundeoimdiernmnavigatione,ad·

845 2851 1382 2920 versossorysthene,perveniripotuerit.
1413 2848 1430 2905 t

883 2918 949 2988 μετὰ
968 2922 998 2977 δὲ
1016 2918 1068 2990 τὴν
1084 2916 1191 2990 ἐρῆμον
1209 2913 1383 2987 Ἀνδροφάγοι

849 2988 981 3062 οἰκέουσι]
1001 2996 1043 3046 De
1058 2990 1383 3060 Androphnpisccni.1V,

851 3062 909 3115 100.
928 3065 977 3115 100
994 3065 1059 3130 ibiq.
1079 3069 1149 3115 nott.
1190 3066 1245 3128 Qui
1265 3078 1316 3128 quo
1331 3060 1384 3109 loco

848 3134 1030 3196 consederint,
1045 3133 1200 3185 accuratius
1213 3133 1335 3185 indicare
1344 3130 1385 3181 rix
1468 3158 1470 3189 :

848 3202 912 3253 inde
928 3202 1037 3263 licebit,
1062 3210 1093 3252 ut
1107 3207 1182 3254 recte
1200 3203 1268 3253 mihi
1286 3215 1385 3252 monere
1469 3208 1470 3211 ’

847 3273 956 3324 ridetur
967 3272 1055 3322 Uksrt
1070 3272 1225 3338 Geograph.
1244 3273 1271 3324 d.
1286 3268 1384 3323 Griech.

848 3359 875 3393 u.
889 3344 982 3393 Boem.
1000 3341 1058 3402 111,
1071 3343 1096 3391 2.
1115 3357 1179 3406 pag.
1197 3344 1266 3405 4⁶25,
1286 3342 1331 3408 qui
1346 3355 1385 3390 re·

848 3418 936 3463 terum
949 3410 1107 3462 testimonie
1118 3410 1150 3460 de
1163 3409 1215 3461 hac
1230 3417 1311 3478 gente
1322 3414 1385 3460 retu-

847 3482 894 3546 lit,
916 3486 998 3547 atque
1010 3479 1167 3531 Aristotelis
1185 3497 1292 3546 quoqne
1306 3480 1385 3531 locum

849 3551 895 3613 (de
915 3567 981 3602 mor.
1003 3551 1072 3609 vn,
1086 3550 1103 3598 0
1119 3548 1180 3600 οοΙΙ.
1199 3550 1315 3600 Tertull.
1329 3547 1386 3600 adr.

849 3624 934 3673 Marc.
951 3622 979 3685 l)
997 3618 1104 3670 addidit
1123 3620 1157 3669 de
1169 3619 1252 3669 Ponti
1269 3619 1385 3685 gentibus

848 3692 960 3743 rudibus
979 3706 1013 3741 uc
1033 3689 1098 3740 ieris
1116 3687 1238 3739 humana
1252 3703 1333 3739 carne
1349 3702 1387 3736 re·

847 3762 1003 3822 arentibus,
1017 3761 1136 3824 itemque
1145 3758 1228 3809 Gellii
1239 3758 1288 3822 (N.
1300 3758 1331 3808 Α.
1344 3756 1386 3815 IX,

254 3832 332 3896 Quae
344 3832 378 3881 ud
390 3828 600 3896 Borysthenitas
614 3845 635 3880 s.
647 3827 797 3892 Olbiopoli·
846 3831 886 3895 4),
898 3832 944 3898 qui
953 3828 1211 3894 Anthropophagos,
1226 3843 1296 3894 quos
1308 3839 1387 3889 aeque

253 3908 296 3952 tas
323 3905 463 3966 spectant,
491 3900 660 3950 inExcursu
679 3898 758 3948 adh.
777 3897 796 3948 l.

253 3972 442 4021 tractavimus.

287 4031 320 4089 τδ
338 4033 369 4087 di
391 4032 465 4102 πρὸς
486 4032 588 4105 βορέην
609 4026 724 4101 ἄνεμον]
752 4036 796 4088 Cf.

253 4113 322 4160 nott.
337 4109 372 4159 ad
388 4110 442 4171 IV,
454 4110 479 4159 7.
514 4110 578 4158 Mox
597 4106 669 4173 quod
686 4110 798 4158 undecim

848 3893 1387 3967 atqueiiphorusapudAnon.lI.Peripl.

848 3972 929 4021 Pont.
940 3971 1041 4020 Euxin.
1052 3985 1079 4032 p.
1089 3968 1105 4019 3
1119 3984 1168 4032 pro
1178 3968 1291 4032 Scythis
1303 3965 1387 4024 habet,

848 4041 882 4092 ad
894 4039 1005 4091 ultimas
1015 4044 1103 4090 terras
1113 4038 1325 4102 septentrionem
1335 4048 1388 4084 ver·

848 4125 894 4161 sus
916 4110 1057 4161 transfert.
1090 4108 1189 4172 Itaque
1205 4108 1296 4157 satius
1309 4102 1387 4155 habui

252 4179 330 4244 ponit
353 4178 455 4228 dierum
480 4178 698 4240 navigationem,
724 4176 797 4226 infra
847 4181 1029 4230 recentiorum
1050 4179 1172 4229 virorum
1189 4176 1340 4228 sententies
1357 4173 1387 4221 de

252 4247 354 4311 1V‚53
372 4249 456 4298 decem
474 4248 580 4297 statuit.
622 4246 676 4296 Sed
691 4251 722 4295 tu
740 4245 796 4296 vid.

253 4318 291 4369 ibi
305 4321 406 4367 notatt.
421 4318 453 4366 In
463 4316 582 4381 proxime
594 4331 669 4381 seqq.
680 4331 729 4381 pro
741 4304 796 4379 ἤδη

253 4380 293 4451 dl,
300 4386 371 4454 quod
381 4388 552 4437 retinuerunt
557 4385 690 4436 Matthiae
697 4386 797 4436 etDin·

720 4654 744 4691 ἢ

848 4251 928 4300 huius
943 4251 1032 4315 gentis
1053 4247 1162 4298 sedibus
1181 4246 1207 4297 h.
1227 4246 1247 4296 l.
1261 4245 1384 4311 proferre.

849 4320 925 4371 Inter
943 4335 1011 4384 quos
1031 4316 1181 4369 Eichwsld.
1207 4315 1310 4374 (Anuli.
1323 4315 1386 4363 Dor·

151 4474 154 4479 ’
252 4458 338 4521 dori.¹
357 4457 480 4524 equidem
495 4456 647 4523 Schweigh.
663 4460 691 4507 st
707 4456 796 4508 Gaias.
847 4384 1385 4524 18911611τὶῙητῖοδδδεῑοοιιδῗὲἳαδδιὲ
