3042 5125
441 358 765 420 MBLPOMENE.
789 359 843 419 IV.
864 368 908 423 87.
1178 363 1238 421 471

116 543 194 638 ἦρχε.
229 549 358 619 τούτων
377 549 537 640 μυριάδες
558 548 849 639 ἐξηριθμήθησαν,
869 552 969 639 χωρὶς
988 556 1049 620 τοῦ
1068 560 1240 642 ναυτικοῦ,

118 652 333 743 ἑβδομήκοντα
356 651 421 722 σὺν
442 658 596 737 ἱππεῦσι,
623 656 695 732 νέες
723 653 760 721 δὲ
787 651 952 736 ἑξακόσιαι
978 659 1239 745 συνελέχθησαν.

121 764 194 845 Τησι
211 759 275 844 μέν
295 785 361 826 νυν
380 755 516 846 στήλῃσι
533 755 671 846 ταύτησι
690 755 882 843 Βυζάντιοι,
911 765 1105 845 κομίσαντες
1125 763 1158 841 ές
1178 759 1240 850 την

115 860 203 930 πόλιν
215 856 358 948 ὕστερον
371 860 517 945 τούτων,
539 859 718 950 ἐχρήσαντο
733 859 815 950 πρὸς
835 856 894 928 τὸν
907 858 1022 949 βωμὸν
1036 866 1092 951 τῆς
1112 859 1237 953 Ὀρθω-

115 973 179 1052 σίης
197 961 401 1053 Ἀρτέμιδος,
422 967 522 1052 χωρὶς
535 961 608 1044 ἑνὸς
622 971 738 1033 λίθου·
764 954 861 1043 οὗτος
881 963 917 1031 δέ
931 973 1136 1055 κατελείφθη
1150 966 1240 1054 παρὰ

115 1073 167 1136 τοῦ
186 1066 356 1137 Διονύσου
377 1064 436 1137 τὸν
454 1066 538 1156 νηὸν
557 1071 595 1137 ἐν
616 1074 805 1159 Βυζαντίῳ,
835 1066 1037 1155 γραμμάτων
1056 1065 1240 1160 Ἀσσυρίων

115 1174 209 1250 τλέος.
255 1176 325 1240 Τοῦ
346 1172 383 1240 δὲ
403 1169 578 1260 Βοσπόρου
597 1165 615 1239 ὁ
635 1175 758 1259 χοῖρος,
781 1167 840 1239 τὸν
861 1174 968 1253 ἔζευξε
990 1172 1147 1258 βασιλεὺς
1167 1185 1237 1243 Δα-

117 1291 209 1361 ρεῖος,
235 1269 280 1354 ὡς
302 1276 376 1364 ἐμοὶ
395 1277 526 1344 δοκέειν
546 1277 827 1366 συμβαλλομένῳ,
851 1276 954 1362 μέσον
972 1276 1042 1343 ἐστὶ
1054 1282 1240 1361 Βυζαντίου

117 1440 231 1507 guiticari
243 1442 299 1492 nisi
312 1451 433 1493 cuneatus
446 1457 514 1508 quas
524 1440 648 1505 dicimus,
699 1442 813 1507 debeat,
833 1449 907 1495 recte
926 1459 1036 1495 monere
1048 1442 1157 1495 ridetur
1169 1444 1240 1496 Hee-

117 1512 261 1578 etquidem
280 1511 401 1563 eiusdem
425 1514 546 1576 poneris¹
570 1513 648 1561 cuins
698 1527 755 1563 ren.
769 1512 902 1574 Ideen.I‚
921 1514 945 1563 1.
959 1529 1020 1580 pag.
1035 1514 1095 1566 518.
1122 1514 1240 1565 Consen-

116 1587 171 1631 sunt
192 1583 385 1647 inscriptiones
407 1581 497 1632 adbuc
522 1584 647 1630 servatae
698 1581 771 1631 tiunt
796 1598 856 1632 cum
881 1583 1022 1634 Herodoto
1048 1585 1077 1634 in
1100 1584 1240 1648 copiarum

116 1651 186 1700 Darii
201 1656 272 1711 tres,
298 1652 334 1701 de
359 1650 457 1716 quibus
475 1651 592 1701 diximus
611 1649 647 1699 ad
697 1666 809 1701 numero
819 1653 941 1704 Iustinus
950 1653 1057 1715 ll,bet
1071 1653 1185 1703 Orosius
1201 1653 1240 1714 11,

116 1720 166 1782 ΙΙΙ,
179 1720 219 1771 89.
250 1721 304 1782 Qui
319 1723 391 1772 enim
408 1736 452 1771 res
470 1736 488 1771 a
501 1736 530 1771 se
543 1724 646 1785 gestas,
697 1720 723 1784 8,
739 1736 801 1770 cnm
811 1725 974 1787 septinqentis
985 1724 1091 1773 suillibus
1102 1721 1239 1772 hominnm

117 1794 214 1854 gentes,
230 1795 319 1841 terras
336 1791 449 1855 imperio
468 1805 518 1842 suo
536 1789 647 1839 additas
698 1793 864 1841 armatorum
887 1791 1027 1855 Scythiam
1053 1791 1167 1841 Darium
1199 1792 1238 1840 in-

118 1861 284 1911 mouumeutis
298 1864 328 1909 in
345 1860 436 1924 patria
457 1865 529 1910 terra
548 1861 647 1910 erectis
697 1875 819 1925 gressum
833 1876 892 1911 esse
908 1865 1069 1919 narrantes3
1086 1850 1239 1924 ὀγδοήκον-

118 1929 219 1979 inscribi
240 1930 338 1991 iussit‚
358 1929 382 1980 is
400 1929 523 1993 proiecto
546 1929 574 1977 in
595 1928 647 1978 hac
698 1944 731 1977 ια
746 1921 887 1993 μυριάδας
905 1930 983 1994 pouit
999 1929 1107 1980 Ctesias
1120 1930 1239 1980 Persico.

120 2014 214 2064 quoque
236 1999 418 2064 inscriptione
439 1998 535 2048 iisdem
560 1998 647 2047 literis
698 2001 839 2063 Excerptt.
856 2002 881 2062 ζ.
897 2000 942 2061 17,
961 1999 1082 2064 itemque
1100 1997 1239 2049 Diodorus

120 2083 175 2118 usus
192 2084 233 2120 res
251 2084 317 2119 suas
336 2073 365 2119 et
379 2073 474 2134 gentes
493 2068 580 2133 ipsius
600 2069 649 2117 im·
697 2066 807 2118 Siculus
821 2068 904 2132 11‚5‚
918 2083 997 2133 quern
1011 2083 1025 2117 e
1043 2069 1136 2119 Ctesia
1149 2068 1240 2133 proie-

118 2138 184 2200 perio
195 2143 322 2203 parentes
336 2138 507 2203 posteritatis
525 2137 649 2187 memori·
697 2142 771 2188 ctum
786 2153 846 2189 esse
859 2137 999 2204 probabile
1013 2143 1064 2189 est.
1082 2195 1088 2204 Ι

119 2222 147 2256 se
162 2208 264 2258 tradere
286 2207 409 2258 voluisse
431 2207 570 2273 putandus
596 2210 647 2256 est.
732 2198 804 2269 πρὸς
825 2199 874 2256 τὸν
900 2198 993 2272 βωμὸν
1017 2206 1068 2272 τῆς
1086 2203 1241 2270 Ορθιοοιής

119 2276 203 2342 ltaque
219 2282 432 2328 consentaneum
450 2281 508 2339 est,
530 2277 648 2340 Assyriis
695 2265 860 2343 Ἀρτέμιδος]
875 2280 960 2328 Diana
975 2278 1094 2328 Orthosia
1113 2292 1135 2326 s.
1152 2274 1241 2327 Orthia

118 2344 194 2397 literis
206 2347 233 2396 in
247 2348 408 2399 universum
422 2348 586 2411 scripturam
603 2360 648 2395 cu·
696 2346 814 2411 Spartae
823 2347 946 2412 inprimis
956 2347 1031 2397 calta
1041 2346 1105 2405 fnit3
1119 2345 1154 2395 ad
1164 2347 1241 2395 cuius

120 2421 214 2466 restam
230 2433 246 2467 a
260 2418 364 2468 Nostro
376 2415 505 2480 indicari,
520 2416 566 2481 qni
577 2415 648 2465 inter
698 2432 774 2467 aram
788 2433 861 2468 more
874 2417 1026 2482 antiquitus
1036 2418 1145 2480 recepto
1157 2430 1241 2480 eoque

119 2486 274 2553 rariseaque
286 2488 398 2537 diversa
407 2486 486 2537 huius
495 2486 650 2550 scripturae
698 2485 803 2536 crudeli
823 2488 896 2553 (cnm
919 2486 983 2536 olim
1000 2485 1122 2536 homines
1137 2490 1241 2534 macta-

120 2570 221 2620 qenara‚
239 2557 385 2623 inquibus
406 2573 487 2608 unrun
507 2555 649 2620 Assyrium
699 2560 743 2606 tos
757 2572 818 2608 esse
836 2556 910 2607 fama
922 2556 1016 2618 ferret)
1035 2555 1112 2621 pueri
1123 2554 1241 2606 verberi-

121 2627 229 2676 norimus
242 2628 269 2676 in
282 2628 457 2691 Assyriorum
470 2625 649 2675 monumentis
698 2626 749 2676 bur
771 2627 962 2677 caedebantur.
989 2627 1029 2675 De
1052 2640 1105 2690 quo
1122 2626 1240 2675 Pausau.

120 2710 193 2760 nuper
201 2696 317 2748 detectis
333 2697 452 2758 obvium,
463 2695 578 2745 alterum
586 2695 649 2744 Per·
699 2696 802 2746 Lacon.
826 2697 871 2756 ld,
894 2695 919 2745 d.
941 2693 1087 2758 Spanhem.
1106 2693 1141 2743 ad
1159 2692 1241 2742 Calli-

119 2765 192 2815 sicnm
203 2766 453 2832 inPersepolitanis
464 2765 650 2830 aliisqusPer-
700 2765 788 2816 mach.
806 2764 833 2815 in
849 2766 931 2814 Dian.
952 2763 1016 2823 174,
1033 2778 1069 2813 ne
1086 2762 1173 2826 plura.
1201 2764 1242 2811 De

120 2849 295 2901 sarumregnm
312 2836 495 2886 monumentis
507 2834 650 2900 conspiou-
698 2836 761 2900 ipsa
775 2833 827 2884 dea
844 2834 889 2885 rix
905 2837 946 2884 ost
960 2832 1029 2898 quod
1043 2847 1166 2882 moneam
1179 2836 1242 2896 post

121 2918 165 2965 um,
177 2904 244 2956 baud
256 2906 391 2956 discrevit
404 2910 431 2954 et
446 2906 481 2955 ab
494 2920 526 2955 eo
540 2919 649 2970 genere,
699 2904 827 2955 Crenneri
855 2904 987 2967 disputat.
1023 2902 1051 2953 in
1079 2901 1242 2952 Commentt.

121 2974 181 3037 quod
203 2977 318 3027 maxime
345 2976 476 3025 usitatum
506 2979 553 3024 ant
581 2973 649 3024 adeo
700 2974 819 3025 Herodd.
832 2989 859 3038 p.
871 2974 922 3024 247
935 2988 1010 3037 seqq.
1025 2971 1081 3037 (qui
1091 2970 1160 3020 idem
1171 2986 1243 3020 nunc

122 3044 260 3106 primarium
271 3046 360 3096 luisse
369 3045 422 3109 ipsi
435 3044 588 3107 videbatur,
601 3058 651 3107 ap·
699 3045 766 3094 addi
783 3042 843 3093 rult
861 3043 899 3093 M.
922 3043 956 3092 de
974 3041 1165 3106 Staclrelberg:
1187 3041 1242 3090 Der

121 3111 278 3175 pellationem
292 3115 455 3179 desumpsit.
473 3116 515 3164 Tu
528 3112 583 3165 vid.
597 3113 649 3163 Le·
699 3110 897 3178 Apollotempel
908 3127 942 3161 zu
957 3113 1060 3161 Bussae
1069 3111 1098 3161 in
1108 3109 1242 3159 Arcadian

124 3184 331 3236 tronneJonrnal
346 3184 372 3234 d.
385 3184 448 3235 Sar.
468 3182 536 3235 1830
550 3200 576 3247 p.
589 3183 650 3244 667,
699 3200 727 3248 p.
744 3182 793 3233 135
813 3181 903 3248 seqq.)
928 3181 990 3233 coll.
1016 3181 1046 3232 0.
1066 3181 1098 3229 0.
1118 3178 1241 3230 Mueller.

123 3251 211 3304 Ritter:
227 3256 311 3306 Erdk.
336 3254 416 3305 Vlll.
437 3270 464 3319 p.
481 3254 525 3314 80,
547 3251 649 3303 Roeth:
699 3255 767 3303 Dor.
786 3253 807 3302 I.
830 3268 856 3316 p.
873 3251 922 3301 381
947 3267 1022 3317 seqq.
1049 3249 1118 3299 add.
1136 3249 1242 3313 Corpus

124 3320 208 3376 Gaseb.
226 3324 252 3376 d.
274 3323 434 3388 Philosoph.
454 3324 477 3375 I.
495 3327 565 3373 nott.
585 3337 649 3386 pag.
701 3324 841 3386 Inscriptt.
855 3321 967 3372 Graeco.
982 3321 1004 3371 1.
1018 3336 1057 3371 nr.
1077 3319 1152 3370 1416.
1165 3319 1241 3368 1444.

124 3391 158 3440 25.
180 3394 224 3453 E..
247 3396 369 3459 Jaoquet
391 3391 507 3442 Journal
529 3391 649 3455 Asiatiq.
680 3394 757 3452 ,Neo
770 3392 882 3452 mirum,
903 3391 971 3440 deae
987 3391 1068 3439 istius
1082 3389 1185 3438 lunaris
1200 3403 1242 3437 sa·

125 3459 173 3510 Ser.
186 3463 238 3515 ΙΙΙ.
248 3465 280 3515 Τ.
295 3465 329 3514 V.
342 3479 368 3528 p.
381 3461 433 3512 4211
447 3478 514 3527 seq,
529 3460 649 3510 Boeclrh.
700 3477 763 3523 cra,
782 3460 915 3523 Doribns,
933 3465 964 3510 ut
981 3459 1104 3518 videtur,
1126 3458 1243 3506 maxime

124 3529 249 3598 bletrolog.
267 3531 506 3597 [intersuclmngg.
527 3546 589 3596 pag.
605 3530 648 3592 41,
700 3532 812 3597 propria
825 3533 853 3579 et
865 3546 898 3579 er
912 3531 973 3594 ipsa
988 3528 1116 3593 Scythica
1131 3542 1152 3577 s.
1168 3526 1242 3575 Tau-

124 3598 237 3652 Brandis:
249 3602 376 3654 Ueberd.
389 3602 485 3652 histor.
497 3601 609 3652 Gemina
624 3599 651 3649 d.
701 3602 759 3651 rica
776 3605 850 3649 terra
866 3599 894 3649 iu
906 3597 1049 3649 Graeciam
1069 3596 1155 3646 allata
1173 3609 1242 3659 quae

125 3682 197 3734 assyr.
218 3672 356 3723 Insclrriit.
383 3686 447 3736 pag.
463 3672 504 3722 77.
540 3666 651 3720 Consnli
700 3671 870 3730 dicerentur,
889 3667 1045 3733 posthacin
1061 3667 1163 3716 Dorum
1177 3678 1243 3727 quo-

125 3751 213 3805 quoque
224 3747 361 3807 poterunt,
374 3756 443 3807 qnae
453 3740 551 3790 dudum
563 3739 595 3790 de
607 3738 650 3788 his
701 3756 752 3805 que
771 3738 909 3800 colonias,
933 3736 968 3786 ad
992 3751 1061 3800 quas
1079 3733 1243 3800 Byzantium

125 3809 277 3868 protulerunt
291 3813 432 3862 Muenter:
450 3810 571 3860 Versucb
583 3809 650 3859 iiber
700 3810 866 3875 pertinuisse
882 3823 961 3859 nemo
980 3804 1082 3867 nescit,
1106 3818 1162 3852 una
1181 3818 1242 3852 cum

126 3875 162 3925 die
175 3878 331 3946 keilsdrmig.
345 3878 487 3931 Inschriit.
506 3894 533 3944 p.
547 3879 580 3928 73
593 3894 649 3944 seq.
700 3878 805 3929 colonis
816 3880 973 3927 transvecta
982 3874 1078 3925 inisse.
1097 3873 1137 3921 Ac
1148 3871 1244 3936 procul

126 3951 149 3992 tl
162 3947 269 4000 Laeron:
293 3952 346 4002 Die
368 3948 424 4000 alte
446 3948 582 4000 Persisch.
607 3949 650 3998 In·
701 3948 784 3999 dnbio
800 3945 956 3997 Herodotus
976 3943 1104 4009 Byzantii
1126 3957 1244 3991 commo-

125 4013 214 4068 scbriit.
225 4036 250 4085 p.
266 4021 306 4072 13.
325 4018 372 4071 179
385 4035 443 4080 seq.
701 4023 779 4069 ratus
791 4018 903 4082 suisque
922 4015 1023 4073 oculis,
1044 4028 1112 4077 quae
1129 4010 1174 4061 lric
1190 4027 1244 4061 me·

153 4078 248 4137 τούτων
258 4082 393 4154 μυριάδες
407 4077 650 4153 ἐξηριθμήθησαν
701 4089 804 4139 moriae
817 4085 953 4152 prodidit,
970 4081 1169 4147 contemplatus
1191 4085 1243 4132 est.

127 4166 148 4202 κ.
162 4171 182 4204 τ,
200 4156 231 4224 λ]
251 4160 317 4209 Cum
334 4160 481 4210 Persarum
501 4157 597 4221 copiae
617 4171 650 4206 ex
701 4162 771 4210 Nam
786 4157 834 4222 qui
844 4156 927 4207 Ponti
940 4153 1011 4205 vidit
1024 4166 1101 4211 oras,
1118 4167 1180 4201 eum
1192 4152 1245 4215 By·

127 4225 394 4292 omnibusprorinciis
407 4226 538 4279 collectae
556 4241 651 4276 secun·
701 4228 823 4279 nantium
852 4241 958 4291 quoqne
983 4222 1092 4273 venisse
1125 4220 1244 4270 dubitari

127 4289 179 4342 lum
187 4297 314 4361 myriades
330 4302 440 4350 omnino
459 4297 595 4347 recenseri
609 4311 652 4345 so·
702 4298 807 4359 nequit.
835 4295 914 4346 Conl.
927 4295 1019 4358 Heyse
1039 4292 1056 4342 l.
1069 4291 1087 4342 l.
1109 4305 1171 4355 pag.
1185 4290 1243 4338 lan.

126 4357 213 4426 lerant,
236 4366 322 4420 iubis
341 4383 448 4434 quoqne
467 4367 587 4416 numeris
605 4366 652 4415 rix
739 4360 777 4423 ὡς
796 4357 857 4431 ἐμοὶ
885 4357 994 4413 δοκέειν
1018 4354 1242 4437 συμβαλλομένῳ]

128 4433 258 4501 quidquam
275 4454 347 4504 esse,
362 4436 434 4504 quod
449 4452 499 4487 nos
516 4435 653 4488 offendere
704 4430 814 4486 δοκέειν
831 4437 890 4485 iure
913 4436 1053 4499 receptum
1072 4445 1122 4498 pro
1144 4425 1242 4478 δοκεει,
