3042 5125
243 290 304 354 328
676 282 945 347 HERODOTI

196 494 363 573 idpovrm
386 477 498 568 χώρην
512 484 775 547 κατατείνουσαν
793 478 848 545 ἐπὶ
867 474 1016 567 ποταμὸν
1031 480 1166 568 Γέρρον.
1207 479 1319 565 Πέρην
1336 475 1367 543 di

245 676 360 748 Γέρρον.
402 679 444 730 Ob
467 678 597 730 librorum
624 680 789 745 scriptorum
843 680 968 741 Telensis,
997 693 1057 729 enm
1084 694 1133 743 pro
1157 678 1260 730 Gerrho
1285 676 1371 728 heberi

243 767 405 805 eonsensum
416 751 445 800 in
455 749 498 800 his
506 748 641 799 Herodoti
651 750 741 802 verbis
754 766 788 801 ne
839 749 899 799 vult
917 749 1044 799 Getterer
1060 747 1207 812 (Abhandl.
1224 763 1278 798 von
1295 747 1370 796 Thre-

244 826 360 875 recentt.
373 819 480 887 quidem
498 818 559 870 edd.
573 819 719 885 quidquam
732 835 790 869 mn·
839 822 900 870 eieu
910 825 962 870 eto.
973 858 979 880 ‚
992 818 1165 869 iibersetztm
1174 815 1371 868 Sehlichthorst.

243 894 357 946 undum
384 906 445 942 esse
470 894 635 940 censuerunt
660 894 789 955 reeteque
840 886 1055 954 Gotting.1800.
1073 886 1098 941 8.
1120 903 1145 952 p
1166 888 1221 951 19).
1256 886 1371 936 Pluribus
1457 921 1458 930 ,

244 961 375 1015 Rennelio
388 959 549 1010 adversatus
566 965 609 1010 ert
623 959 790 1011 Breudstee-
840 959 873 1010 de
893 959 944 1009 hoe
963 957 1062 1019 dumo,
1085 972 1202 1022 quocum
1224 957 1271 1021 qni
1283 971 1371 1007 eonve-

246 1030 441 1100 terisseythieo.
449 1045 475 1094 p.
484 1028 528 1092 73)
537 1028 570 1079 de
580 1030 692 1081 incertis
702 1031 791 1080 orien·
839 1030 913 1092 niet,
931 1026 1019 1077 nuilus
1040 1027 1096 1077 iere
1115 1026 1250 1092 hodieque
1266 1028 1372 1091 reperia-

245 1105 282 1154 tis
305 1106 333 1152 et
352 1099 548 1166 septentrionis
568 1098 727 1150 definitione
743 1098 790 1149 hie
840 1104 898 1160 tur,
918 1098 1042 1163 disputat
1055 1096 1168 1150 Rennel.
1185 1096 1203 1146 l.
1218 1096 1236 1146 l.
1249 1112 1308 1161 pag.
1320 1097 1372 1154 407,
1457 1107 1458 1156 3

245 1169 420 1239 cogitandum
438 1184 498 1220 esse
514 1172 599 1220 ratus.
632 1169 711 1232 Quod
726 1184 791 1221 vero
841 1169 919 1220 euius
941 1172 1104 1232 argumente
1128 1168 1242 1231 repetiit
1258 1167 1325 1216 Miot
1344 1167 1373 1215 sd
1457 1159 1458 1228 l

244 1243 329 1295 verba
341 1229 452 1303 τὸπρός
464 1232 515 1303 τὴν
527 1228 707 1304 ήώοιρΙὶοοιί
718 1237 791 1289 vult:
840 1238 867 1289 h.
881 1238 899 1287 l.
924 1235 1055 1288 Gerrbum
1067 1237 1139 1286 enim
1151 1242 1179 1286 et
1189 1239 1249 1301 ipse
1259 1236 1320 1285 olins
1330 1237 1373 1286 Bo·
1457 1295 1458 1302 ρ

306 1315 324 1363 'r
344 1312 380 1360 od
398 1312 516 1361 orientem
537 1314 564 1358 et
590 1300 636 1357 tul
663 1299 790 1373 ποταμὸν
841 1307 977 1373 rystbenis
994 1305 1135 1356 brachium
1155 1305 1245 1356 fuisse
1263 1306 1371 1369 suspica·
1457 1311 1458 1372 ἦ

247 1381 355 1446 Γερρον
374 1386 481 1444 praeter
502 1377 636 1438 timbron,
660 1378 791 1429 assentiri
840 1384 884 1428 tur
899 1378 928 1427 in
939 1376 1060 1426 Maeotin
1075 1390 1105 1425 se
1120 1391 1287 1426 exonerans:
1312 1375 1374 1440 qnod
1457 1377 1458 1388 ¹

247 1439 789 1517 nequeo:xurnret'vooouveniminino·
840 1453 946 1508 tamen,
969 1444 1139 1510 Borysthene
1161 1445 1198 1494 ed
1218 1444 1373 1497 occidentem
1457 1451 1458 1466 ³

246 1512 337 1586 ταμὸν
355 1511 462 1582 Γέρρον
482 1516 583 1567 Noster
605 1517 677 1569 dixit
697 1519 791 1569 eodem
841 1517 929 1582 magis
941 1517 1084 1580 magisque
1096 1530 1240 1576 converso,
1254 1514 1373 1580 psnlatiu
1457 1549 1458 1560 2

247 1591 326 1642 modo
342 1605 376 1639 ao
392 1602 488 1648 seusu,
507 1601 561 1651 quo
579 1602 640 1652 cap.
658 1587 692 1639 18
705 1579 790 1652 κοινή·
841 1588 913 1653 aqut
925 1585 1049 1636 detracti
1062 1585 1103 1634 ita
1115 1587 1284 1635 exsiccatum
1294 1585 1384 1647 suerit,-

248 1674 345 1717 κοντας
357 1658 441 1719 dixit,
459 1656 506 1705 ubi
519 1656 553 1706 oi.
568 1661 652 1721 nott,
675 1656 744 1707 adeo
759 1661 791 1707 ut
841 1662 871 1707 ut
883 1656 918 1707 ad
930 1671 1004 1706 mere
1020 1670 1104 1720 usque
1116 1656 1259 1720 pervenire
1271 1654 1374 1719 amphus

246 1735 348 1782 terrem
379 1728 517 1791 designet,
543 1742 613 1792 quae
636 1729 672 1778 ad
689 1730 791 1795 fluvium
841 1743 896 1777 uon
908 1730 1013 1791 posset,
1033 1725 1082 1776 sed
1097 1724 1126 1773 in
1141 1724 1273 1790 paludes,
1293 1723 1374 1790 quales

248 1801 369 1852 amnon
380 1799 602 1863 nsquepertinpnt.
631 1798 788 1862 Neomagis
840 1798 987 1847 etiamnum
998 1794 1037 1844 ibi
1050 1795 1239 1859 reperientur,
1252 1796 1375 1858 demerge

247 1862 278 1920 τὸ
289 1860 360 1934 πρὸς
375 1859 427 1931 τὴν
437 1856 479 1932 ἠῶ
491 1882 551 1918 esse
563 1868 678 1931 poterit:
691 1871 792 1932 mepta
840 1871 924 1918 retur.
954 1865 1026 1928 Quin
1042 1864 1179 1930 hodieque
1198 1880 1231 1916 eo
1244 1865 1300 1916 fere
1314 1864 1374 1924 loeo,

248 1942 283 1993 ud
301 1943 434 1997 orientem,
451 1935 499 1987 sed
513 1935 581 1986 nihil
595 1936 670 1987 aliud
688 1936 792 2002 signifi·
840 1934 1035 2003 qnoGerrhum
1050 1934 1161 1985 mariae
1173 1935 1374 1986 misouisteore

247 2014 294 2061 eat
307 2009 360 2059 nisi
374 2011 492 2059 orientem
507 2023 611 2058 emeres:
628 2006 701 2057 unde
714 2011 791 2071 patet
841 2005 926 2057 dibile
947 2007 999 2067 sit,
1024 2004 1115 2070 plnres
1135 2004 1257 2056 inveniri
1277 2004 1375 2062 rivulos,

248 2077 398 2131 reiieienda
417 2091 478 2127 erse
491 2076 582 2127 omnis
598 2092 647 2141 ea,
671 2091 741 2142 quoe
756 2077 791 2126 ad
842 2079 871 2127 in
887 2076 977 2126 luerim
994 2079 1140 2140 angustum
1153 2074 1314 2125 Molooznoe
1324 2088 1377 2123 eon·

247 2149 318 2199 hene
336 2146 501 2198 locutionem
520 2145 547 2194 iu
566 2147 656 2197 verbis
669 2149 791 2211 proxime
843 2147 971 2208 fluentes,
993 2160 1072 2209 qnem
1086 2144 1149 2194 olim
1165 2160 1230 2195 curn
1243 2145 1322 2194 maris
1332 2159 1376 2192 non

248 2215 473 2268 antecedentibus
489 2205 532 2279 (τὸ
550 2208 580 2263 di
592 2207 664 2280 πρὸς
680 2208 732 2280 τὴν
751 2206 793 2281 ἠῶ
842 2216 923 2266 valde
944 2215 1041 2266 remoti
1057 2216 1120 2265 sinu
1137 2214 1257 2279 quodam
1276 2214 1377 2265 coniun-
1457 2253 1458 2260 ,

248 2282 376 2352 γεωργῶν
395 2277 500 2333 τούτων
519 2278 672 2350 Σκυθέων,
690 2288 708 2334 i.
722 2301 745 2335 e.
760 2287 792 2335 nb
843 2291 917 2337 etum
930 2285 1015 2335 luisse
1027 2284 1168 2349 probabile
1179 2285 1230 2336 sit.
1252 2285 1376 2334 Mannert

249 2359 346 2410 oriente
374 2355 522 2418 Sequanam
549 2354 637 2405 horam
665 2359 794 2421 apricoln-
843 2357 892 2409 1v.
906 2372 932 2421 p.
945 2354 979 2406 to
992 2354 1103 2405 fluvium
1120 2356 1240 2406 Gatmr'rrm
1253 2355 1377 2406 esteGer·

248 2422 315 2491 men)
329 2423 410 2474 aliter
424 2422 611 2487 explicandam
625 2424 794 2489 excogitavit
843 2428 913 2477 rhum
926 2425 1040 2482 ststnit3
1054 2439 1102 2489 pro
1112 2424 1378 2487 fluvioMolotrchnpit

249 2495 378 2547 Liudner.
397 2509 422 2559 p.
435 2493 478 2545 411.
509 2494 587 2555 Quae
600 2508 660 2544 oum
677 2495 793 2555 iterabit,
844 2496 928 2547 hebet
945 2493 1088 2546 Reiaherd.
1106 2494 1125 2544 l.
1143 2493 1162 2544 1.
1181 2510 1247 2560 pag.
1265 2495 1312 2554 51,
1335 2507 1377 2558 pro

249 2565 392 2617 huiusloei
402 2562 795 2632 difficultatemqnaeinqnnt-
845 2567 942 2627 fluvio,
971 2566 1017 2631 qui
1033 2580 1105 2615 nuno
1122 2570 1238 2616 vocetur
1254 2566 1378 2617 Molocznn

249 2638 386 2690 tuendeeim
397 2635 500 2686 dierum
512 2634 609 2686 itinere
621 2637 794 2700 potissimum
845 2636 905 2702 (qni
917 2635 987 2685 idem
999 2639 1083 2699 atque
1091 2633 1315 2700 Molotschnyie)‚
1328 2632 1378 2698 qni·

249 2708 304 2760 site
320 2706 442 2769 videtur,
462 2705 577 2755 diminui
594 2704 719 2773 adeoque
735 2705 795 2756 tolli
845 2722 897 2771 qne
920 2710 976 2755 tem
998 2719 1082 2771 prope
1098 2704 1234 2756 secedens
1252 2705 1285 2755 ad
1303 2705 1377 2765 Bory-

251 2780 331 2843 pntat
342 2775 431 2826 Uhert
443 2775 541 2841 Geogr.
556 2775 582 2825 d.
596 2776 642 2827 Gr.
656 2792 684 2828 u.
699 2776 793 2827 Roem.
845 2775 983 2839 othonem,
1004 2781 1035 2825 ut
1053 2790 1102 2839 pro
1125 2790 1179 2825 uno
1200 2775 1261 2826 eins
1278 2771 1377 2824 brachio

250 2845 302 2924 Ill,
315 2848 340 2923 ξ
354 2861 380 2910 ρ.
394 2844 445 2897 335
457 2861 525 2908 seq,
543 2846 567 2894 si
581 2846 667 2897 verbe
678 2836 711 2894 τὸ
722 2840 795 2909 πρὸς
844 2846 941 2896 haberi
960 2846 1062 2910 possit,
1089 2845 1117 2894 in
1135 2845 1261 2896 Maeotin
1283 2844 1377 2902 influat,

250 2912 360 2979 τηνηώ,
372 2914 663 2981 queevalentutique:
674 2918 794 2969 orientem
844 2916 928 2966 hebet
945 2915 1012 2967 Voel
1029 2915 1086 2967 her,
1105 2914 1123 2965 l.
1142 2914 1160 2963 1.
1180 2931 1246 2980 pag.
1268 2914 1315 2965 lid
1328 2927 1377 2974 seq.

249 3000 347 3043 uersus,
362 2983 501 3034 includere
512 2984 591 3035 simul
604 2987 686 3036 etiam
698 2985 795 3036 existi·
845 2985 951 3049 Quibus
964 2990 994 3035 ut
1005 2931 1087 3035 rhum
1100 2984 1180 3036 fidem
1190 2985 1324 3045 tribuero,
1338 2980 1378 3030 sd·

250 3058 357 3104 mentor
373 3058 564 3118 septentrionem
587 3060 670 3120 utque
695 3053 796 3106 intelli·
846 3056 910 3106 dnoi
930 3070 996 3105 sene
1013 3070 1133 3123 nequeo:
1156 3070 1247 3120 neque
1264 3051 1378 3118 probabi·

250 3126 351 3189 gantur
361 3122 395 3173 de
407 3128 522 3187 utraque
535 3125 685 3176 directione
696 3122 795 3192 (Nord-
844 3124 915 3176 liore
931 3125 1023 3175 inveni
1039 3141 1085 3187 ea,
1105 3139 1174 3191 quse
1189 3126 1226 3174 ab
1242 3124 1303 3175 aliis
1319 3121 1377 3173 riris

250 3189 347 3255 oetenlz
370 3192 398 3242 in
416 3192 487 3242 hone
504 3192 681 3245 directionem
696 3194 720 3244 si
729 3195 795 3260 Sey·
809 3256 813 3265 ,
846 3195 935 3246 doctis
947 3211 1033 3260 nuper
1048 3195 1155 3261 proleta
1174 3199 1240 3246 sunt
1255 3194 1291 3245 ed
1303 3193 1378 3242 Hero-

250 3262 359 3313 tharum
368 3262 513 3312 nomadum
523 3264 597 3328 regio
609 3268 734 3328 porrecta
747 3279 796 3330 pu·
846 3265 1043 3316 dotiGerrhnrn
1056 3265 1260 3315 illustrandum:
1274 3274 1378 3329 quonuo

250 3336 323 3384 tetur
335 3346 384 3396 per
399 3332 616 3396 quattuordecim
633 3333 737 3385 dierum
748 3334 796 3383 iti·
846 3336 914 3386 dnos
928 3335 1031 3385 rivulos
1050 3336 1115 3401 Wpe
1133 3341 1161 3384 et
1177 3336 1286 3385 Tinemin
1301 3331 1378 3383 conti-

252 3416 332 3463 nere,
351 3401 466 3466 intelligi
478 3417 558 3466 posse
569 3402 726 3454 Herodotea
739 3405 795 3455 exi·
846 3405 904 3457 neri
920 3405 1048 3470 opinetur
1059 3403 1181 3455 Liudner
1198 3404 1217 3455 1.
1231 3403 1249 3454 1.
1267 3418 1326 3468 pag.
1336 3400 1377 3457 533

251 3473 346 3522 stimet
365 3472 410 3521 vir
424 3470 530 3522 doetus.
560 3473 596 3523 At
614 3474 673 3538 quis
693 3490 795 3539 quoeso
850 3477 944 3527 Tanais
974 3475 1051 3525 fluvii
1082 3490 1190 3525 onrsnm
1224 3473 1378 3539 superiorem

252 3542 280 3591 in
305 3539 422 3602 talibus,
447 3555 517 3606 qnee
538 3543 596 3607 ipso
615 3544 717 3594 Noster
741 3561 795 3595 non
847 3545 950 3596 Gerrho
964 3544 1103 3609 designari
1118 3549 1198 3609 putat
1212 3546 1322 3594 Hanseu
1335 3536 1377 3589 ll.

251 3614 409 3676 persecutus
426 3616 482 3673 est,
506 3612 553 3662 red
572 3611 655 3663 lando
678 3614 712 3665 ob
733 3613 795 3664 aliis
846 3631 909 3681 peg.
923 3616 972 3675 473
991 3614 1025 3665 de
1038 3614 1121 3664 fluvio
1133 3615 1222 3677 Inqui,
1237 3613 1284 3677 qui
1294 3613 1320 3661 in
1329 3610 1378 3670 Hy·

251 3684 367 3746 accepta
380 3680 483 3744 retulit,
493 3682 584 3732 omnia
597 3686 653 3732 tam
665 3689 795 3735 accurato
846 3685 931 3750 poniu
941 3685 1040 3745 influit,
1048 3681 1313 3749 cogitetEiehwald:
1325 3678 1378 3729 hlte

252 3750 795 3887 11111111111111111111...
846 3753 1377 3875 intitulriitlrise‘uhtt·

252 3892 324 3943 coni.
339 3891 387 3949 lv,
400 3890 443 3941 20.
458 3890 501 3944 511.
516 3891 635 3943 Plinii.
648 3894 682 3945 N.
697 3893 746 3956 IV,
763 3894 794 3943 12
847 3910 926 3945 verso
950 3892 1025 3945 urbis
1050 3839 1278 3945 Jekatorino’sliiw
1302 3892 1378 3952 Bory-

253 3960 324 4025 (2d)r
348 3960 486 4023 „Gerrhus
502 3960 640 4012 Basilidas
657 3967 685 4013 et
697 3966 797 4013 Nomo·
847 3964 936 4015 stheui
946 3956 1377 4029 iungitnr‚Gerrhnmhoberivuit

252 4029 456 4094 dassepnret.“
488 4032 574 4093 Quem
587 4031 741 4083 Leroherus
755 4033 796 4097 (in
846 4034 957 4084 Kolster
984 4032 1001 4082 1.
1027 4033 1044 4084 1.
1071 4049 1135 4098 pag.
1159 4033 1202 4085 23.
1228 4032 1269 4083 et.
1310 4030 1376 4091 Quae

253 4098 322 4149 Teb.
336 4098 440 4164 geogr.)
455 4115 504 4165 pro
520 4100 634 4150 brechio
647 4101 796 4165 Borysthe·
849 4105 942 4154 omnin
960 4102 1028 4154 talia
1044 4108 1121 4165 sunt,
1135 4108 1166 4154 ut
1182 4119 1242 4154 enm
1254 4094 1376 4152 Herodoti

252 4169 295 4218 nis
308 4166 406 4229 habet,
419 4169 576 4220 Danviliius
589 4169 679 4236 (Mem.
696 4171 729 4222 de
740 4171 797 4221 l'A-
847 4174 940 4225 verbis
952 4173 1093 4224 conciliari
1104 4177 1252 4238 nequeant:
1268 4169 1376 4235 quicum

252 4237 312 4289 eed.
326 4237 352 4287 d.
366 4238 452 4288 Inser.
463 4240 573 4290 XXXV.
586 4256 612 4306 p.
625 4237 688 4303 581)
701 4256 749 4305 pro
763 4258 795 4292 eo
847 4243 1050 4307 navigationem
1080 4243 1261 4308 quadraginta
1283 4239 1375 4290 dierum

252 4306 350 4371 ΗΜΘ,
366 4307 412 4357 0Πὶ
427 4322 498 4357 1111ssss
515 4324 612 4360 nomen
626 4310 796 4376 Molosznija-
847 4315 875 4363 in
887 4313 1056 4377 Borysthene
1071 4313 1224 4363 faciendam
1247 4325 1305 4361 sese
1319 4303 1374 4356 sori·

252 4377 325 4430 modi.
341 4382 353 4444 ξ
368 4377 401 4426 In
424 4392 502 4444 quem
524 4379 612 4443 ipsum
635 4380 682 4448 qui
705 4381 796 4431 influit
845 4384 893 4434 but
920 4384 985 4448 (lv,
1007 4382 1053 4448 53)
1078 4398 1164 4449 nsque
1187 4383 1221 4433 ad
1245 4377 1374 4434 Gerrhnm
