3042 5125
268 362 331 426 412
706 361 972 424 HERODOTI

270 558 377 644 βορέω
391 551 532 644 ἀνέμου·
555 552 592 622 τὸ
608 554 644 623 δὲ
659 551 851 641 κατύπερθε
866 551 912 624 δι’
928 545 977 622 ὦν
991 557 1058 643 ῥέει
1072 550 1284 644 ἀνθρώπων,
1299 553 1399 639 οὐδεὶς

268 756 391 823 pluribus
402 755 470 806 viris
480 755 568 807 doctis
584 755 648 805 olim
662 754 812 805 rescribere
863 755 999 820 Geogr.1.
1017 770 1044 820 p.
1060 756 1108 806 174
1124 755 1258 822 simulque
1275 758 1343 809 bene
1355 776 1400 809 me

269 826 374 904 placuit
385 822 631 888 τεσσερεσκαίδεκα
647 824 707 891 (pro
723 836 811 873 tenoe—
865 841 937 886 mor,
954 823 1150 889 Borysthenem
1170 827 1250 876 modo
1272 844 1357 894 usque
1370 831 1399 879 ad

270 895 403 963 ρακοντα)
418 895 501 961 idque
513 895 600 960 ipeum
611 896 639 945 iu
656 900 759 944 textum
773 909 814 944 re·
863 893 993 959 oppidum
1010 893 1271 947 Alexandrowshaie
1297 901 1401 964 nariga-

269 967 343 1031 cepit
352 967 427 1016 Reiz.
441 965 530 1030 (cuiue
541 964 596 1016 vid.
612 964 732 1016 Praeiet.
750 978 813 1030 pag.
863 964 944 1014 bilem
958 978 1018 1014 esee
1031 963 1059 1027 (a
1075 979 1128 1028 quo
1146 966 1207 1030 ipso
1219 983 1307 1033 nsque
1320 968 1353 1018 ad
1363 985 1400 1020 ur·
1468 967 1469 1000 ³

269 1035 362 1100 XXI),
400 1051 479 1100 quem
512 1036 637 1099 sequitur
668 1034 813 1094 Matthiae,
863 1035 924 1085 bem
934 1034 1009 1083 Kiew
1026 1033 1155 1085 tredecim
1172 1039 1344 1090 catarractae
1360 1039 1400 1088 fln-

268 1106 401 1172 probeute
412 1103 559 1155 Larchero.
584 1105 641 1155 Nec
658 1106 725 1155 certi
747 1103 813 1168 qnid
864 1105 904 1154 vii
922 1118 1029 1154 cursum
1050 1103 1263 1170 interrumpent,
1282 1114 1315 1158 ut
1335 1108 1400 1160 nulla
1468 1127 1469 1146 r

269 1179 296 1225 in
319 1175 363 1225 his
388 1176 565 1239 pronuntiare
588 1172 671 1223 audet
692 1172 812 1223 Denvili.
864 1188 974 1239 prorsus
989 1175 1026 1223 eit
1038 1174 1207 1238 navigatio),
1224 1176 1400 1229 adeamvero

269 1243 361 1308 (Mem.
382 1246 415 1295 de
435 1243 539 1295 l'Aoad.
558 1241 585 1292 d.
606 1244 691 1295 lusor.
714 1243 814 1293 XXXV
864 1245 951 1309 ipsam
977 1243 1130 1306 regionem,
1155 1259 1208 1310 qna
1226 1246 1400 1311 Borysthenes

268 1331 331 1380 pag.
343 1315 422 1376 577),
434 1313 508 1363 ultre
518 1313 661 1377 octogiuta
676 1312 815 1364 leucarum
865 1312 979 1362 muttum
995 1312 1029 1362 ad
1044 1314 1176 1363 orientem
1197 1314 1338 1380 flectatur,
1353 1319 1400 1368 No·

268 1385 462 1435 Freueicarum
475 1383 594 1448 epatium
610 1397 627 1432 a
645 1384 713 1432 mari
729 1383 814 1446 Bory·
864 1383 916 1432 etri
931 1382 1057 1433 verbodo
1075 1381 1179 1433 Gerrho
1195 1383 1401 1438 hiuedisceden·
1468 1427 1469 1440 2

269 1453 815 1518 ethenemnavigaripossenegaueram
865 1457 893 1503 te
916 1453 988 1514 (cum
1011 1452 1155 1502 Moioozna
1177 1454 1277 1506 fluviae
1307 1458 1347 1507 ita
1370 1458 1400 1508 ad

269 1527 460 1586 catarractae,
495 1538 611 1588 quornm
639 1521 716 1572 nulia
741 1519 815 1586 apud
865 1521 1060 1586 Borysthenem
1076 1524 1292 1590 appropinquet,
1311 1533 1343 1576 nt
1359 1543 1400 1591 pro
1468 1523 1469 1586 i

269 1593 437 1644 Herodotum
463 1593 581 1653 montio,
610 1592 813 1657 navigationem
865 1590 1043 1656 Borysthenis
1061 1591 1175 1642 brachio
1198 1591 1291 1644 haberi
1311 1597 1400 1661 queat)
1468 1593 1469 1646 1

269 1663 428 1729 impediant.
455 1662 496 1712 Ad
511 1661 561 1713 hoe
578 1677 643 1712 vero
663 1677 750 1727 usqne
767 1660 814 1726 qni
864 1660 1008 1712 referenda
1025 1676 1099 1723 esse,
1119 1665 1290 1729 qradraginta
1307 1666 1400 1717 dim
1468 1697 1469 1706 .

268 1735 412 1799 pervenire
423 1730 490 1782 velit
504 1733 620 1782 edverso
629 1732 740 1782 flumine
749 1730 814 1781 inde
864 1745 1005 1782 numerum
1023 1733 1124 1781 statuit
1136 1733 1264 1798 nimium,
1281 1740 1399 1799 qnoniam

269 1804 304 1854 eb
317 1804 376 1854 eins
390 1803 462 1854 ostio
481 1804 630 1867 perigene,
652 1802 678 1851 ei
698 1800 815 1866 quadre-
863 1801 1018 1851 aocnratius
1032 1816 1146 1866 meppss
1159 1805 1358 1870 geographicas
1369 1808 1401 1856 in·

268 1875 348 1940 ginta
361 1872 464 1924 dierum
485 1873 663 1930 navigatione
679 1871 726 1920 vir
744 1885 814 1935 opus
866 1871 994 1935 spicieuti
1010 1870 1055 1919 vix
1072 1873 1156 1922 decem
1169 1872 1272 1924 dierum
1285 1876 1338 1927 iter
1348 1892 1400 1927 esse
1468 1877 1469 1936 i

268 1942 372 2008 rideri,
390 1942 459 1992 satis
477 1941 649 2007 intelligitur.
680 1942 759 1990 Hanc
779 1939 814 1990 ob
865 1940 963 2006 poenit.
980 1940 1232 2006 Itaquereiipenm
1242 1944 1399 1995 Herodotum
1468 1955 1469 1964 ¹

269 2029 380 2064 censam
390 2010 558 2075 Danviliius,
568 2012 615 2076 qui
626 2009 659 2061 de
674 2010 735 2061 ioco
748 2025 814 2074 quo·
864 2009 968 2076 lapsum
979 2025 1048 2072 esse,
1062 2010 1096 2060 eb
1109 2009 1172 2060 aliis
1182 2011 1241 2064 scit.
1254 2014 1282 2063 in
1293 2030 1399 2066 errorem
1468 2005 1469 2018 ¹

269 2082 330 2134 dem
347 2085 516 2148 cogitaverat
536 2082 586 2131 sub
608 2080 705 2131 ultimo
724 2084 814 2130 catar-
864 2079 1023 2140 inductum,
1045 2079 1089 2130 vei
1109 2081 1291 2148 quadraginta
1306 2086 1400 2135 dierum

268 2159 347 2204 recta
361 2154 428 2214 sito,
444 2153 489 2202 oui
507 2166 580 2201 nuuc
597 2165 694 2200 nomen
712 2150 814 2200 Wiellra
864 2150 965 2201 itinere
990 2148 1106 2200 adverso
1130 2152 1240 2201 flumine
1260 2155 1399 2214 cogitanda
1468 2195 1469 2202 ,

269 2226 424 2289 Pr'zepramo
453 2222 580 2273 Totarska
604 2218 686 2284 (qnod
710 2219 813 2270 reddit:
865 2234 939 2278 esse,
952 2218 1160 2285 vaideexigou,
1176 2227 1332 2285 praesertim
1344 2240 1399 2275 eun

268 2291 373 2356 „grand
395 2305 512 2370 passage
539 2287 681 2354 frequente
701 2304 751 2354 per
771 2288 813 2338 lee
866 2288 967 2339 multae
996 2289 1084 2340 amnie
1111 2290 1242 2355 ambages
1267 2294 1398 2344 accedant.

268 2360 440 2424 Tarteree¹‘),
455 2373 567 2423 περαμα
576 2356 627 2407 τοῦ
636 2357 755 2421 apopioo
768 2358 815 2423 qni
864 2359 934 2409 Utut
944 2358 977 2410 de
989 2357 1031 2407 his
1044 2360 1155 2421 statuis,
1167 2360 1196 2411 in
1205 2361 1333 2414 Herodoti
1344 2363 1398 2414 ioco

268 2430 376 2482 dicetur
385 2430 458 2494 opud
467 2427 745 2494 Porphyrogenetnm,
758 2442 815 2477 ma·
865 2427 934 2478 nihil
947 2429 1106 2479 mutandum
1123 2445 1201 2494 esse,
1223 2439 1296 2482 recte
1314 2433 1398 2485 admo·

266 2500 326 2552 ruit
338 2499 447 2551 tandem
461 2498 494 2549 ds
507 2497 561 2548 ulio
574 2514 626 2564 qno
640 2498 763 2565 cogitare
775 2496 813 2548 lo-

267 2588 299 2623 co
316 2573 352 2623 ad
367 2570 580 2635 septentrionem
596 2570 684 2634 magis
705 2569 759 2619 sito
772 2568 815 2617 in·

268 2643 356 2707 deque
368 2643 528 2702 remotiore,
543 2655 596 2705 quo
612 2644 642 2689 ut
659 2639 812 2703 pervenias,

267 2712 452 2778 qnadraginta
481 2709 585 2762 dierum
613 2709 710 2759 itinere
733 2722 812 2774 opus.

266 2783 410 2834 Mannerto
426 2780 486 2843 (IV.
505 2797 533 2845 p.
550 2780 595 2844 te)
615 2793 741 2830 numerere
757 2778 813 2829 die·

266 2868 325 2903 rum
342 2852 422 2913 XIV,
445 2855 477 2902 ut
493 2850 566 2901 iusto
583 2850 685 2911 minor,
703 2848 743 2898 ita
765 2848 814 2897 XL

267 2922 370 2973 dierum
384 2935 511 2971 unmems
526 2919 635 2971 videtur
648 2918 756 2968 nimius.
777 2917 814 2966 Et

267 2991 329 3041 add.
352 2990 428 3041 hisce
441 2990 563 3041 Heereu:
588 2989 671 3039 Ideeu
690 2989 718 3046 Ι,
740 2988 766 3037 2.
787 3002 813 3051 p.

267 3061 328 3111 275.
343 3058 490 3110 Reicherd.
508 3075 534 3123 p.
548 3059 582 3108 45
601 3058 734 3108 Herodoti
747 3071 811 3107 cau-

267 3145 325 3181 sem
347 3128 479 3194 suscipit,
505 3142 566 3178 cnm
595 3143 649 3192 qno
670 3127 727 3178 fere
751 3126 812 3177 loco

267 3196 386 3250 Gerrhus
414 3196 449 3247 ed
473 3196 613 3247 meridiem
634 3196 724 3246 delabi
744 3196 813 3246 inci·

267 3269 340 3333 piet,
382 3268 437 3316 sint
472 3270 645 3316 catarractas
674 3266 812 3316 veteribus

266 3338 374 3387 omnino
397 3335 528 3401 incogniti
554 3335 814 3400 navigationemque

265 3405 485 3473 praepedientes,
497 3405 594 3470 quibus
605 3406 741 3470 superatis
752 3421 813 3455 cum

266 3475 432 3541 navigabilis
447 3490 541 3525 rursus
556 3476 593 3525 eit
611 3474 710 3525 fluvius
725 3490 813 3539 usqne

265 3546 300 3597 ad
322 3547 414 3596 urbem
433 3543 591 3608 emoleret,
607 3545 656 3594 XL
676 3559 743 3595 eane
755 3545 812 3594 die-

266 3632 324 3666 rnm
337 3617 437 3666 itinere
451 3614 575 3678 adeoque
592 3614 671 3678 plura
683 3614 812 3675 forsitan,

266 3687 368 3753 siquis
388 3686 504 3736 edverso
527 3685 639 3735 flumine
656 3683 812 3749 proficisca-

265 3762 325 3819 tur,
338 3756 462 3808 consumi
475 3769 556 3819 porse
568 3754 727 3805 arbitretur.
758 3754 811 3816 Qui

264 3832 356 3880 tamen
367 3827 452 3878 verbe
461 3824 595 3876 Herodoti
607 3816 686 3889 μέχρι
696 3816 747 3888 μέν
758 3837 812 3871 vor

266 3892 374 3959 Γέρρου
398 3887 488 3961 χώρου
510 3896 600 3945 ιιιίιιιιι
623 3898 754 3944 accurate
771 3893 811 3944 sio

265 3966 396 4016 reddidit:
418 3967 477 4027 ,bie
500 3981 547 4014 zur
565 3965 669 4028 Gepend
683 3965 729 4015 dee
748 3963 811 4013 Ger-

264 4037 344 4094 hue,“
363 4040 391 4085 et
410 4035 470 4094 „bie
490 4050 537 4084 zur
554 4034 659 4098 Gegend
681 4035 726 4085 des
747 4034 811 4083 Ger-

265 4105 449 4169 rhuaflueses.“
466 4103 537 4152 Nam
548 4101 581 4153 de
593 4102 722 4166 regione,
740 4118 810 4167 quae

265 4187 332 4222 sane
343 4187 359 4220 a
373 4172 568 4222 flurio'nomen
582 4169 693 4231 tulerit,
712 4186 811 4222 sermo·

264 4255 324 4291 uem
338 4255 397 4291 eeee
409 4255 487 4290 nemo
499 4256 554 4290 uon
568 4239 654 4290 videt.
672 4240 750 4289 Gonf.
767 4256 811 4291 eu·

265 4326 314 4376 pra
323 4311 371 4372 IV,
382 4309 415 4360 19
425 4308 518 4373 ibique
528 4313 599 4359 nott.
614 4312 641 4357 et
652 4307 685 4359 de
696 4311 811 4371 limbis,

264 4379 428 4446 Scytharum
444 4381 541 4444 gente,
557 4378 609 4439 lv,
627 4378 657 4427 71
679 4378 741 4429 coli.
762 4380 810 4441 IV,

264 4451 307 4504 bd.
322 4452 399 4514 Quae
408 4448 558 4514 respiciens
567 4446 711 4500 Voelcker.
723 4447 810 4514 Myth.

865 2500 926 2549 nuit
952 2497 1053 2549 Ulsert:
1081 2500 1182 2562 Geogr.
1203 2501 1230 2551 d.
1251 2502 1351 2552 Grieeh.
1373 2519 1397 2554 u

866 2571 959 2620 licem.
970 2568 1028 2633 111,
1042 2570 1066 2619 2.
1089 2586 1115 2634 p.
1132 2569 1255 2623 1890011.
1274 2575 1329 2624 423.
1342 2574 1397 2633 335,

865 2639 990 2704 idemque
998 2639 1086 2690 sensit
1100 2640 1227 2704 Hansen,
1243 2641 1357 2705 pluribus
1367 2643 1396 2694 de

863 2709 915 2760 hoo
937 2708 998 2759 loeo
1017 2707 1170 2775 disquirens
1188 2726 1216 2776 p.
1234 2714 1269 2763 42
1282 2729 1352 2779 seqq.
1372 2720 1395 2763 et

864 2778 1050 2844 qnadraginta
1078 2777 1181 2829 dierum
1205 2783 1394 2848 navigationem

864 2852 1393 2918 componenscumnnmeroquadrsginta
1467 2876 1468 2883 .

864 2918 978 2977 dierum,
985 2917 1085 2983 quibus
1095 2925 1262 2971 mortuorum
1273 2923 1393 2973 cederem

864 2986 1103 3038 circumducuntur
1117 2990 1232 3051 (Herod.
1243 2993 1291 3042 [V.
1303 2992 1332 3042 tt
1343 2990 1392 3042 coit

865 3058 924 3121 71);
937 3072 1026 3122 neque
1037 3058 1120 3108 etiam
1127 3059 1248 3111 Melden.
1259 3061 1313 3123 (1.1.
1321 3079 1344 3127 p.
1350 3061 1391 3112 354

865 3129 934 3192 seq.)
950 3142 1038 3191 neque
1046 3127 1155 3180 Kolster
1166 3129 1223 3194 (1.1.
1237 3147 1264 3194 p.
1276 3132 1320 3195 ²1)
1331 3130 1391 3197 qnid·

865 3211 946 3262 qnam
957 3197 985 3246 iu
991 3196 1132 3248 Herodoto
1144 3202 1247 3250 mutari
1255 3202 1390 3257 votuerunt,

863 3265 910 3332 qni
918 3265 1141 3331 eiB0rysthenem
1150 3268 1388 3336 dixitnarigsbiieu

865 3350 1019 3400 eseeusqne
1028 3335 1063 3386 ad
1071 3337 1201 3389 Gerrhnm
1216 3340 1390 3405 (IV,71),qus·

865 3406 994 3469 draginta
1007 3405 1111 3457 dierum
1123 3409 1308 3473 navigationis
1320 3406 1389 3471 speti-

864 3490 908 3526 nm
918 3474 1087 3527 intellexisse
1099 3479 1238 3541 petendus
1249 3483 1297 3528 est.
1309 3479 1388 3540 ltaque

864 3544 993 3604 Gerrhus,
1004 3545 1063 3596 eive
1077 3547 1188 3598 flurium
1200 3546 1332 3613 inteiligse
1342 3547 1387 3595 sire

864 3618 963 3664 terram
978 3621 1141 3681 gentemque
1154 3617 1217 3667 inde
1236 3616 1388 3682 appellatum,

863 3687 911 3734 rix
920 3700 952 3735 eo
960 3685 1022 3735 loeo
1032 3686 1213 3749 poteritponi,
1221 3702 1273 3751 quo
1280 3683 1388 3737 mittini·

862 3753 992 3818 ster(vid.
1001 3758 1070 3805 nott.
1077 3755 1113 3805 ad
1119 3757 1168 3817 IV,
1177 3756 1307 3819 19),on
1314 3755 1388 3805 urbem

862 3823 1096 3885 Ielraterinoslavr,
1109 3840 1180 3888 qnee
1191 3840 1252 3876 cnm
1262 3842 1312 3876 nou
1323 3825 1388 3887 longe

864 3894 939 3944 ebsit
954 3909 971 3944 a
990 3893 1168 3956 Borysthenis
1184 3896 1273 3958 ostio,
1291 3894 1389 3961 qnsdrs·

864 3963 941 4029 ginta
971 3963 1073 4014 dierum
1101 3965 1277 4030 navigatione
1298 3965 1389 4014 minime

863 4048 931 4098 opus
947 4047 1007 4083 esse
1020 4035 1136 4097 poterit;
1153 4036 1255 4086 rectius
1268 4032 1388 4085 brederio

862 4118 898 4152 an
911 4102 1074 4165 cogitaveris
1087 4103 1121 4152 de
1133 4105 1168 4153 iis
1184 4105 1343 4170 regionibns,
1351 4100 1388 4150 nbi

863 4173 927 4222 urbs
940 4173 1016 4222 Kiew
1027 4187 1098 4222 nnnc
1110 4179 1153 4223 est
1166 4174 1230 4235 sita,
1243 4178 1273 4223 ut
1282 4175 1331 4223 ism
1344 4186 1388 4220 mo·

863 4246 980 4292 uuemut
992 4242 1119 4291 Mannert
1133 4242 1152 4292 1.
1165 4242 1183 4292 l.
1198 4259 1225 4309 p.
1238 4242 1272 4294 80
1285 4249 1309 4294 st
1322 4238 1388 4291 Eich-

864 4310 933 4361 wsld
946 4310 964 4361 1.
974 4310 993 4363 1.
1005 4327 1032 4376 p.
1044 4311 1105 4363 304.
1119 4313 1232 4364 Henseu
1243 4313 1285 4363 1.1.
1296 4309 1335 4361 vei
1344 4323 1387 4357 me·

862 4382 904 4446 gie
916 4382 1130 4446 septentrionem
1142 4398 1238 4433 versus
1247 4380 1335 4434 Gerrhi
1345 4384 1387 4427 ter·

862 4466 920 4500 ram
933 4451 1027 4516 quueri
1041 4450 1100 4501 vnlt
1113 4453 1142 4502 in
1151 4453 1280 4518 gubernio
1289 4448 1388 4501 Terbet-
