3042 5125
448 383 774 447 MELPOMENE.
796 383 852 445 IV.
876 394 935 447 101.
961 396 1021 449 105.
1245 383 1306 448 503

166 576 225 643 καὶ
239 573 360 663 οίκήϊοι
375 574 485 656 ἐόντες
498 575 636 661 πάντες,
655 576 737 666 μήτε
756 573 878 667 φθόνῳ
893 571 970 664 μήτ’
985 582 1081 664 ἔχθει
1095 578 1258 665 χρέωνται
1273 580 1306 656 ἐς

164 674 338 766 ἀλλήλους.
365 677 406 748 roi
421 677 454 749 δ’
468 678 552 749 ἄλλα
565 677 687 770 νόμαια
700 678 816 767 Θρήιξι
835 678 1136 768 προσκεχωρήκασι.
1174 682 1303 766 Νευροὶ
1313 692 1372 753 105

166 782 205 850 δὲ
225 779 356 870 νόμοισι
375 783 437 873 μὲν
461 786 615 872 χρίονται
635 791 848 853 Σκυθικοῖσι.
882 787 983 872 γενεή
1005 783 1041 852 dt
1061 788 1122 874 μιή
1142 782 1305 872 πρότερόν

164 905 273 972 σφεας
287 890 344 972 τῆς
357 894 506 976 Δαρείου
519 895 757 978 στρατηλασίης
772 890 935 974 κατέλαβε
954 889 1104 956 ἐκλιπεῖν
1117 884 1179 975 τήν
1192 884 1304 976 χώρην

163 992 280 1057 πᾶσαν
299 984 364 1058 ὑπὸ
387 986 504 1077 ὀφίων.
542 989 643 1078 ὄφιας
662 990 726 1079 γάρ
748 1010 810 1078 σφι
830 986 974 1069 πολλοὺς
992 990 1054 1079 μὲν
1074 986 1094 1079 ή
1116 989 1207 1079 χώρη
1226 986 1301 1061 ἀνέ-

162 1205 192 1254 p.
205 1189 257 1240 514
270 1189 365 1240 Astins
377 1189 497 1255 collegit,
509 1189 557 1240 ubi
568 1190 611 1242 rel
621 1191 712 1257 gentis
761 1205 809 1241 eos
826 1191 974 1241 monimum
991 1195 1096 1256 purtem
1115 1205 1130 1239 e
1146 1189 1303 1257 regionibus

161 1260 327 1310 recentioris
350 1259 552 1325 Seporogorum
577 1262 709 1325 meminit,
760 1260 961 1326 superioribus,
977 1260 995 1312 i.
1009 1276 1031 1310 e.
1045 1260 1303 1324 septentrionalibus

162 1328 282 1380 eundern
295 1344 396 1380 morem
410 1330 586 1382 uertentium.
606 1330 639 1380 In
649 1330 710 1381 Plu·
759 1330 848 1409 iisque
870 1330 985 1381 desertis
1005 1357 1038 1365 -
1054 1315 1171 1379 ἄνωθεν
1195 1319 1225 1378 ἐκ
1248 1325 1303 1378 τῶν

165 1399 287 1450 tonicam
297 1414 406 1464 quoqne
417 1400 558 1451 civitatem
573 1399 644 1451 hene
654 1415 711 1451 mu·
760 1390 873 1465 ἐρήμων
893 1426 926 1436 -
943 1401 1133 1465 supervenisse
1155 1403 1265 1463 narret,
1289 1417 1303 1452 e

758 1471 863 1521 meridie
881 1471 1035 1521 Neurorum
1061 1471 1200 1536 regionem
1224 1469 1299 1520 invu-

759 1540 829 1590 eisse
852 1538 913 1589 vult
935 1541 1080 1604 Koeppen:
1109 1539 1253 1605 Nordgest.
1275 1536 1302 1590 d.

163 1467 264 1519 lierum
285 1469 506 1520 communitatem
529 1469 615 1521 inisse
637 1484 711 1522 rece·

163 1544 243 1604 ptem
255 1538 371 1604 indeque
381 1542 458 1591 ruric
466 1537 645 1590 diiudicatum
655 1555 710 1590 uon

162 1608 254 1659 minus
267 1623 285 1658 n
295 1608 433 1660 veteribus
451 1624 533 1675 quem
544 1625 561 1659 e
577 1612 710 1660 recentio-

162 1676 251 1739 ribus,
264 1680 333 1729 eutis
344 1684 446 1730 notum.
465 1678 542 1731 Adde
554 1679 597 1730 his
606 1680 710 1731 Herod.

89 1748 93 1753 ”
162 1747 218 1809 111,
234 1745 281 1797 101
298 1752 326 1798 et
337 1747 490 1799 Trsehuck.
507 1748 543 1797 erl
554 1748 619 1800 Mel.
632 1748 655 1813 1,
668 1748 709 1801 19.

164 1815 432 1936 92560755701311.
445 1817 518 1879 P.I.)
532 1821 600 1869 nott.
612 1834 708 1885 exegp.

164 1885 283 1937 Verbum
305 1900 357 1936 ωσι
368 1888 488 1952 spurium
498 1887 581 1938 hebet
590 1888 708 1954 indeque

166 1957 231 2006 eiici
247 1957 309 2006 vult
328 1956 431 2007 Mebler
446 1957 475 2007 in
491 1958 659 2024 Mnemosyn.
674 1960 707 2010 V.

166 2041 234 2144 proi
255 2090 281 2143 δ’
309 2080 378 2143 ἄλλα
394 2121 427 2131 -
444 2086 704 2163 προσκεχωρήκασι]

163 2166 182 2217 i.
195 2182 218 2216 e.
233 2167 303 2231 quod
318 2166 354 2216 ud
364 2168 463 2230 reliqua
481 2169 568 2217 attinet
584 2170 706 2227 instituta,

163 2238 200 2286 ad
214 2236 325 2285 Thraces
335 2236 465 2297 accedant,
479 2249 500 2285 s.
515 2239 540 2286 in
549 2240 654 2302 reliquie
665 2252 707 2287 re-

758 1609 839 1659 Pont.
855 1623 882 1673 p.
896 1607 960 1673 103,
978 1609 1103 1659 nimirum
1118 1608 1303 1675 ereptionibus

760 1678 886 1743 Optime
895 1678 925 1743 (i.
938 1694 963 1729 e.
972 1678 1145 1744 serpentinae
1158 1675 1254 1742 urbis),
1266 1677 1302 1728 ed

759 1749 861 1812 Tyrum
873 1746 985 1798 flurium
996 1749 1081 1809 sitem
1097 1748 1138 1797 ite
1148 1752 1178 1797 ut
1190 1762 1301 1812 cerpen-

759 1823 802 1867 tes
828 1818 877 1867 isti
904 1818 1053 1868 tesserarie
1075 1817 1168 1883 potine
1191 1818 1300 1868 tutione

758 1888 815 1939 siut
827 1887 983 1950 aecipiendi
1001 1891 1029 1937 et
1041 1886 1076 1937 ed
1094 1901 1175 1937 encre
1189 1886 1300 1953 religio·
1358 1896 1364 1907 '

757 1971 859 2022 nesque
871 1956 970 2007 Neans
984 1956 1125 2021 oppositus
1135 1956 1299 2020 referuntur,

758 2027 919 2092 praesertim
931 2041 994 2076 eum
1009 2024 1095 2076 multu
1108 2026 1144 2075 sit
1159 2025 1187 2076 in
1198 2025 1299 2077 tubulis

758 2112 791 2146 ee
800 2096 886 2147 sectis
898 2101 955 2146 tum
963 2096 1126 2147 Graecorum
1134 2095 1300 2161 quumIndo-

756 2181 816 2217 rum
830 2166 932 2217 mentio
947 2170 1111 2230 serpentum.
1135 2166 1212 2227 Quae
1224 2165 1299 2231 equi·

758 2237 817 2287 dem
828 2251 870 2287 me
881 2234 1057 2301 peritioribus
1069 2233 1247 2286 diiudicanda
1258 2250 1299 2285 re-

164 2314 285 2370 ceperunt
301 2306 420 2354 λλιαοακι
438 2307 558 2356 instituta.
590 2305 669 2356 Geni.
683 2306 706 2369 1,
754 2304 858 2371 linquo.
885 2305 981 2356 Adhuc
993 2306 1159 2370 serpentium
1171 2319 1298 2371 megnem

165 2375 224 2427 172.
263 2373 401 2424 'Phreoum
418 2374 548 2425 institute
565 2391 598 2427 ec
618 2390 706 2426 mores

162 2443 319 2496 Herodotus
333 2443 419 2494 tradit
429 2444 463 2506 V,
480 2443 496 2494 3
508 2458 583 2511 seqq.

366 2616 433 2669 Cur.
451 2616 506 2667 CV.

200 2716 308 2786 Νευροὶ
331 2713 361 2769 δὲ
380 2713 491 2784 κόμαισι
508 2711 559 2784 μὲν
578 2713 705 2782 χρέονται

163 2789 346 2854 Σκυθικοῖσι]
366 2790 467 2857 Attigit
481 2789 640 2840 Herodotec
651 2790 706 2839 Eu·

162 2859 250 2912 statii.
267 2859 303 2911 ed
320 2860 437 2925 Dionys.
452 2860 557 2926 Perieg.
575 2857 636 2909 310.
664 2858 705 2908 De

163 2933 258 2982 ,Verris
274 2930 390 2980 diximus
401 2930 436 2980 ed
451 2931 499 2989 lV,
515 2929 557 2980 17.
585 2929 627 2977 De
638 2943 706 2978 voce

163 2998 246 3066 γενεή
260 3000 413 3051 monuimus
431 2999 466 3051 ed
484 2999 600 3061 11‚142.
625 2998 706 3047 liene

162 3084 228 3121 vero
252 3070 381 3135 temporie
407 3067 591 3120 definitionem
612 3082 706 3118 secun-

161 3140 226 3190 dum
237 3139 375 3190 hominum
384 3143 492 3190 netetes
503 3138 574 3203 apud
584 3135 707 3187 Herodo-

162 3215 221 3259 tum
244 3224 331 3275 seque
350 3214 433 3275 utque
451 3210 599 3259 Homerum
621 3206 705 3258 istius

161 3284 256 3346 petere
271 3294 321 3330 nec
339 3284 441 3330 certum
459 3277 594 3343 quotidem
612 3275 706 3327 defini·

163 3356 277 3415 tumque
298 3364 430 3401 annorum
448 3347 567 3415 spetium
583 3344 706 3397 indicere

756 2376 862 2440 copiam
880 2375 909 2425 iu
920 2375 1036 2426 Russiue
1051 2373 1237 2427 meridionalis
1252 2374 1299 2425 de-

756 2445 837 2496 sertis
858 2445 971 2511 reperiri
989 2460 1049 2495 eum
1073 2445 1240 2496 recentiores
1259 2448 1299 2494 te-

756 2519 880 2577 stentur,
904 2530 936 2566 eo
960 2520 1085 2582 spectare
1104 2512 1164 2565 vuit
1189 2513 1300 2565 Kolster
1359 2521 1362 2527 ’

756 2583 786 2648 (J
787 2585 881 2636 uhrbb.
892 2585 912 2636 1.
919 2584 1017 2636 Philol.
1028 2599 1055 2634 u.
1064 2584 1184 2649 Puedug.
1193 2582 1299 2648 Suppli.

756 2655 836 2705 XIII.
857 2671 884 2720 p.
901 2653 962 2719 30),
984 2668 1053 2718 quoe
1072 2653 1105 2703 de
1121 2654 1218 2704 Neuris
1233 2652 1260 2703 h.
1279 2651 1298 2704 l.

756 2725 914 2775 truduntur:
930 2737 997 2788 quoe
1009 2722 1072 2773 inde
1080 2721 1246 2773 Lithueuiee
1256 2736 1300 2772 ec·

756 2793 831 2845 coles
857 2793 944 2843 iuisse
967 2792 1123 2856 suspicetur
1139 2792 1252 2842 Hensen
1270 2806 1298 2856 p.

758 2863 824 2925 178,
841 2863 913 2928 quod
929 2862 1008 2912 huius
1024 2867 1112 2913 terree
1123 2860 1229 2912 incolae
1245 2875 1300 2911 ser-

756 2937 852 2998 pentes
865 2931 957 2984 divino
969 2930 1072 2982 honore
1082 2931 1218 2996 prosecuti
1232 2931 1297 2982 sint.

755 3000 896 3053 Eiehweld
915 2999 934 3050 l.
946 2999 966 3052 l.
979 3017 1041 3067 pag.
1054 3002 1106 3052 272
1119 3000 1152 3051 de
1166 3000 1300 3066 serpenti-

756 3071 807 3122 bus
822 3070 888 3122 terri
903 3070 991 3121 sdhuc
1003 3070 1111 3122 febnlos
1124 3069 1196 3135 opud
1208 3072 1298 3132 Tyree

756 3141 832 3191 fluvii
859 3140 966 3192 necolee
989 3142 1096 3192 usserit.
1133 3139 1204 3190 Mihi
1225 3139 1299 3190 houd

755 3225 845 3276 pauco
864 3211 898 3261 de
922 3210 1050 3274 locustis,
1075 3224 1145 3276 quee
1167 3210 1299 3262 immense

756 3279 929 3331 multitudiue
941 3281 1163 3346 supervenientes
1175 3279 1299 3331 meridio-

756 3349 833 3401 nales
851 3351 970 3402 Russioe
987 3351 1112 3416 regiones
1130 3350 1218 3401 Ponto
1238 3365 1299 3415 pro·

161 3434 244 3486 posse
265 3418 407 3470 contendit
427 3419 485 3483 Ley
506 3420 536 3467 in
554 3417 647 3482 script.
672 3416 705 3466 de
757 3422 844 3470 ximus
857 3423 897 3471 ite
911 3425 1038 3484 vertunt,
1056 3418 1175 3471 utnulla
1192 3419 1298 3484 plenta,

161 3491 279 3556 Aegypt.
299 3488 350 3541 int.
368 3493 397 3540 et
415 3487 518 3539 condit.
538 3485 589 3537 sub
608 3487 703 3551 imper.
756 3489 833 3541 nullu
851 3489 935 3541 herbe
956 3491 985 3540 in
1008 3488 1066 3541 eolo
1083 3485 1242 3551 remanent,'
1263 3489 1299 3539 le·

164 3561 257 3611 Perus.
269 3574 296 3624 p.
309 3560 352 3609 71.
475 3614 482 3636 ,
756 3560 834 3626 genti
856 3560 883 3609 in
908 3559 1090 3611 recentiorum
1114 3561 1300 3624 peregrinato-

200 3623 333 3748 uotritufe
346 3654 382 3666 —
394 3617 450 3676 ὑπὸ
467 3621 571 3689 oeteo]
590 3623 632 3673 Ad
646 3639 706 3676 ver·
756 3645 815 3679 rum
835 3629 998 3691 itinersriie,
1019 3626 1167 3694 aliquunde
1183 3628 1212 3677 in
1226 3642 1299 3677 men-

165 3700 229 3749 tum
241 3713 292 3747 κατ
307 3694 373 3764 iude
386 3697 459 3747 coni.
472 3699 541 3747 nott.
556 3693 591 3744 od
604 3693 648 3754 11,
661 3693 705 3743 06.
756 3703 812 3748 tern
829 3698 920 3760 venit,
937 3707 1080 3763 serpentes,
1101 3696 1198 3762 quibus
1213 3697 1299 3746 Neuri

164 3768 217 3832 111,
230 3769 274 3820 tt.
287 3795 319 3804 -
333 3759 385 3832 τὴν
395 3758 600 3831 χώρηνποῖσαυ,
615 3780 707 3815 omnem
757 3767 839 3819 eiecti
855 3767 970 3830 fuerint,
987 3771 1098 3819 locuntur
1113 3766 1210 3826 fuisse,
1229 3779 1299 3830 qnee

165 3847 275 3896 terrm,
289 3837 357 3889 1111111
369 3851 441 3899 011111,
455 3848 537 3901 (11111111
553 3837 707 3892 tenuerant,
756 3852 818 3888 eum
835 3852 928 3888 omncs
945 3840 1035 3887 terreo
1047 3835 1140 3900 fruges
1156 3834 1198 3883 itu
1212 3849 1299 3884 come·

164 3914 313 3972 antequem
327 3907 361 3958 iis
376 3906 404 3956 iu
417 3904 587 3972 regionibus,
606 3904 635 3953 in
648 3903 706 3968 qni·
757 3907 860 3969 derint,
875 3911 907 3956 ut
917 3904 985 3955 nihii
998 3919 1109 3971 prorsus
1122 3902 1245 3955 relictum
1258 3918 1300 3955 es·
1357 3953 1364 3966 ,

162 3977 213 4028 bus
225 3992 271 4028 eos
281 3975 438 4028 Herodotus
448 3975 539 4038 norit,
554 3974 632 4025 sedes
645 3972 707 4023 fixe·
758 3983 815 4041 set,
833 3981 943 4043 gentem
953 3975 1030 4027 victu
1042 3974 1197 4026 necessario
1210 3973 1300 4039 priva.

163 4052 234 4098 11111-
245 4046 369 4109 (01101110
381 4041 706 4111 ³⁸¹90112ffl2q115b1181000
757 4052 814 4096 tem
828 4045 981 4112 coigerint‚
998 4049 1031 4096 ut
1046 4045 1136 4110 pettit
1148 4045 1221 4095 terrt
1237 4043 1298 4095 reii-

163 4116 235 4182 pulsi
249 4116 368 4178 fuerint,
381 4116 496 4178 attinet,
509 4130 526 4164 u
537 4113 613 4164 runis
625 4111 709 4162 simili
759 4118 805 4167 eta
818 4114 873 4167 alio
883 4130 912 4166 se
924 4114 1075 4175 conferret,
1085 4114 1132 4165 ubi
1142 4115 1227 4164 vitam
1239 4128 1298 4164 sus·

163 4185 242 4238 modo
254 4185 379 4237 Abderee
392 4184 497 4236 incolus
507 4184 609 4235 eiectos
621 4182 706 4232 inisse
757 4189 865 4237 tentare
883 4188 987 4250 posset,
1005 4185 1096 4264 -uln
1119 4184 1239 4250 proxime
1258 4197 1299 4234 90.

163 4250 707 4317 suctorestIustiuusXV,t,eeuiicibus
757 4255 903 4323 quentibus
923 4254 1141 4317 retinuimus,
1164 4251 1300 4304 Bredovio

164 4325 269 4378 incoles
295 4325 418 4390 Myuntis
445 4328 564 4376 testetur
584 4316 706 4373 Peireen.
758 4329 885 4376 monente
902 4340 929 4388 p.
942 4323 991 4375 eet
1011 4324 1168 4374 mutandum
1183 4311 1297 4405 ίυόιρις.

163 4396 227 4460 VII,
242 4397 267 4447 2.
281 4399 305 4460 ξ.
316 4397 342 4445 7.
370 4397 444 4458 Quos
458 4397 598 4458 serpentes
610 4394 708 4443 contre
757 4394 812 4445 Sed
825 4394 861 4446 ci.
874 4394 922 4455 lv,
932 4393 966 4445 08
976 4393 1068 4460 ibique
1079 4397 1148 4445 nott.
1171 4394 1225 4442 Pro
1236 4385 1298 4441 ανί-

165 4466 297 4519 disertum
306 4465 441 4518 Herodoti
452 4463 648 4526 testimonium,
659 4460 707 4527 qui
757 4478 843 4528 φαινι
855 4461 958 4518 Mehler
967 4463 996 4512 in
1007 4464 1175 4530 Mnemosyn.
1185 4463 1219 4514 V.
1230 4462 1298 4529 p.75
