3042 5125
280 381 343 445 270
714 381 981 444 HERODOTI

280 581 438 644 ἐκτεινον.
466 574 523 642 καὶ
544 563 638 642 οὗτοι
657 575 720 663 μὲν
741 580 846 643 ταῦτα
866 578 1019 658 ἐποίευν,
1044 569 1064 663 ἡ
1087 573 1124 642 δέ
1144 571 1227 663 ἄλλη
1241 573 1402 665 στρατιηὴ

279 675 429 766 Περσικὴ
450 677 649 768 ἐπεβοήθεε·
679 677 865 767 πιεζόμενοι
886 679 922 748 δὲ
943 683 979 747 oi
990 682 1161 766 ἐπίκουροι
1179 675 1285 749 ὀπίσω
1306 707 1401 749 unter-

214 795 273 857 147
282 780 436 870 λήθησαν
449 784 482 861 ἐς
495 779 557 871 τὴν
569 777 759 872 ἀκρόπολιν.
808 779 943 870 Ὀτάνης
956 782 993 851 δὲ
1011 776 1029 850 ὁ
1043 781 1241 870 στρατηγὸς,
1255 781 1335 853 ἰσων
1349 784 1401 852 τά·

279 895 341 964 θος
356 889 440 974 μέγα
452 888 586 974 Πέρσας
599 886 811 965 πεπονθότας
828 885 962 966 ἐντολάς
983 914 1034 970 τε,
1055 883 1113 966 τὰς
1126 885 1271 976 Δαρεῖός
1290 893 1323 956 οἱ
1331 883 1400 956 dsc-

278 992 425 1058 στέλλων
446 993 649 1076 ἐνετίλλετο,
669 990 751 1080 μήτε
774 998 919 1060 κτείνειν
936 993 1065 1078 μηθένα
1077 998 1236 1078 Σαμίων,
1256 991 1333 1080 μήτε
1351 988 1400 1060 ἇν-

224 1121 230 1133 ·
280 1099 558 1182 δραποθίζεσθαι,
580 1090 714 1164 ἄπαθέα
734 1122 770 1163 τε
783 1098 897 1163 κακῶν
911 1090 1098 1163 ἀποδοῦναι
1114 1092 1176 1182 τὴν
1188 1099 1293 1184 νῆσον
1305 1103 1400 1163 Συλο·

280 1201 399 1284 σῶντι,
426 1200 573 1266 τουτέων
592 1199 653 1285 μὲν
672 1202 740 1266 τοῖν
758 1200 920 1267 ἐντολέων
933 1200 1140 1287 μεμνημένος
1153 1198 1402 1269 ἐπελανθάνετο·

278 1296 350 1370 ὁδὶ
363 1299 563 1388 παρήγγειλε
583 1305 625 1389 τῇ
638 1306 791 1389 στρατιῇ,
815 1299 923 1371 πάντα
937 1300 996 1371 τόν
1014 1297 1058 1372 ἂν
1076 1300 1222 1390 λα’βωσι,
1241 1306 1296 1372 καὶ
1308 1300 1402 1390 ἄνδρα

279 1405 336 1474 καὶ
356 1408 477 1490 παῖδα,
502 1399 622 1493 ὁμοίως
639 1413 793 1475 κτείνειν.
829 1410 979 1475 ἐνθαῦτα
995 1410 1052 1495 τῆς
1064 1410 1220 1495 στρατιῆς
1235 1412 1270 1476 oi
1280 1406 1338 1497 μὲν
1351 1403 1402 1494 τὴν

279 1505 461 1594 ἀκρόπολιν
485 1507 715 1597 ἐπολιόρκεον,
742 1513 778 1577 οἱ
800 1509 837 1578 δὲ
864 1517 1013 1579 ἔκτεινον
1039 1508 1148 1579 πάντα
1173 1508 1234 1579 τόν
1263 1508 1401 1600 ἐμποδίου
1477 1533 1478 1572 l

214 1627 272 1690 148
282 1610 460 1700 γινόμενον
473 1605 594 1700 ὁμοίως
609 1620 647 1683 ἐν
660 1640 695 1682 τε
712 1616 774 1705 1ρῷ
788 1614 843 1682 καὶ
857 1619 918 1697 ἔξω
932 1619 1015 1701 ἐροῦ.
1056 1613 1272 1704 Μαιάνδριος
1286 1611 1318 1684 θ’
1331 1610 1399 1683 iso

279 1805 825 1878 φορείοιςφορουμένους,ο1(11οεοιιεοι-

279 1888 386 1949 pouuut
400 1882 537 1945 Herodd.,
559 1883 752 1934 accedentibus
771 1884 825 1933 He·

280 1953 389 2018 isychio,
408 1953 494 2003 Suida
507 1957 535 2004 et
545 1953 700 2019 Etymolog.
720 1969 745 2018 p.
760 1953 822 2002 279.

280 2024 347 2074 Cum
358 2039 423 2074 vero
432 2024 534 2074 Persae
543 2023 740 2086 consedissent,
752 2023 824 2088 quod

280 2095 350 2143 satis
363 2096 516 2144 monstrant
532 2092 617 2143 rerba
633 2108 694 2157 cap.
713 2094 762 2143 144
777 2093 824 2142 fin.

875 1824 901 1867 to
924 1833 938 1866 e
958 1818 1056 1880 portati
1076 1817 1118 1866 nei
1135 1818 1239 1881 sappi.“
1274 1815 1399 1866 Passirsu

876 1886 946 1935 enim
971 1885 1048 1937 uerbi
1071 1886 1211 1936 notionem
1238 1884 1283 1936 ille
1304 1884 1400 1934 retineri

874 1953 934 2006 vult
946 1954 1071 2021 idemque
1084 1954 1117 2005 de
1128 1955 1223 2006 Persis
1240 1954 1401 2005 nobilioribus

874 2029 958 2089 atque
978 2024 1173 2091 insignioribus
1200 2024 1246 2075 bic
1269 2025 1344 2076 uuice
1365 2023 1400 2087 agi

873 2095 960 2147 addit.
998 2095 1040 2144 Ad
1065 2094 1149 2145 verba
1177 2088 1261 2158 λόγου
1289 2091 1401 2143 πλείστου

280 2153 418 2229 (θρόνους
431 2157 558 2227 θέμενοι)
577 2167 604 2211 et
623 2165 671 2214 ll'o
687 2156 822 2226 (εἰρηναί-

278 2248 318 2290 ως
331 2225 524 2296 κατημένους),
535 2233 619 2282 uerbo
632 2230 822 2295 διφροφορευ-

279 2297 380 2366 μένους
395 2300 461 2350 nihil
477 2301 553 2351 aliud
567 2301 620 2349 uisi
632 2301 732 2351 Persas
751 2305 821 2352 sellis

278 2372 414 2421 inridentes
425 2370 560 2420 declarari
573 2369 743 2420 crediderim.
763 2371 787 2419 N
790 2386 821 2420 ec

279 2441 361 2490 aliter
379 2439 468 2490 Kubn.
487 2438 522 2489 ad
541 2438 647 2492 Aeliae.
668 2441 701 2490 l'.
721 2440 820 2504 H.1v‚

282 2511 334 2573 22,
365 2509 411 2559 ubi
437 2512 577 2573 narratur,
604 2513 712 2560 veteres
737 2508 820 2559 Athe·

280 2582 403 2642 nieuses,
427 2595 589 2646 quoeunque
610 2581 698 2643 irent,
726 2595 818 2631 secum

280 2650 408 2702 habuisse
436 2665 535 2715 pueros
561 2650 742 2716 pedissequos
770 2650 821 2700 sel·

279 2719 320 2771 las
337 2718 474 2786 plicatiles
492 2724 648 2785 gestantes,
666 2736 701 2772 ue
717 2725 818 2771 temere

279 2791 375 2857 quovis
395 2790 425 2840 iu
447 2790 507 2840 loce
535 2790 630 2841 sedere
647 2797 818 2856 cogerentur.

278 2861 357 2923 Quod
367 2861 438 2910 idem
449 2864 568 2912 testatur
580 2859 740 2912 Heraclides
750 2862 820 2910 Pou-

277 2932 350 2981 ticus
365 2929 438 2995 apud
461 2928 560 2981 Athen.
574 2930 639 2980 XII.
655 2946 681 2995 p.
702 2932 753 2982 512
775 2928 819 2994 (Τ.

279 3001 326 3051 lV.
341 3016 367 3065 p.
380 3000 432 3050 402
442 2998 616 3063 Schneigb.),
628 2999 674 3049 ubi
687 3000 767 3066 plura
779 3003 821 3048 at·

279 3069 343 3119 tulit
363 3069 465 3119 Rculea
491 3068 536 3132 (de
554 3069 694 3119 Heraclid.
711 3070 819 3120 Pontio.

872 2155 970 2221 ἐόντας
993 2164 1066 2215 cous.
1091 2166 1119 2227 1,
1146 2165 1213 2224 1203
1238 2164 1273 2214 ad
1291 2160 1400 2225 νατειλη·

872 2232 970 2297 θησαν
992 2235 1027 2287 ef.
1046 2235 1103 2294 111,
1126 2233 1170 2293 133
1196 2234 1233 2284 ad
1258 2227 1288 2283 οί
1303 2227 1400 2283 tuisne

872 2316 916 2367 ροι
936 2303 974 2354 el.
988 2304 1046 2366 111,
1065 2305 1082 2353 4
1104 2302 1198 2367 ibique
1214 2308 1284 2354 uott.
1303 2303 1330 2367 Ι,
1351 2301 1399 2351 110.

870 2374 924 2423 Ρτο
940 2367 1112 2438 πιεζεύμενοι
1131 2371 1318 2426 erlorentino
1335 2386 1399 2423 rere

871 2444 932 2493 caui
950 2436 1120 2507 πιεζόμενοι,
1140 2442 1174 2493 de
1199 2459 1253 2509 quo
1269 2445 1321 2494 vid.
1339 2447 1397 2492 nott.

870 2513 1029 2577 sd1,14·2.

1036 2720 1102 2771 Car.
1124 2718 1259 2771 CXLVII.

905 2844 1019 2914 ἐντολάς
1033 2872 1076 2921 τε,
1094 2849 1155 2923 τὰς]
1180 2860 1224 2909 Ad
1240 2858 1307 2910 baec
1325 2856 1399 2921 respi-

869 2926 959 2989 ciunt,
972 2942 1043 2992 quae
1054 2927 1125 2977 infra
1137 2928 1278 2994 legrmtur:
1295 2925 1398 2976 τουτέων

869 2990 922 3061 μὲν
932 2995 986 3047 τῶν
999 2989 1131 3047 ἐντολέων
1142 2994 1328 3063 μεμνημένος,
1346 2995 1398 3047 reli·

869 3071 915 3117 cta
925 3080 1035 3147 prorsus
1046 3072 1186 3118 structura
1201 3070 1325 3133 iucepta,
1338 3078 1398 3132 quse

279 3154 306 3204 p.
318 3140 352 3190 62
366 3138 445 3203 seq.),
459 3137 488 3186 id
502 3153 609 3203 quoque
623 3154 748 3202 mouens,
770 3139 819 3193 has
871 3137 906 3187 ad
919 3139 1033 3195 εντολας
1044 3152 1072 3187 τε
1085 3139 1168 3203 (quae
1178 3139 1238 3204 ipse
1252 3136 1397 3189 anteceden-

278 3206 360 3258 sellas
371 3207 576 3258 Atheniensium
592 3207 707 3260 humiles
726 3225 758 3259 ac
771 3208 820 3274 pli·
870 3207 942 3259 tibus
959 3200 1029 3256 ίδων
1048 3234 1082 3243 -
1097 3203 1211 3272 Πέρσας
1229 3200 1397 3260 πεπονθότας

279 3277 375 3327 catiles
385 3276 470 3327 inisse
481 3290 531 3341 pro
541 3280 663 3342 tempore
671 3280 751 3329 ruodo
763 3285 821 3329 teu·
870 3282 945 3328 arcte
957 3276 1054 3328 addita
1071 3277 1159 3329 voluit
1170 3277 1283 3341 Noster)
1300 3276 1396 3327 verbum

279 3362 326 3397 sss
339 3346 420 3396 modo
437 3344 584 3397 relaxatas.
605 3347 674 3396 Add.
688 3346 818 3399 Creuzer:
870 3351 964 3412 aptum
979 3347 1147 3412 requirebat:
1166 3363 1220 3413 quo
1239 3348 1335 3399 omisso
1345 3359 1395 3410 pre

277 3417 332 3466 Eiu
352 3415 537 3466 alt-attisches
556 3415 655 3467 (lessies
678 3422 730 3468 etc.
754 3434 818 3485 pag.
869 3423 930 3482 pter
950 3416 1029 3482 plura
1059 3417 1115 3468 alia
1142 3417 1287 3470 interiecta
1310 3418 1395 3466 Noster

278 3487 320 3536 37.
335 3484 378 3536 13.
395 3484 478 3535 Aede
490 3484 644 3536 huiusmodi
655 3486 738 3551 sellis,
749 3503 819 3553 quas
868 3488 960 3554 priora
973 3486 1061 3538 denuo
1076 3491 1202 3552 repetens
1219 3486 1328 3552 scripsit
1343 3497 1394 3531 ron·

277 3556 379 3606 Persae
389 3555 418 3604 iu
432 3554 509 3604 illum
526 3554 613 3606 locum
629 3556 720 3607 afferri
734 3561 820 3609 iusse-
868 3551 938 3606 τέων
953 3550 992 3621 μέ
1001 3572 1018 3606 ν
1029 3555 1084 3606 τεόν
1096 3551 1229 3607 ἐντολέων
1237 3547 1394 3623 μεμνημένον

278 3630 340 3675 rant
360 3625 434 3691 (cap.
447 3624 528 3689 144),
548 3624 621 3677 haud
641 3628 698 3677 scie
716 3642 753 3678 an
766 3628 817 3679 hoc
869 3618 1094 3693 ἐπελανθάνετο,
1115 3627 1144 3677 iu
1165 3627 1250 3677 aliam
1274 3631 1394 3689 transgre-

278 3710 384 3761 quoque
405 3694 465 3746 loco
482 3695 658 3760 cogitandum
675 3698 721 3747 sit.
741 3697 818 3748 Adde
869 3697 945 3746 diens
963 3700 1144 3760 structuram,
1169 3698 1198 3746 iu
1223 3711 1277 3762 qua
1292 3688 1344 3771 μὲνε
1355 3707 1393 3771 pc:

277 3764 460 3827 Lareherum,
478 3767 522 3815 cui
541 3765 670 3831 displicet
687 3766 754 3817 baec
767 3767 818 3817 Co·
867 3767 922 3817 suit
940 3767 1090 3831 respiciens
1107 3768 1141 3818 ad
1159 3766 1315 3832 sequeutia:
1334 3777 1348 3811 ο
1363 3760 1392 3809 λε

277 3837 333 3886 rais
344 3836 547 3900 interpretatio:
562 3851 650 3899 „ceux
660 3836 765 3887 d'eutre
777 3835 816 3887 les
867 3850 893 3886 ιι.
906 3851 929 3885 τ.
948 3835 986 3899 t,
1004 3837 1038 3887 de
1059 3852 1113 3902 quo
1125 3852 1177 3887 usu
1189 3836 1226 3887 ci.
1246 3838 1313 3886 uolt
1331 3831 1362 3881 ad
1374 3829 1391 3888 Ι.

275 3904 386 3967 Perses,
398 3906 446 3970 qui
456 3904 561 3955 dtcieut
572 3905 610 3957 les
620 3905 681 3971 plus
693 3905 817 3961 conside·
868 3906 926 3957 133.
940 3905 1039 3955 Maluit
1051 3906 1152 3956 Herold
1171 3906 1333 3970 (Emendatt.
1346 3900 1392 3976 He-

276 3973 334 4037 res,
355 3982 383 4025 et
401 3976 448 4040 qui
465 3990 494 4026 se
512 3974 644 4026 faisoieut
660 3975 752 4028 suivre
766 3991 816 4040 par
865 3973 965 4025 rodolt.
978 3975 1008 4024 P.
1021 3975 1059 4026 11.
1072 3992 1100 4040 p.
1114 3975 1233 4041 ilseqq.)
1246 3972 1325 4024 scribi
1337 3982 1392 4017 τνν

277 4041 324 4094 des
343 4043 465 4094 esclaves
484 4049 609 4110 porteurs
626 4046 660 4095 de
676 4045 815 4097 chaises.“
865 4037 928 4109 μὲν
948 4035 1132 4111 ἐντολέων,
1159 4060 1211 4110 quo
1234 4058 1298 4095 saue
1316 4037 1392 4091 curuis

275 4113 344 4162 Nam
357 4108 584 4178 διφροφορέομαι
595 4113 641 4164 illa
654 4116 817 4180 interprete·
864 4118 1020 4164 structurae
1029 4113 1176 4165 difficultas
1188 4113 1301 4175 tollitur,
1312 4122 1390 4176 qnam·
1403 4132 1405 4139 ¹

275 4186 332 4230 tur:
348 4185 381 4245 je
390 4200 427 4233 me
436 4182 491 4245 sois
500 4192 590 4246 portes
600 4200 648 4233 une
659 4185 758 4242 cluise,
771 4185 814 4236 vel
865 4199 946 4249 quam
959 4183 1027 4233 illud
1036 4184 1126 4249 ipsum
1143 4182 1198 4233 τῶν
1214 4175 1341 4232 ἐντολέων
1355 4192 1390 4226 re·

275 4252 378 4315 potius:
383 4255 416 4315 J'e
426 4268 463 4300 ure
471 4252 526 4312 fais
536 4256 620 4301 seriore
625 4269 678 4316 pur
690 4270 721 4302 uu
734 4258 814 4304 eselc-
864 4254 980 4318 petitum
996 4252 1186 4306 difficultatem
1203 4252 1317 4304 exhibet.
1342 4248 1390 4297 Ita·

274 4338 304 4370 ue
316 4324 359 4385 qui
366 4321 429 4384 pbri
438 4336 486 4369 une
497 4321 595 4379 ολοίτα,
607 4337 676 4384 pour
684 4324 747 4372 πίον
758 4339 815 4375 ser·
864 4338 917 4388 que
929 4325 1017 4374 satius
1038 4323 1103 4374 duxi
1122 4323 1262 4390 vulgatam
1277 4321 1388 4371 retinere·

274 4392 313 4439 nir
331 4392 395 4439 dans
413 4393 437 4438 le
454 4389 548 4440 beroia.
578 4389 665 4440 Italus
679 4392 814 4455 interpres
863 4394 886 4442 E
909 4392 988 4443 libris
1006 4394 1117 4459 scriptis
1141 4393 1336 4444 nibiluotatum
1354 4400 1387 4434 κ’

274 4458 301 4511 h.
313 4459 331 4509 l.
346 4460 386 4509 sic
395 4458 491 4508 vertit:
503 4460 569 4518 „olle
577 4475 655 4510 εταοο
666 4462 743 4513 d'nlto
753 4478 813 4513 con·
861 4463 946 4527 perio.
