3042 5125
575 294 603 351 Τ
611 294 780 359 HALIA.
804 300 862 360 ΠΙ.
883 311 927 364 68.
1266 309 1325 372 135

181 477 299 548 ἐκάλεε
314 482 348 560 ές
361 476 442 562 ὄψιν
454 482 569 574 ἑωυτῷ
581 480 704 556 οὐδένα
719 493 787 557 τῶν
802 499 950 580 λογίμων
960 499 1129 583 Περσέων.
1156 493 1321 571 ὑποπτεύ-

180 606 243 663 σας
267 585 308 652 δέ
322 612 381 673 μιν
402 587 511 655 ἐποίεε
531 585 618 656 τάδε.
655 587 750 679 Ἔσχε
775 589 881 665 αὐτοῦ
902 592 1117 688 δΚαμβύσης
1139 609 1320 692 θυγατέρα,

180 714 221 775 τη
237 684 368 777 οὕνομα
390 678 613 779 ἦνΦαιδίμη·
644 691 705 782 τὴν
719 691 826 785 αὐτὴν
850 695 891 787 δη
904 698 1030 789 ταύτην
1050 702 1116 791 εἶχε
1133 702 1206 786 τότε
1226 703 1318 797 ὁμά-

179 818 256 878 poe,
278 794 334 860 καλ
358 790 462 882 ταύτῃ
482 821 517 863 τε
539 804 691 868 συνοίκεε
713 801 769 869 καὶ
784 806 859 889 τῇσι
880 800 999 893 άλλησι
1020 805 1145 896 πάσησι
1166 813 1242 898 τῇσι
1261 818 1321 881 τοῦ

178 894 372 984 Καμβύσεω
386 901 527 984 γυναιξί.
559 902 700 989 πέμπων
714 901 756 992 δὴ
771 894 850 974 nivi
869 903 1002 996 Ὀτάνης
1016 909 1105 1000 παρά
1120 911 1245 1001 ταύτην
1259 914 1320 1004 τὴν

176 1001 352 1090 θυγατέρα
374 1001 601 1088 ἐπυνθάνετο,
625 1003 708 1095 παρ’
727 1004 812 1101 ὅτεῳ
832 1006 1025 1099 άνθριύπων
1046 1018 1205 1107 κοιμῷτο,
1234 1028 1268 1086 εί
1284 1047 1318 1089 τε

175 1101 260 1192 μετά
273 1106 441 1193 Σμέρδιος
458 1110 519 1175 τοῦ
532 1107 666 1196 Κύρου,
684 1120 718 1179 εί
726 1139 760 1180 τε
774 1111 856 1201 μετά
873 1112 976 1185 άλλου
991 1145 1057 1186 τευ.
1092 1114 1113 1207 ἡ
1128 1121 1168 1189 δέ
1177 1125 1213 1189 οί
1221 1117 1315 1192 άντέ-

176 1233 305 1296 πεμπε,
325 1212 458 1298 φαμένη
480 1206 521 1280 ού
540 1210 735 1299 γινώσκειν·
763 1212 840 1286 οὔτε
865 1215 928 1306 γάρ
950 1217 1008 1289 τὸν
1027 1220 1145 1309 Κύρου
1165 1226 1317 1314 Σμέρδιν

175 1313 313 1381 ἰδέσθαι
343 1308 490 1402 ούδαμά,
521 1312 597 1384 οὔτε
628 1313 718 1398 ὅστις
745 1329 797 1408 είη
819 1318 837 1390 ὁ
859 1326 1043 1393 συνοικέων
1070 1321 1157 1415 αὐτῇ
1180 1330 1314 1397 εἰδέναι.

173 1422 303 1504 ἔπεμπε
324 1414 464 1507 δεύτερα
485 1413 503 1487 ὁ
523 1415 658 1509 Ὀτάνης
683 1424 809 1509 λέγων·
848 1433 893 1495 El
915 1425 960 1516 μὴ
982 1425 1066 1517 αύτὴ
1084 1432 1235 1517 Σμέρδιν
1255 1430 1315 1501 τὸν

174 1518 296 1608 Κύρου
315 1519 506 1609 γινώσκεις,
535 1521 578 1592 σύ
601 1524 636 1593 δέ
655 1523 746 1612 παρά
770 1523 923 1617 Ἀτόσσης
944 1532 1073 1612 πύθευ,
1102 1529 1187 1624 ὅτεῳ
1205 1533 1313 1628 τούτῳ

174 1713 363 1804 δίεμνύνεια,ἢ
388 1724 467 1786 Quae
488 1725 582 1804 pedem
601 1732 666 1801 suqt
685 1718 720 1776 τά
771 1730 847 1794 regni
872 1731 1024 1783 Persarum.
1061 1730 1313 1800 Recklingslrausen

173 1788 308 1857 βασιληία
332 1809 366 1842 τα
393 1793 544 1858 Μεμνονια
564 1795 719 1860 καλεομενα
773 1799 849 1851 1847.
868 1801 893 1848 4.

170 1861 248 1927 apud
265 1863 436 1915 Herodotum
453 1864 493 1927 V,
510 1864 553 1918 53.
576 1865 644 1929 VII,
660 1867 717 1919 151.
805 1867 839 1935 τῇ
858 1856 967 1931 ούνομα
985 1855 1020 1933 ἦν
1035 1866 1170 1935 Φαιδίμη]
1187 1869 1312 1939 Φαιδίμη

169 1931 250 1983 Infra
263 1933 322 1995 111,
337 1933 372 1985 70
383 1925 417 1983 τά
430 1925 561 2000 βασιληία
573 1942 719 1986 occurrunt
770 1953 830 1988 cum
842 1936 992 2003 Schweigb.
1011 1943 1038 1989 et
1053 1938 1140 1990 Gaisl.
1157 1945 1185 1990 et
1203 1940 1230 1990 h.
1248 1941 1266 1991 l.
1285 1949 1312 1993 et

170 2003 200 2052 in
210 2003 358 2055 Persarum
374 2005 563 2056 coniuratione
576 2010 603 2055 et
615 2006 717 2068 111,Ἱο
769 2007 821 2070 ΙΙΙ,
834 2007 869 2058 00
880 2007 986 2071 scripsi.
1010 2007 1136 2058 Receutt.
1149 2009 1208 2060 edd.
1219 2010 1312 2075 vulga-

170 2073 268 2124 eadem
285 2074 313 2123 in
331 2089 361 2124 re
378 2064 716 2140 memoraturoispdrrotse.
769 2081 826 2128 tam
842 2066 973 2140 Φαιδύμη
992 2083 1165 2128 revocarunt.
1199 2078 1311 2145 Aliquot

170 2143 235 2202 „De
253 2142 331 2195 Susis
351 2144 462 2195 consule
479 2143 584 2195 Hoeclr.
608 2145 638 2195 in
654 2148 716 2197 Vet.
767 2146 830 2196 libri
847 2151 961 2212 utroque
977 2143 1037 2196 loco
1057 2144 1202 2212 Φαιδιμίη.
1232 2149 1310 2211 Quod

170 2212 282 2263 Mediae
299 2219 328 2263 et
341 2215 416 2265 Pers.
434 2215 581 2265 Monumm.
597 2231 657 2281 pag.
672 2216 716 2276 00,
767 2216 892 2281 equidem
915 2214 991 2278 dedi,
1024 2215 1152 2280 probavit
1173 2217 1309 2270 Letronnc

168 2287 199 2334 et
214 2297 285 2347 quae
295 2283 374 2349 plura
384 2284 510 2349 leguntur
520 2286 547 2335 in
557 2284 676 2351 Symbol.
688 2289 716 2336 et
767 2286 858 2346 (Mem.
879 2284 913 2335 de
930 2283 1034 2336 l'Acad.
1053 2284 1101 2336 des
1114 2286 1254 2353 Inscripti.
1275 2291 1307 2339 T.

72 2401 75 2406 ,
167 2352 322 2418 Mytholog.
340 2354 363 2405 1.
377 2371 404 2419 p.
419 2353 470 2405 450
483 2371 558 2420 seqq.
572 2371 598 2420 p.
609 2354 657 2405 401
672 2356 715 2407 ed.
766 2355 839 2405 XIX.
858 2354 889 2405 Ρ.
906 2354 930 2403 1.
953 2369 979 2419 p.
1002 2355 1051 2405 110
1067 2371 1143 2421 seqq.
1166 2358 1224 2410 121.
1246 2358 1309 2410 coll.

168 2421 245 2473 alt.“
273 2424 321 2474 Gr.
356 2425 436 2476 Nunc
456 2441 519 2475 vcro
533 2425 590 2475 alia
604 2440 714 2488 prorsus
765 2424 857 2474 Rerue
870 2421 1029 2490 Archeiolog.
1041 2425 1090 2475 IV.
1105 2443 1131 2491 p.
1143 2427 1195 2478 407
1208 2429 1307 2495 ποσσὶ),

167 2507 222 2544 nos
244 2492 326 2545 docet
353 2494 495 2558 inscriptio
513 2496 663 2557 Bisutuna‚
685 2495 714 2543 in
765 2508 825 2543 cum
852 2489 976 2557 Φαιδίμη
1009 2494 1103 2545 redeat
1131 2496 1166 2545 ad
1195 2498 1308 2565 stirpem

167 2578 225 2629 qua
242 2561 308 2625 (col.
325 2562 348 2612 l.
366 2568 391 2628 ς.
408 2562 452 2629 13)
470 2566 572 2616 Darius
595 2566 654 2630 ipse
675 2564 713 2614 lo·
765 2552 854 2626 φάος,
871 2562 942 2612 unde
958 2560 1103 2627 φαίδιμος,
1123 2569 1236 2619 illusa-2⁶3.
1266 2568 1307 2619 Ae

167 2649 232 2684 cnm
243 2632 359 2693 indicat,
372 2650 426 2700 quo
439 2633 558 2687 fidelium
569 2636 712 2685 Persarum
764 2648 798 2683 ne
817 2633 923 2682 mireris
935 2631 1068 2683 Graecum
1087 2634 1143 2684 fere
1164 2651 1262 2687 nomen
1278 2638 1307 2688 in

168 2719 255 2769 opera
285 2704 396 2756 adiutus
424 2721 531 2771 magum
562 2704 713 2755 interiecit:
763 2702 908 2752 Persarum
921 2701 1014 2764 rebus,
1029 2701 1108 2767 plura
1120 2703 1307 2757 huiuscemodi

166 2775 342 2837 Summae
354 2774 455 2826 dicitur
465 2773 607 2827 castellnm
619 2773 648 2822 in
657 2774 713 2822 Me-

165 2844 232 2896 diae
249 2848 323 2894 terra
338 2846 447 2897 Nisaea.
479 2846 520 2895 De
532 2843 634 2893 Nisaea
645 2843 714 2893 satis

164 2918 296 2973 constat3
317 2915 372 2967 vid.
385 2915 517 2965 Herodot.
535 2913 601 2974 VII,
616 2911 651 2962 40
663 2912 712 2962 ibi-

166 3000 221 3049 que
235 2988 307 3034 nott.
319 2984 464 3035 Castellum
484 2998 505 3035 s.
521 2997 570 3031 arx
584 2981 713 3032 Sikthau·

165 3055 255 3115 vatis,
274 3069 355 3119 quam
367 3044 522 3116 άκρόπολιν
533 3050 586 3102 boc
598 3050 658 3102 loco
671 3049 711 3101 di·

166 3124 208 3175 cit
223 3123 397 3185 Herodotus,
414 3122 493 3172 nobis
509 3120 619 3172 aliunde
636 3120 710 3171 haud

165 3194 290 3260 cognita.
326 3194 359 3244 In
376 3192 493 3242 Mediam
511 3195 618 3253 autem,
638 3205 709 3256 qnae

165 3279 308 3331 magorum
318 3264 396 3317 sedes
408 3268 467 3313 crat
479 3262 580 3326 patria,
590 3275 708 3326 magum,

164 3333 215 3399 qni
230 3349 344 3399 regnum
358 3335 552 3396 occupaverat,
570 3345 600 3380 se
612 3335 709 3381 contu-

164 3405 233 3457 lissc
247 3403 343 3468 utique
356 3405 568 3452 consentaneum
582 3405 632 3453 est.
653 3399 709 3480 QSu·

164 3474 220 3537 sis,
233 3488 315 3538 qnam
328 3472 419 3522 urbem
429 3487 446 3520 a
456 3471 527 3535 Cyro
540 3462 634 3536 τὸτῆς
646 3484 708 3535 pys-

164 3541 268 3608 μονίας
287 3538 427 3606 βασίλειον
445 3541 623 3592 constitutam
648 3555 709 3592 esse

163 3612 245 3664 modo
258 3610 375 3661 vidimus
387 3626 520 3676 quamque
529 3611 613 3661 etiam
626 3625 642 3659 a
653 3610 709 3661 Me·

163 3683 210 3735 dia
220 3680 378 3746 longissime
391 3681 488 3733 abesse
498 3682 633 3741 novimus,
646 3696 709 3731 con-

161 3754 299 3804 venerunt
308 3751 452 3803 Persarum
463 3751 599 3816 principes
610 3766 642 3800 ac
652 3751 710 3800 Da-

164 3822 221 3874 rius
243 3820 387 3872 ePerside
410 3821 465 3872 buc
484 3821 622 3886 proiectus
644 3820 710 3883 (ΙΙΙ,

163 3890 225 3955 m):
245 3891 291 3957 qui
303 3891 492 3942 coniuratione
509 3891 580 3942 inita
594 3907 628 3941 ac
643 3889 709 3940 deli-

161 3962 307 4013 beratione
324 3961 420 4012 babita
437 3961 501 4013 iude
514 3961 567 4013 iter
581 3960 708 4011 institue-

162 4035 227 4083 runt
238 4031 274 4082 ad
285 4046 394 4098 magum
407 4031 582 4083 evertendum
596 4031 644 4097 (ci.
653 4030 706 4093 111,

165 4102 225 4166 ro),
245 4117 326 4167 quem
345 4102 373 4152 in
388 4101 496 4153 Mediae
510 4118 573 4153 arce
590 4115 707 4153 commo·

163 4175 270 4223 rentem
282 4171 463 4223 trucidarunt.
504 4171 583 4234 Quod
599 4173 633 4223 ad
647 4171 708 4235 ipsa

162 4246 230 4294 ,S’asa
242 4243 359 4306 attinet,
372 4242 427 4294 vid.
441 4246 510 4294 nott.
523 4242 557 4293 ad
569 4242 621 4307 111,
636 4240 670 4291 70
680 4245 708 4290 et

764 2772 875 2822 nomina
885 2769 989 2820 Graece
1001 2786 1113 2835 prorsus
1124 2776 1253 2825 sonantia
1264 2775 1307 2839 (ut

759 2829 928 2905 Ἀβροκόμης
936 2877 943 2899 ,
951 2829 1145 2906 Ὑπεράνθης,
1158 2832 1305 2908 Ζώπυρος)

764 2908 858 2961 attulit
875 2909 1028 2974 Latrones,
1054 2910 1099 2976 qui
1121 2912 1212 2963 omnia
1237 2912 1305 2965 haee

763 2980 874 3030 nomina
885 2979 957 3044 apud
968 2981 1067 3031 Persas
1080 2979 1163 3032 aliam
1176 2987 1262 3047 certe,
1276 2989 1306 3035 st

762 3049 876 3101 similem
900 3050 1099 3115 quodammodo
1119 3050 1235 3102 formam
1257 3053 1305 3104 ha-

759 3119 853 3171 buisse
866 3123 961 3185 putat,
973 3136 1053 3187 qnam
1067 3121 1166 3172 Graeci
1177 3123 1212 3173 ad
1227 3138 1305 3175 suam

760 3189 883 3255 lingnam
895 3205 928 3240 ac
940 3193 1194 3255 pronunciationem
1208 3196 1304 3259 utique

761 3259 948 3311 delicatiorem
968 3261 1135 3312 deflexerint.
1172 3264 1214 3313 Tu
1230 3264 1302 3315 conf.

760 3330 843 3380 etiam
855 3330 914 3393 111,
928 3330 962 3380 88
974 3330 1066 3395 ibique
1079 3335 1149 3383 nott.
1175 3333 1305 3385 Hammcr

757 3397 878 3475 pontulit
895 3415 993 3451 nomen
1010 3402 1112 3453 δολίων.
1127 3429 1163 3438 -
1180 3402 1212 3452 In
1226 3420 1301 3469 seqq.

759 3485 820 3520 oum
843 3468 995 3534 Schweigb.
1024 3474 1051 3519 ot
1077 3471 1163 3522 Gaisi.
1195 3473 1304 3538 reposui

759 3529 839 3603 παρὰ
850 3528 955 3618 ταύτην,
965 3530 1017 3621 την
1030 3534 1182 3606 θυγατέρα.
1199 3542 1303 3609 Vulga-

758 3616 815 3661 tam
830 3623 887 3673 παρ
915 3623 1023 3673 αοτην
1039 3600 1092 3675 τὴν
1108 3609 1174 3675 δον.
1190 3612 1303 3664 retinuit

757 3678 856 3730 Matth.

794 3739 828 3797 σέ·
847 3740 878 3797 dl
896 3739 973 3808 παρά
986 3736 1113 3811 Ἀτόσσης
1130 3736 1236 3813 adom]
1259 3749 1302 3800 De

757 3818 895 3884 particula
915 3809 951 3866 dl
971 3816 1008 3866 ci.
1022 3820 1093 3866 nott.
1106 3818 1141 3868 ad
1155 3816 1183 3879 1,
1206 3817 1257 3868 112
1275 3823 1302 3868 et

756 3889 872 3941 Werier.
886 3889 915 3937 iu
928 3887 1004 3938 Acte.
1022 3884 1125 3951 pbiloll.
1139 3886 1264 3937 Monaec.
1277 3888 1300 3937 Ι.

757 3958 833 4025 pes.
852 3959 894 4009 De
903 3958 1000 4010 Atosso
1012 3954 1048 4007 ci.
1060 3955 1112 4019 111,
1123 3954 1166 4008 31.
1175 3956 1218 4007 88.
1236 3957 1302 4007 Fuit

756 4030 828 4082 enim
841 4026 984 4093 cambysis
999 4040 1075 4077 soror
1087 4030 1115 4076 et
1128 4040 1205 4088 uxor,
1221 4042 1302 4093 mago

758 4099 857 4150 deinde
874 4102 902 4149 et
913 4101 971 4148 tum
987 4095 1040 4161 ipsi
1051 4096 1137 4147 Dario
1151 4096 1301 4163 Hystaspis

759 4175 854 4234 nupta,
868 4167 942 4233 apud
955 4182 1034 4232 quem
1046 4165 1190 4232 plurimum
1202 4167 1300 4227 valuit,

759 4244 791 4291 ut
811 4242 887 4305 patet
903 4253 936 4289 ex
954 4236 1014 4301 111,
1033 4235 1092 4290 133.
1110 4235 1169 4289 134.
1188 4236 1256 4299 Vll,
1273 4237 1298 4291 3.

162 4313 236 4364 coni.
260 4312 346 4363 etiam
364 4313 519 4363 Heumann.
537 4313 655 4364 Dissert.
676 4309 708 4362 de
759 4311 802 4360 De
819 4310 880 4373 ipsa
902 4323 971 4360 voce
989 4307 1059 4358 baec
1076 4307 1224 4371 adscripsit
1241 4307 1302 4357 Ora:

163 4381 229 4434 aula
240 4382 319 4449 regia
329 4382 469 4443 Surorum,
483 4397 568 4434 causa
581 4382 709 4433 interitus
760 4379 841 4433 Αιειλ
852 4380 970 4430 Persice.
999 4376 1091 4430 Aeeta
1106 4391 1213 4442 quoque
1227 4374 1302 4425 urbis
