3042 5125
429 440 755 503 MELPOMENE.
778 439 833 501 IV.
856 449 901 503 85·
924 446 968 503 86.

1206 438 1266 499 467

151 635 301 718 σταδίους,
324 637 428 721 μῆκος
449 633 486 702 δὲ
508 639 748 720 τετρακοσίους.
786 634 916 699 ἐκδιδοῖ
933 623 1008 697 did
1031 624 1267 718 Ἑλλήσποντος

149 736 174 812 ἐς
186 734 292 822 ’χάσμα
313 735 490 823 πελάγεος,
513 736 550 805 τὸ
574 735 615 822 δὴ
629 742 773 823 Αἰγαῖον
792 735 951 802 καλέεται.
993 736 1208 824 Μεμέτρηται
1228 735 1312 803 0186

147 842 233 904 ταῦτα
251 829 333 907 ὦδε·
366 844 449 927 νηῦς
470 844 593 909 ἐπίπαν
612 838 753 929 μάλιστα
774 865 815 925 κη
830 835 987 905 κατανύει
1006 839 1044 906 ἐν
1056 847 1264 928 μακρημερίῃ

145 935 265 1027 ὀργυιὰς
285 943 562 1032 ἑπτακισμυρίας,
588 940 709 1022 νυκτὸς
738 941 775 1009 dl
796 943 1037 1029 ἑξακισμυρίας.
1074 938 1138 1029 ἤδη
1159 932 1208 1009 οἶν
1230 945 1264 1021 ἐς

170 1105 252 1172 μῆκος
279 1100 309 1156 dl
335 1107 543 1173 τετρακοσίους]
579 1112 671 1159 Decem

143 1175 192 1226 bine
208 1178 365 1228 efficiuntur
385 1177 513 1229 milliaria
532 1180 671 1230 Germani-

142 1262 177 1307 οε,
192 1262 263 1312 quae
280 1247 423 1298 verissima
440 1264 500 1300 esse
517 1250 671 1313 optimeque

141 1331 274 1381 congruere
285 1321 377 1368 monet
390 1319 477 1368 Kruse
490 1318 508 1367 l.
521 1318 539 1368 1.
553 1334 614 1383 pag.
627 1319 669 1368 52.

142 1386 187 1435 120.
211 1386 297 1437 Scene
312 1387 457 1436 videbatur
468 1388 608 1453 Breigem,
623 1388 669 1453 qui

140 1470 190 1520 pag.
209 1457 329 1515 21—23,
353 1457 533 1507 recentiorum
546 1458 670 1508 testimo·

139 1525 181 1574 niis
192 1525 227 1575 de
239 1525 412 1590 Hellesponti
422 1525 590 1592 longitndine
603 1526 670 1576 alla·

138 1595 166 1643 tis
184 1594 369 1645 Herodoteam
387 1612 541 1647 mensuram
559 1602 670 1647 conten—

137 1662 169 1712 dit
180 1680 238 1715 esse
255 1667 367 1714 nimiam
384 1681 473 1731 neque
485 1682 544 1717 cum
556 1666 670 1717 aliorum

138 1732 236 1785 indiciis
253 1734 394 1785 conciliari
412 1752 493 1801 posse
511 1736 565 1786 nisi
585 1737 669 1786 mino·

137 1802 200 1853 ribus
222 1803 269 1854 hic
289 1820 397 1870 quoque
418 1806 517 1856 stadiis
538 1808 668 1857 Nostrum

136 1887 202 1923 nuum
227 1874 314 1925 luisse
338 1890 439 1926 sumse-
478 1876 548 1926 Mihi
576 1876 668 1940 potior

135 1941 375 1996 Krnsiieententia.

281 2115 348 2169 One.
363 2116 512 2168 LXXXVI.

159 2215 227 2284 νηῦς
236 2209 342 2268 ε’πίπαν
355 2234 382 2270 κ.
395 2235 419 2268 τ.
427 2217 463 2286 t]
476 2221 517 2271 De
530 2236 597 2271 voce
607 2209 666 2269 ίπί-

133 2288 263 2340 τανοοιιί.
275 2294 345 2341 nott.
357 2290 451 2353 adIV,
463 2290 507 2340 68.
526 2291 590 2341 Mox
604 2289 666 2341 dedi

133 2346 156 2404 ίν
168 2358 345 2424 μακρημερίῃ
362 2374 423 2409 τοτα
443 2328 584 2421 mediceo,
604 2360 668 2410 Flo·

132 2429 239 2489 rentino,
253 2427 316 2477 aliis
329 2428 445 2479 duobus.
468 2428 666 2494 Reliquilibri:

131 2486 155 2543 ἓν
164 2496 258 2562 μακρῇ
273 2488 384 2581 ἡμέρη,
391 2496 463 2565 qnod
477 2514 494 2549 a
510 2499 666 2550 melioribus

132 2568 200 2618 codd.
215 2567 308 2618 afferri
320 2568 429 2619 minime
446 2569 537 2621 dicere
551 2570 668 2622 debebat

132 2635 307 2689 Schneiderss
298 2653 327 2688 ιιι
339 2639 406 2690 Lex.
425 2639 472 2689 (ir
487 2655 510 2690 e.
522 2656 551 2694 r.
587 2639 667 2705 Apud

131 2705 250 2771 Scylae'
242 2722 271 2757 ιιι
282 2707 413 2773 Peripl.§
416 2710 468 2758 ,22
481 2708 556 2775 (pag
564 2709 580 2760 8
592 2710 668 2760 Hud

130 2789 182 2827 son.
200 2793 227 2841 p.
247 2777 298 2828 248
316 2711 413 2858 (1611.)ξ
424 2777 554 2843 legimus:
576 2771 666 2844 παροί-

130 2846 210 2926 atqve
226 2837 369 2895 δὲἔστι-
337 2838 489 2912 -ἡμέρας
502 2863 621 2912 μακρας.

160 2907 271 2998 ὀργυιὰς
302 2906 535 2996 ἑπτακισμυρίας,
567 2910 667 2975 νυκτὸς

129 2976 157 3032 δὲ
174 2976 417 3066 ξξακισμυρίας]’
403 2980 520 3051 οργυιάς
545 3004 594 3053 pro
618 2978 665 3050 ὀρ-

130 3050 217 3115 γνιέας
231 3070 292 3106 cum
306 3059 421 3107 recentt
441 3056 503 3106 edd.
519 3056 590 3110 dedi
621 3056 664 3106 cf.

129 3123 330 3187 11,110.Εε1
354 3141 420 3176 vero
447 3126 511 3177 talis
529 3125 664 3176 Herodoti

129 3161 306 3260 computatio,
326 3200 356 3245 ut
367 3211 421 3246 nno
430 3211 516 3261 eoque
526 3195 606 3260 longo
620 3195 665 3244 die

128 3265 202 3316 navis
220 3264 350 3316 conficiat
367 3267 421 3317 iter
440 3265 538 3325 70,000
556 3264 663 3329 orgyia-

129 3348 200 3396 rnm,
227 3339 309 3385 nocte
331 3340 421 3385 autem
438 3335 534 3396 60000
557 3335 663 3397 orgyia-

130 3417 195 3453 rum:
215 3419 285 3469 quae
297 3419 428 3455 summam
440 3404 491 3454 700
505 3408 532 3453 et
544 3402 595 3452 600
608 3406 663 3451 eta-

131 3472 228 3523 diorum
241 3473 364 3524 efficiunt
383 3491 415 3524 ea
431 3489 462 3523 ex
474 3472 664 3522 ratiocinatio·

130 3558 175 3604 nc,
197 3560 276 3610 quam
301 3545 336 3593 ad
355 3547 397 3606 11,
423 3543 473 3593 110
492 3542 661 3591 tradidimus.

131 3613 210 3674 Quam
222 3614 354 3664 Herodoti
374 3613 505 3663 rationem
523 3611 604 3676 vulgo
622 3626 663 3661 re-

132 3685 271 3747 ceptiorem
283 3683 369 3734 fuisse
381 3680 662 3732 observatWeseelin·

131 3751 289 3872 {misam
303 3750 511 3873 qqoqulanbriqrc
521 3750 662 3874 giecedcq-

143 3837 195 3871 esa
216 3838 302 3875 erens
350 3839 359 3871 1
447 3838 461 3871 e
546 3836 577 3870 eo

133 3889 174 3941 Gr.
190 3909 216 3944 u.
230 3890 371 3953 Roem.‚I
395 3892 420 3940 2.
445 3906 470 3955 p
489 3889 523 3940 56
542 3837 662 3956 εοὲτῐιὸ

131 3959 193 4011 Δ(1(1.
209 3961 360 4012 Caecubon.
379 3960 414 4009 ad
430 3959 520 4011 Strab.
536 3960 559 4010 Ι
582 3977 609 4025 p
629 3959 659 4010 61

131 4027 160 4090 (e.
172 4047 196 4095 p.
208 4032 267 4097 35),
278 4030 400 4081 denario
412 4029 506 4092 modo,
526 4034 664 4094 quovete

131 4113 169 4149 res
181 4105 207 4150 ct
219 4101 361 4151 terrestria
374 4104 402 4150 et
413 4068 550 4149 maritlma
563 4100 662 4150 itinera

131 4171 222 4220 emensi
233 4171 298 4232 sint,
311 4185 432 4220 monens.
445 4169 485 4218 Ac
494 4169 614 4219 locorum
625 4170 663 4218 di-

130 4239 239 4290 stantiae
257 4240 366 4290 omniuo
385 4238 531 4290 secundum
549 4240 663 4304 naviga·

131 4307 208 4360 tionis
226 4309 299 4374 dies,
321 4310 367 4374 qni
384 4310 420 4359 sd
437 4307 494 4358 tale
514 4312 565 4358 iter
584 4309 664 4358 confi·

129 4376 244 4429 ciendum
255 4380 355 4430 insumi
369 4378 492 4441 soleant,
504 4377 611 4429 definiri
623 4393 663 4429 re·

129 4451 167 4496 cte
179 4453 256 4500 notat
268 4448 338 4500 Gaii.
351 4448 386 4499 ad
396 4447 502 4513 Scylae.
516 4449 663 4512 inGeogrr.

720 1109 864 1175 ipsamque
878 1109 1036 1160 distantiam
1045 1110 1092 1157 rix
1107 1108 1263 1158 accuratius

719 1178 837 1229 indicari
849 1194 929 1245 posse
942 1179 1032 1244 quivis
1050 1177 1199 1242 intelliget,
1218 1177 1264 1242 qui

718 1247 840 1298 locorum
853 1247 1049 1310 difficultates,
1063 1252 1161 1297 ventos
1176 1248 1262 1312 magis

720 1319 863 1383 minusque
873 1334 1027 1383 prosperos,
1040 1322 1141 1381 aestus,
1154 1317 1263 1377 fluctus,

719 1388 807 1450 vada,
821 1388 877 1438 alia
887 1388 1073 1453 navigationis
1086 1385 1261 1451 impedimen-

719 1460 759 1520 ta,
772 1457 837 1523 quin
847 1458 924 1523 ipsas
937 1473 1021 1508 nares
1031 1472 1086 1506 non
1098 1458 1158 1521 pari
1168 1470 1260 1517 cursu,

720 1527 769 1577 sed
788 1530 888 1592 partim
910 1526 1033 1577 velocius
1054 1525 1152 1591 partim
1175 1524 1260 1575 tardi-

720 1612 752 1646 ne
769 1595 986 1661 progredientes,
1012 1597 1080 1646 satie
1096 1595 1260 1659 respexerit;

719 1681 882 1730 quamquam
891 1667 939 1715 ubi
948 1664 1047 1716 stadiis
1057 1665 1176 1729 spatium
1189 1663 1262 1713 haud

716 1734 797 1785 licuit
813 1740 942 1785 accurate
954 1735 1079 1797 definire,
1094 1734 1207 1782 aiteram
1219 1747 1262 1781 ra-

717 1805 819 1854 tionem
833 1804 980 1855 secundum
993 1803 1177 1868 navigationis
1193 1802 1261 1862 dies,

716 1873 842 1924 latiorem
856 1874 930 1922 illam
951 1873 1073 1938 quidem,
1090 1876 1210 1929 veteres,
1229 1874 1261 1919 ut

716 1959 743 1993 v.
750 1960 773 1994 c.
784 1942 925 2008 Scylacem
936 1942 1098 2008 praetulisse
1107 1944 1204 2005 sponte
1213 1954 1263 2003 pa·

715 2016 765 2063 tet.
781 2013 858 2075 Quae
868 2028 931 2063 curn
943 2014 983 2061 ita
994 2013 1058 2073 sint,
1071 2008 1142 2059 baud
1153 2010 1258 2072 mirum,

714 2082 872 2132 huiuamodi
894 2097 1035 2132 mensuras
1052 2050 1153 2129 laxiori
1178 2092 1260 2128 senen

716 2152 790 2234 apud
816 2151 957 2217 Scylacem
986 2147 1162 2215 accipiendas
1187 2162 1258 2209 esse,

717 2222 764 2288 qui
776 2236 827 2271 nec
837 2222 897 2287 ipse
912 2223 940 2271 in
957 2219 1013 2270 illis
1033 2215 1188 2269 indicendis
1206 2185 1260 2266 eibi

716 2297 847 2342 constans
858 2291 1003 2357 reperitur,
1016 2292 1142 2339 monente
1155 2284 1227 2336 Gaii.
1239 2285 1258 2337 1.

716 2361 734 2412 1.
750 2378 777 2426 p
791 2356 1259 2419 3290011334.Qu0m1nusuan
1341 2414 1343 2419 ⁴

715 2432 848 2485 nertuel.
868 2448 895 2496 p
908 2430 959 2480 214
974 2429 1183 2493 quingentorum
1200 2430 1259 2474 sta-

717 2501 822 2551 diorum
833 2512 984 2550 mensuram
997 2513 1014 2548 a
1026 2496 1140 2564 Scylace
1152 2510 1258 2559 semper

716 2571 857 2621 observari
876 2568 992 2620 debebat
1008 2567 1194 2632 pronuntiare
1221 2567 1258 2614 Et

715 2641 865 2706 quingenta
873 2637 963 2688 stadia
974 2637 1055 2701 (quae
1064 2636 1189 2686 undecim
1201 2634 1258 2684 fere

716 2708 898 2775 geographica
910 2705 1040 2755 militaria
1054 2705 1187 2769 aequant)
1203 2703 1258 2754 diei

716 2780 881 2843 totidemque
899 2776 1014 2826 uectis
1006 2791 1034 2824 ru
1053 2774 1257 2840 navigationem

715 2848 797 2914 vulgo
810 2845 881 2912 apud
893 2851 1000 2896 veteres
1012 2845 1148 2895 numerari
1164 2848 1258 2894 censet

716 2933 823 2984 quoque
851 2914 1016 2979 Kephalidee
1048 2914 1154 2964 Hister.
1189 2928 1257 2963 mar.

716 2989 797 3050 Caep.
819 3000 882 3051 pag.
902 2986 952 3035 105
969 3000 1044 3049 seqq
1066 2982 1203 3034 Calidius
1224 2981 1257 3032 de

714 3055 854 3106 Herodoto
873 3054 1035 3119 pronuntiat
1056 3051 1172 3105 Rennel.
1192 3066 1256 3116 pag.
1333 3097 1337 3106 ,

713 3123 773 3188 390,
786 3124 956 3175 Herodotum
966 3124 1063 3173 diurna
1076 3124 1175 3173 itinera
1186 3120 1257 3171 falso

714 3209 852 3245 emensum
871 3208 933 3245 cese
951 3192 1131 3254 contendens3
1150 3191 1255 3253 melius,

712 3265 737 3313 ei
748 3264 812 3328 quid
823 3264 913 3328 rideo,
922 3265 1002 3326 Miot,
1016 3263 1110 3314 Gallus
1123 3264 1257 3325 interpres

713 3334 742 3382 in
754 3339 820 3384 uota
834 3333 907 3384 adh
920 3333 939 3385 1.
949 3349 1029 3399 quc
1037 3332 1171 3383 Herodoti
1184 3345 1258 3380 rnen-

713 3417 792 3454 suras
817 3418 878 3453 cum
896 3419 962 3454 vera
984 3403 1067 3453 meris
1086 3401 1257 3466 longitudine

713 3472 782 3523 bene
806 3488 955 3537 congruere
979 3470 1107 3523 ostendit.
1131 3471 1164 3520 ln
1183 3468 1257 3518 clen-

713 3542 775 3592 sula
800 3542 917 3606 denique
940 3542 1039 3593 addere
1063 3542 1155 3600 iuvat,
1185 3535 1256 3603 qnod

712 3612 849 3663 Manncrt.
870 3576 1257 3662 l.1.e1hisHer0do’timeu·

712 3682 783 3731 suris
796 3680 888 3745 colligi
902 3680 975 3744 vult,
988 3679 1110 3730 Milesios
1123 3676 1182 3728 scil.
1197 3680 1256 3725 tum
1354 3707 1356 3710 .

712 3751 843 3814 temporis
855 3751 911 3801 iam
922 3750 1007 3800 eitum
1019 3753 1111 3799 tenere
1124 3760 1198 3797 mare
1211 3759 1257 3794 au-

714 3835 759 3870 soe
773 3821 901 3885 ipsosque
914 3825 1012 3870 nautae
1025 3834 1086 3869 eam
1103 3817 1171 3866 artie
1186 3814 1257 3880 peri-

713 3890 782 3940 tiam
791 3894 888 3940 nactos
902 3905 975 3951 esse,
990 3893 1033 3951 ut,
1051 3891 1182 3952 quantum
1194 3898 1258 3947 epa-

713 3960 745 4010 tii
758 3975 813 4010 uno
828 3959 871 4009 die
884 3959 963 4009 naris
974 3957 1133 4019 conticeret,
1145 3953 1257 4005 definire

713 4030 861 4095 potuerint.
875 4028 952 4091 Quod
963 4026 998 4077 ad
1008 4030 1168 4077 nocturnam
1175 4022 1257 4075 Ponti

713 4100 918 4165 navigationem
930 4098 1040 4159 attinet,
1054 4096 1202 4146 etiamnum
1212 4107 1258 4157 pe·

712 4167 861 4219 rieuloeam
878 4168 912 4218 ob
930 4167 1044 4218 nebulas
1059 4170 1256 4228 ventorumque

712 4240 768 4290 vim
781 4240 938 4301 acfluetns,
964 4238 1053 4287 Kruse
1070 4236 1088 4289 1.
1103 4235 1122 4285 1.
1142 4250 1206 4301 pag.
1222 4233 1257 4283 20

713 4313 848 4361 nocturna
856 4309 955 4359 itinera
968 4307 1003 4357 ab
1009 4305 1149 4357 Herodoto
1159 4306 1256 4368 sponte

713 4380 824 4429 adiecta
834 4392 1013 4438 eseesumens
1024 4414 1031 4440 ‚
1049 4391 1103 4441 qno
1119 4374 1207 4424 maine
1218 4369 1256 4419 el-

713 4448 839 4500 ficeretur
859 4447 1047 4509 intervallum,
1070 4448 1176 4494 veterae
1194 4455 1257 4488 con·

128 4517 229 4572 minore.
243 4520 266 4570 1.
286 4534 350 4594 pag
370 4518 421 4570 328
433 4533 490 4583 seq.
513 4518 591 4567 Unde
611 4520 664 4567 iter
712 4518 802 4568 tendit
813 4534 924 4583 prorsus
940 4515 1106 4567 abstinuisse
1120 4529 1137 4562 a
1149 4513 1257 4560 noctur·

988 4595 1054 4660 30*
