3042 5125
282 371 346 439 254

722 368 993 437 HERODO'I'I
1069 380 1071 385 ’

219 575 277 636 133
382 562 440 635 ’nv
467 561 577 656 χρόνῳ
600 565 637 634 δὲ
664 559 767 656 ὀλίγῳ
794 561 877 652 μετὰ
903 567 1008 632 ταῦτα
1032 560 1113 632 τάδε
1139 556 1224 631 itta
1244 560 1402 651 συνήνεικε

284 671 453 758 γενέσθαι.
499 666 634 758 Ἀτόσσῃ
657 671 699 756 τή
717 666 836 757 Κύρου
857 667 920 757 μὲν
940 667 1105 755 θυγατρὶ,
1131 673 1278 755 Δαρείου
1300 665 1334 735 δί
1351 692 1400 754 γυ·

283 774 392 860 ναικί,
420 774 475 844 dul
495 777 555 842 τοῦ
579 775 707 860 μαστοῦ
726 778 792 859 ἔφυ
812 775 922 860 φῦμα·
956 767 1037 859 μετὰ
1060 768 1097 839 δὲ
1120 769 1262 858 ἐκραγὲν
1287 772 1402 857 ἐνέμετο

283 876 407 968 πρόσω.
433 874 515 947 ὅσον
528 874 591 966 μὲν
611 872 652 964 δή
673 863 852 965 χρόνονήν
874 880 1033 957 ἔλασσον,
1055 869 1076 961 ή
1098 871 1135 941 δὲ
1153 871 1342 962 κρύπτουσα
1357 874 1402 941 καί

285 983 508 1070 αἰσχυνομένη
523 987 642 1068 ἔφραζε
658 975 791 1065 οὐδενὶ,
813 980 888 1047 ἐπεί
906 1005 940 1046 τε
961 977 998 1046 δὲ
1013 980 1051 1046 ἰν
1071 979 1164 1068 κακῷ
1178 966 1237 1065 ήν,
1260 979 1401 1065 μετεπέμ-

285 1100 371 1167 ψατο
383 1082 442 1154 τὸν
458 1083 658 1173 Δημοκήδεα
678 1091 737 1154 καί
746 1087 781 1151 οἰ
794 1084 936 1164 ἐπέδεξε.
967 1076 985 1150 ὁ
1008 1079 1045 1149 δὲ
1067 1076 1134 1167 φὰς
1154 1074 1252 1167 ὑγιέα
1270 1079 1404 1168 τοιήσειν

284 1192 417 1279 ἐξορκοῖ
434 1216 510 1279 μιν,
537 1178 558 1277 ή
582 1188 644 1275 μέν
664 1190 700 1254 οἰ
715 1182 1006 1275 ἀντυπουργήσειν
1030 1186 1164 1271 ἐκείνην
1180 1187 1295 1269 τοῦτο,
1320 1180 1353 1251 ri
1369 1177 1404 1249 ἆυ

287 1289 389 1380 αὐτῆς
403 1295 512 1380 δεηθῇ
520 1309 527 1322 ·
555 1287 735 1378 δεήσεσθαι
751 1289 788 1360 δὲ
802 1284 942 1369 οὐδενὸς
957 1292 1025 1357 τῶν
1039 1283 1102 1356 ὅσα
1122 1290 1157 1367 ἐς
1176 1285 1335 1375 αἰσχύνην
1348 1286 1404 1354 ἐστὶ

222 1414 279 1475 134
290 1399 445 1484 φέροντα.
481 1391 539 1472 Ὡς
560 1391 596 1461 δί
618 1389 683 1478 ἄρα
702 1421 761 1483 μιν
779 1390 861 1482 μετὰ
880 1397 984 1461 ταῦτα
1004 1389 1143 1481 ἰώμενος
1164 1385 1404 1478 δγιέαᾶτέδεξε,

287 1502 436 1568 ἐνθαῦτα
458 1494 500 1586 δή
514 1500 713 1584 διδαχθεῖσα
726 1492 793 1566 ὑπὸ
812 1500 872 1566 τοῦ
887 1494 1101 1586 Δημοκήδεος
1120 1489 1298 1582 ήἎτοσσα
1317 1514 1403 1582 κροσ-

287 1604 385 1690 ἕφερε
405 1604 443 1671 ἐν
462 1605 504 1690 τή
524 1606 618 1688 κοίτη
639 1608 774 1692 Δαρείῳ
796 1598 897 1689 λόγον
917 1597 1064 1670 τοιόνδε·
1099 1587 1138 1665 'Sl
1157 1601 1316 1686 βασιλεῦ,
1335 1604 1404 1684 ἔχων
1473 1680 1474 1701 ἦ

285 1804 334 1861 lii.
352 1809 489 1861 Kuehner.
501 1809 734 1876 counimur.
758 1810 827 1861 Add.

284 1882 312 1931 J.
331 1881 377 1932 Fr.
395 1880 514 1930 Gronov.
531 1880 689 1932 Obserrett.
710 1881 764 1942 lv,
787 1879 826 1930 15.

285 1965 348 2016 pag.
357 1950 417 2012 256,
427 1950 475 2015 qui
484 1950 733 2014 comperstLetirre
744 1965 828 2001 voce-

285 2019 503 2140 pplllstanepmim,
520 2036 563 2071 rer
580 2020 674 2072 eodem
688 2020 767 2072 modo
779 2020 828 2070 ed·

296 2107 314 2139 u
336 2107 345 2139 1
379 2126 386 2140 .
593 2100 597 2107 '

439 2190 504 2242 Cur.
521 2190 672 2244 CXXXIII.

319 2285 439 2361 Ἂτόσση]
455 2294 532 2345 Conf.
544 2294 597 2357 ΙΙΙ,
606 2293 642 2346 88
653 2294 746 2360 ibique
756 2297 828 2345 nott.

286 2363 367 2431 φῦμα
378 2365 407 2414 in
420 2378 495 2429 seqq.
508 2369 589 2414 notet
600 2365 687 2424 mter,
700 2367 827 2415 οοιιιίσαοι.

286 2434 365 2487 Conl-
378 2433 484 2485 Aelien.
496 2434 530 2483 V.
540 2434 576 2482 H.
587 2432 650 2494 XII,
663 2435 674 2484 l
690 2434 755 2484 circ.
766 2433 826 2485 init.

286 2505 446 2571 Hippocret.
456 2502 499 2552 De
509 2506 565 2553 nst.
573 2517 650 2569 puer.
657 2518 684 2569 p.
692 2501 753 2554 300.
764 2502 797 2552 Τ.
804 2503 827 2567 Ι,

286 2581 315 2626 et
327 2589 398 2641 quse
415 2573 448 2624 de
461 2573 522 2638 ipse
533 2575 609 2625 vocis
623 2573 760 2639 scripture
772 2588 828 2623 mo-

283 2646 345 2700 nuit
354 2643 466 2696 Lobeck
478 2643 506 2693 in
517 2643 684 2710 Progrnmm.
696 2643 730 2694 de
742 2643 828 2694 nomi·

283 2715 361 2766 nibb.
379 2715 407 2764 in
425 2714 463 2778 μᾶ
476 2714 637 2764 exeuntibus
648 2714 723 2764 Dies.
741 2714 780 2767 11.
799 2728 828 2778 p.

285 2787 311 2836 4.
326 2786 351 2836 5.
379 2782 663 2850 (Regimont.1834.).
687 2783 828 2834 Excitevit

284 2852 447 2920 wesseling.
462 2851 534 2905 hono
547 2853 576 2902 iu
589 2867 645 2904 rem
656 2852 727 2903 Plin.
744 2853 778 2903 H.
792 2853 827 2903 N.

285 2925 353 2988 Vll,
371 2925 406 2975 50
432 2923 526 2974 eedem
547 2927 731 2990 spectantem,
758 2937 828 2988 quse

282 2994 358 3046 Plut.
376 2994 415 3044 11.
434 3009 462 3059 p.
478 2992 513 3044 89
523 2993 553 3043 C.
575 2992 634 3054 (ubi
651 2993 687 3045 cf.
702 2993 828 3056 Wytteu·

284 3062 362 3114 bech.
377 3077 440 3127 pag.
459 3062 510 3112 624
522 3062 717 3129 rumcoven).
747 3061 828 3128 Apud

284 3131 382 3183 Athen
396 3132 460 3181 x11.
477 3146 540 3197 μσς.
556 3133 607 3182 522
616 3132 647 3182 Β.
666 3132 828 3197 simpliciter

284 3194 334 3250 τὸν
353 3193 459 3267 μαστὸν
478 3190 621 3265 ἀλγήσασα
639 3200 750 3257 dicitur.
787 3203 828 3253 De

285 3285 353 3321 voce
404 3262 468 3327 στὸς
482 3269 557 3320 conl.
569 3275 638 3320 nott.
652 3270 687 3320 ed
700 3271 754 3334 IV,
766 3271 828 3322 202.

320 3331 351 3392 ἰν
364 3352 429 3404 uero
450 3331 559 3404 πρόσω]
585 3339 664 3402 Quod
684 3338 747 3391 eliis
772 3340 829 3408 ple·

285 3425 397 3475 rumque
420 3408 524 3474 profuit
542 3412 652 3473 ruptum
679 3409 758 3461 tuber
780 3410 829 3475 (ci.

284 3477 479 3545 Wyttenbech.
488 3477 507 3530 Ι.
515 3477 557 3542 1.),
567 3477 718 3531 idrItossee
729 3481 829 3532 iucom-

284 3550 392 3601 modum
409 3548 497 3602 suxit.
527 3548 636 3599 Dicitur
656 3551 768 3602 verbum
785 3545 828 3600 νέ-

281 3618 390 3685 precor
404 3618 438 3669 de
449 3617 586 3669 ulceribus
600 3617 683 3671 letius
695 3621 828 3687 serpenti·

284 3689 335 3741 bns
363 3702 513 3754 corpusque
542 3689 644 3741 sensim
673 3692 828 3756 sensimque

284 3758 683 3826 depascendosbsumentibus.
701 3761 827 3824 leyt·

284 3828 410 3880 tenbcch.
426 3828 463 3879 sd
476 3828 548 3880 Plut.
566 3828 594 3879 S.
605 3832 640 3882 N.
654 3831 688 3881 V.
705 3846 768 3896 psg.
787 3831 827 3882 16.

283 3898 421 3951 Plutarch.
436 3898 534 3950 Pericl.
549 3898 584 3951 34
597 3899 660 3952 οοΙΙ.
671 3903 766 3951 Artes.
786 3901 826 3953 16.

285 3971 327 4020 23.
342 3968 448 4020 Camill.
463 3968 505 4020 34.

319 4028 337 4102 ἡ
350 4032 386 4087 δὲ
397 4029 571 4102 κρύπτουσα]
590 4039 632 4089 De
643 4054 695 4089 usu
707 4039 827 4104 perticu-

284 4106 328 4158 lee
340 4099 370 4156 dl
383 4107 486 4159 consul.
498 4108 613 4161 Wcrfer.
625 4109 653 4157 iu
662 4109 737 4162 Acti.
750 4105 825 4173 phill.

278 4176 409 4227 Mouecc.
428 4177 451 4227 1.
465 4191 528 4244 ρος.
546 4177 580 4230 96
596 4176 657 4226 coll.
671 4177 774 4228 Herod.
788 4178 826 4240 11,

283 4245 318 4298 39
335 4245 428 4311 ibique
440 4250 509 4297 nott.
523 4246 575 4308 111,
590 4246 648 4296 147.

318 4306 432 4380 ἐξορκοῖ
439 4331 488 4379 μιν
505 4302 583 4381 ήμέν
592 4307 630 4380 oi]
640 4313 711 4365 Mele
721 4314 749 4364 in
759 4331 826 4366 nou-

282 4385 365 4436 nullm
383 4384 459 4435 libris
478 4352 595 4450 ἰξορκεῐ.
633 4384 715 4437 Volet
733 4390 825 4436 eutem

281 4446 400 4520 ἐξορκοῖ
405 4469 468 4522 μινι
479 4457 515 4507 erl
523 4456 694 4507 iusiurandum
705 4472 758 4508 euru
770 4459 825 4508 orli-

876 1810 928 1871 με’ἰ,
940 1808 1105 1858 iureiurando
1115 1823 1168 1858 αισι
1178 1807 1322 1870 adstringit,
1331 1808 1357 1855 ut
1364 1802 1403 1863 IV,

881 1877 938 1926 154.
953 1876 1000 1940 v1,
1014 1876 1058 1926 74.
1080 1877 1145 1926 Mox
1157 1891 1221 1927 cum
1233 1880 1342 1926 receutt
1354 1873 1403 1925 edd.

878 1946 1038 2011 scripsimus
1055 1930 1073 2010 ἦ
1091 1939 1143 2012 μὲν
1162 1961 1213 2012 pro
1231 1943 1305 2010 vulg.
1318 1932 1335 2009 ή
1350 1936 1404 2009 μήν,

878 2015 916 2067 cf.
928 2016 982 2079 ΙΙΙ,
996 2016 1031 2066 66
1045 2014 1135 2081 ibique
1150 2021 1222 2066 nott.

913 2082 968 2135 tois
986 2074 1040 2135 ὅσα
1053 2075 1082 2142 ἐς
1096 2076 1236 2150 αἰσχύνην
1249 2074 1305 2133 ἐστὶ
1319 2076 1405 2145 φίρον·

878 2153 925 2221 τα]
943 2153 1029 2206 Pleno
1039 2156 1081 2204 sic
1092 2156 1193 2207 Noster
1206 2152 1332 2217 111,131:
1348 2145 1362 2200 ἔ
1393 2164 1406 2197 r

878 2215 964 2274 οὐδὲν
976 2222 1031 2274 reis
1042 2211 1095 2274 ὅσα
1109 2222 1174 2289 περὶ
1188 2217 1243 2289 τήν
1254 2217 1348 2286 τέχνην
1358 2164 1405 2271 gil

879 2285 1020 2360 ἐργαλήια.
1057 2293 1163 2360 Optimi
1180 2295 1281 2360 qquue
1294 2291 1364 2353 libri,
1384 2292 1406 2337 in

879 2365 977 2430 quibus
989 2363 1137 2427 Medicem,
1148 2363 1331 2423 Florentinus,
1342 2373 1406 2427 pree

898 2435 1041 2484 ositionem
1051 2425 1080 2491 ἐς
1089 2434 1195 2484 edduut
1204 2435 1234 2485 in
1239 2432 1336 2484 Aldine
1343 2430 1406 2480 eliis·

878 2451 931 2571 Rue
953 2504 1097 2568 omisscm,
1128 2504 1162 2555 ed
1186 2520 1270 2571 quem
1295 2500 1406 2551 tuendum

879 2574 1031 2641 Schweigh.
1047 2574 1154 2625 confert
1165 2573 1196 2636 1,
1216 2574 1256 2627 10.
1279 2572 1324 2633 IV,
1336 2570 1367 2622 90
1384 2573 1406 2619 et

877 2644 1033 2696 Markland.
1045 2644 1080 2695 cd
1089 2645 1185 2708 Eurip.
1195 2641 1352 2711 8ορρ1.295.
1373 2639 1404 2687 Ae

879 2716 985 2765 monuit
1002 2729 1109 2780 quoque
1122 2713 1272 2776 Valcken,
1289 2724 1407 2776 saepenu-

879 2800 953 2836 mero
965 2784 1058 2836 verbis
1070 2778 1145 2848 ἔχειν
1159 2790 1187 2834 et
1202 2777 1300 2849 φέρειν
1309 2779 1381 2831 sdiiei
1393 2793 1406 2827 ε

879 2855 980 2906 Nostro
1000 2854 1234 2920 praepositionem
1257 2854 1285 2903 in
1306 2850 1406 2901 dirersis

878 2922 1007 2990 loquendi
1025 2923 1134 2987 formis,
1154 2924 1182 2974 iu
1200 2923 1298 2990 qartus
1320 2919 1363 2970 ills
1375 2918 1404 2968 si·

878 2994 1000 3060 gnificet:
1012 3003 1130 3060 spretore
1138 2993 1181 3046 vel
1188 2997 1329 3059 pertinere,
1341 2993 1369 3039 ut
1375 2987 1406 3044 11.

877 3067 921 3115 52.
936 3065 985 3127 ΙΙΙ,
998 3065 1042 3115 42.
1054 3063 1097 3115 32.
1112 3065 1145 3128 V,
1157 3064 1202 3116 22.
1215 3067 1240 3127 5.
1254 3062 1279 3114 3.
1293 3059 1368 3120 Vlll,
1377 3056 1405 3107 37

878 3139 906 3186 et
925 3134 998 3199 apud
1010 3133 1192 3197 Pannonium,
1214 3132 1284 3184 telin
1297 3127 1404 3181 crebrius

877 3203 1043 3254 imitantem:
1060 3203 1095 3255 de
1107 3219 1159 3269 quo
1170 3202 1250 3269 pluro
1258 3199 1365 3253 Siebelis
1377 3192 1406 3246 sd

878 3272 1047 3324 Pausaniam
1059 3272 1083 3335 1,
1093 3274 1118 3322 2.
1132 3276 1156 3336 5.
1170 3275 1197 3323 4.
1227 3273 1334 3332 Contra,
1347 3278 1405 3333 quse

878 3343 969 3394 ἰιαδσεί
990 3341 1033 3393 vel
1053 3344 1174 3407 adfirmo!
1192 3343 1356 3408 ignominiae,
1378 3349 1405 3386 eu

879 3418 944 3464 sunt
960 3402 1099 3477 αἰσχύνην
1113 3407 1214 3475 ἔχοντα
1230 3411 1275 3464 vel
1288 3404 1404 3472 φέροντα,

879 3483 1016 3547 inquibus
1027 3481 1107 3532 vslde
1118 3482 1241 3533 dubitari
1252 3479 1357 3547 poterit,
1367 3489 1405 3524 su-

878 3557 954 3604 ctore
961 3552 1103 3616 Vclckcn„
1113 3568 1149 3602 su
1158 3550 1247 3603 locum
1257 3565 1331 3602 suum
1340 3560 1404 3613 pree·

878 3622 979 3688 positio
993 3614 1022 3680 ἐς
1033 3623 1121 3688 possit
1132 3623 1214 3673 tueri.
1237 3621 1310 3672 Idem
1322 3614 1405 3668 leudot

879 3691 1003 3758 Thucyd.
1019 3692 1048 3756 1,
1063 3694 1087 3743 5.
1107 3692 1213 3745 Aelisn.
1232 3692 1264 3740 V.
1279 3691 1312 3740 Η.
1329 3683 1405 3748 1,²1·

879 3761 1040 3828 werselmg.
1067 3764 1203 3813 citaverat
1231 3761 1323 3825 Eurip.
1347 3756 1404 3806 fler.

880 3833 946 3884 1241
962 3836 990 3882 et
1001 3831 1110 3882 Pluton.
1125 3833 1232 3883 lienes.
1249 3845 1309 3895 pag.
1325 3823 1403 3876 2471.

877 3902 991 3952 -Inde
1008 3900 1108 3952 Marte.
1129 3901 1351 3967 praeposifionem
1366 3892 1404 3969 et

878 3972 952 4034 iecit,
965 3987 1016 4023 nec
1026 3970 1108 4023 aliter
1117 3970 1188 4022 hune
1200 3961 1405 4025 I.lsudsrit,ub1

878 4041 913 4092 de
925 4041 1063 4107 participii
1075 4056 1127 4091 usu
1139 4041 1213 4107 agit,
1233 4041 1262 4089 in
1273 4039 1317 4088 Gr.
1330 4035 1372 4083 Gr·
1382 4033 1403 4091 l·

877 4111 929 4162 556
952 4112 1013 4162 init.
1035 4127 1062 4177 p.
1085 4110 1163 4163 1164.
1202 4108 1330 4175 Equidem
1352 4114 1402 4183 cum

878 4181 1002 4231 omnibus
1025 4185 1141 4232 receuti.
1161 4180 1223 4231 edd.
1242 4177 1402 4244 praepositio-

878 4268 938 4302 nem
950 4242 979 4309 ἐς
993 4251 1162 4302 retinendam
1175 4249 1249 4300 duxi.

1033 4370 1100 4421 Cu.
1114 4370 1261 4422 CXXXIV·

912 4450 1069 4524 προσέφερε
1078 4447 1110 4507 ἐν
1122 4453 1254 4524 τήκοίτῃ]
1269 4452 1309 4507 Ad
1320 4460 1400 4504 recen
