3042 5125
450 409 778 477 MEBPOMENE.
799 413 855 476 IV.
877 423 922 479 23.
1192 418 1254 481 343

130 601 223 673 πολλοὶ
235 605 321 672 ἐστι·
346 596 388 670 οὐ
400 599 465 692 γάρ
480 629 513 671 τι
526 608 708 674 σπουδαῖαι
722 606 823 695 νομαὶ
835 601 957 675 αὐτόθι
971 613 1044 677 είσί.
1082 605 1162 680 Ὑπὸ
1177 617 1252 680 δεν-

131 711 205 799 δρίῷ
225 706 261 776 δὲ
274 710 412 785 ἕκαστος
428 713 636 796 κατοίκηται,
659 706 720 778 τὸν
733 709 797 798 μὲν
811 714 976 799 χειμῶνα,
997 710 1100 782 ἐπεὰν
1119 712 1156 784 τὸ
1177 718 1251 785 δέν-

128 816 217 899 δρεον
228 807 441 899 περικαλύψῃ
453 816 540 903 πίλῷ
552 815 682 905 στεγνῷ
693 817 821 906 λευκῷ,
836 809 873 881 τό
884 813 921 882 δὲ
933 818 1034 903 θέρος
1047 801 1130 886 ἄνευ
1143 826 1252 889 πίλου.

131 913 265 994 Τούτους
286 908 544 993 neustriorum
564 911 773 1005 ἀνθρώπων·
801 918 867 1005 ίροὶ
889 907 953 1006 γαρ
974 909 1128 1006 λέγονται
1149 920 1252 991 εἶναι·

126 1014 200 1087 οὐδέ
216 1044 247 1086 τι
271 1014 391 1106 ἀρήϊον
410 1012 517 1086 ὅπλον
533 1019 693 1089 ἐκτέαται.
732 1022 789 1090 καὶ
808 1023 907 1089 τοῦτο
933 1020 995 1109 μὲν
1020 1040 1106 1094 τοῑσι
1125 1049 1251 1120 περιοι-

126 1125 228 1191 τίουσι
259 1111 358 1190 οὗτοί
382 1125 446 1189 είσι
472 1124 508 1190 ot
527 1118 586 1202 τὰς
616 1121 779 1213 διαφορὰς
811 1125 1035 1213 διαιρέοντες·
1078 1133 1175 1196 τοῦτο
1204 1129 1241 1198 δὲ

126 1303 177 1340 nas
188 1286 313 1354 effingere
329 1288 469 1353 solebant,
488 1304 559 1355 quas
570 1279 660 1338 autoi-

127 1356 177 1415 δας
196 1358 343 1409 vocabant.
370 1359 440 1409 Adel.
460 1357 600 1410 Schaeier.
624 1358 660 1410 ad

126 1428 202 1494 Longi
213 1427 361 1479 Pastorall.
382 1444 446 1494 pag.
461 1428 523 1481 381.
549 1428 594 1479 Sie
605 1444 659 1478 πα-

127 1491 193 1578 λίδή
202 1491 325 1562 ἰσχάδων
336 1497 367 1548 in
375 1497 492 1549 Lnoiani
499 1499 603 1551 Piseat.
614 1499 658 1549 41.

126 1565 232 1632 amatr
249 1564 385 1633 καρυκῷν
401 1568 430 1617 ία
449 1567 505 1619 Vit.
519 1568 600 1619 Auot.
617 1566 660 1619 19.

127 1665 155 1677 -
170 1635 323 1687 συντιθεῖσι
351 1636 519 1689 eSaneroiti
533 1637 603 1688 libro
618 1652 660 1689 re·

126 1706 213 1759 αοεετί
222 1721 283 1757 oum
292 1706 412 1758 Bredov.
422 1722 449 1773 p.
460 1706 513 1758 394
522 1723 570 1773 pro
583 1706 657 1773 vulg.

127 1769 293 1839 σεντιδέατις
311 1776 349 1827 oi.
367 1776 427 1840 111,
443 1775 487 1828 53.
509 1776 657 1828 Advoeem

127 1837 240 1912 πρόβατα
257 1846 294 1897 ei.
313 1850 387 1899 nott.
400 1845 435 1897 ad
449 1846 479 1912 1,
495 1845 553 1899 133.
572 1858 657 1896 σπου-

127 1913 195 1964 δαῖαι
203 1913 285 1981 νομαί
295 1920 362 1968 sunt
368 1933 467 1981 pererra
474 1917 567 1982 proba,
578 1934 657 1983 prae·

126 1988 222 2046 ιϊεαϊίας
235 1986 272 2038 εί.
287 1985 330 2037 1v
337 2024 345 2051 ,
360 1986 410 2039 198
422 1991 450 2037 et
463 1985 520 2038 alia
532 1986 562 2036 in
574 1986 657 2038 Thoe.

127 2055 196 2120 Ling.
208 2055 253 2110 Gr.
266 2055 331 2120 un.
346 2071 373 2120 p.
388 2054 449 2107 624.

154 2122 220 2191 πίλῳ
241 2122 347 2193 στεγνῷ
357 2123 456 2194 λευκῷ]
480 2126 556 2189 Quae
574 2125 656 2191 vulgo

126 2197 237 2245 venunt:
259 2199 303 2247 mit
329 2198 408 2247 dmm
430 2197 529 2247 dicdten
553 2198 657 2247 weissen

128 2265 182 2315 luz.
207 2266 275 2315 Nem
292 2264 379 2323 πῖλος
398 2264 450 2315 hoe
473 2264 533 2315 loeo
552 2280 608 2315 non
617 2268 659 2329 pi-

128 2337 181 2384 leum
192 2332 329 2401 designat,
349 2334 398 2387 sed
415 2344 509 2400 tepraerr
527 2337 658 2387 τριοδῖτι

128 2405 185 2463 lena,
197 2409 227 2455 nt
237 2409 317 2455 notat
331 2404 496 2469 Weeaeling.
504 2404 658 2471 Hippocra-

130 2475 174 2523 tem
185 2475 270 2525 citans
281 2476 325 2525 De
337 2475 406 2538 adr,
421 2490 466 2540 aq.
480 2478 508 2525 et
521 2473 573 2525 loo.
581 2477 605 2539 β.
613 2473 658 2527 33.

128 2556 152 2607 p.
160 2542 203 2595 291
217 2544 272 2605 (ubi
283 2559 358 2595 nnno
367 2543 424 2597 vid.
437 2544 538 2596 Corsis
552 2543 586 2595 de
596 2544 658 2611 ipsa

129 2612 271 2677 replnribus
280 2615 426 2681 disputans
433 2612 660 2681 pepereram).

129 2682 159 2731 st
169 2683 236 2736 enni.
252 2685 345 2750 ipsum
362 2683 530 2736 Herodotum
543 2685 595 2748 IV,
612 2683 656 2734 73.

129 2751 165 2802 75.
179 2748 298 2820 στεγνὸς,
320 2755 393 2821 qnod
412 2754 503 2820 ipsum
513 2754 542 2804 in
553 2754 658 2820 Hippo·

130 2822 264 2877 stetisti.
285 2841 320 2876 ex
338 2825 448 2890 egregia
457 2823 658 2895 Hemsterhusii

130 2891 304 2946 emendatione
321 2910 396 2945 nuno
413 2893 528 2960 legitur,
549 2899 591 2944 est
607 2897 657 2958 fir-

1242 1182 1252 1216 3

709 1293 762 1342 otis
775 1291 861 1342 vitam
872 1292 971 1359 degere
983 1291 1083 1345 solent.
1109 1293 1186 1344 Coni.
1200 1295 1252 1344 Ya-

707 1364 750 1412 tes
761 1361 886 1413 Textrin.
900 1363 992 1429 Antiq.
1005 1362 1028 1414 1.
1040 1377 1105 1429 pag.
1117 1362 1178 1415 389.
1202 1363 1252 1414 Ar·

708 1429 789 1482 bores
807 1432 927 1498 tegmine
951 1432 1051 1483 obduei
1074 1449 1135 1484 eum
1156 1433 1253 1483 scribit

708 1499 882 1565 Herodotus,
894 1502 971 1565 palos
982 1504 1097 1553 tentorii
1107 1504 1198 1568 potius
1211 1504 1253 1552 in-

708 1568 798 1637 telligi
823 1571 923 1622 statuit
946 1587 1054 1638 quoque
1072 1574 1175 1623 Eumae
1193 1571 1211 1622 1.
1231 1571 1252 1625 1.

708 1655 772 1705 pag.
783 1638 843 1704 433,
856 1639 925 1691 haee
937 1642 1028 1691 omnia
1038 1642 1074 1692 ad
1085 1641 1252 1694 Basehkiros

707 1711 736 1760 in
744 1708 900 1760 huiusmodi
910 1711 1037 1762 tentoriis
1048 1712 1097 1761 sub
1110 1711 1252 1763 arboribus

706 1780 836 1842 degentes
849 1779 918 1831 bene
929 1781 1074 1830 convenire
1085 1784 1172 1832 ratus.

743 1843 800 1914 ἱροί
817 1840 870 1914 γὰρ
888 1842 1013 1913 λέγονται
1033 1842 1117 1915 εἶναι]
1137 1851 1266 1914 Propterv

706 1918 777 1970 haee
792 1919 877 1970 verba
895 1920 1067 1985 potissimum
1079 1920 1250 1985 Argippaooa

706 2005 755 2055 pro
771 1989 845 2040 tribu
861 1988 1027 2040 sacerdotali
1044 1988 1140 2039 Indica
1157 1988 1253 2040 haberi

706 2059 870 2110 rultRitter.
883 2058 903 2111 Ι.
912 2058 931 2110 Ι.
955 2060 992 2108 Et
1005 2073 1071 2109 sene
1082 2057 1134 2108 hoe
1146 2075 1180 2110 ex
1191 2057 1252 2108 loeo

707 2128 905 2195 quodammodo
928 2127 1022 2192 colligi
1042 2142 1123 2193 posse
1141 2128 1251 2178 videtur

706 2199 842 2250 Heerenio
854 2196 873 2250 l.
885 2196 902 2251 l.
917 2214 944 2266 p,
960 2198 1026 2262 312,
1047 2196 1167 2248 valuisse
1187 2196 1252 2247 olim

706 2269 797 2335 gentis
810 2268 945 2334 quandam
957 2283 1006 2332 per
1015 2267 1119 2320 classes
1131 2267 1189 2318 sive
1203 2266 1251 2316 tri-

706 2338 758 2390 bus
783 2337 897 2403 (Ceston
922 2337 1005 2403 vulgo
1030 2335 1184 2404 appellent)
1207 2336 1251 2386 de-

708 2410 901 2474 scriptionem,
930 2409 1152 2474 Argippaeosque
1180 2406 1252 2457 inter

708 2478 869 2530 Galmueeos
881 2477 1088 2543 sivoMongolos
1097 2491 1146 2542 pro
1155 2476 1251 2526 istius-

708 2548 782 2600 modi
795 2548 867 2599 tribu
886 2546 1065 2607 sacerdotali,
1082 2560 1148 2610 prae
1162 2549 1252 2596 caete·

706 2619 745 2669 ris
768 2618 870 2683 insigni
892 2618 1009 2682 indeque
1033 2617 1116 2667 etism
1134 2615 1171 2665 ad
1189 2615 1252 2666 lites

707 2685 876 2740 dirimendas
888 2686 1020 2748 adhibita,
1028 2685 1169 2735 habendos
1181 2698 1250 2735 esse.

706 2757 749 2809 Ad
765 2758 893 2809 Simensas
902 2755 954 2806 hoe
968 2770 1088 2820 quoque,
1103 2758 1134 2803 ut
1145 2752 1251 2819 reliqua

706 2827 765 2879 iere
777 2827 884 2887 omnia,
897 2823 968 2873 falso
980 2823 1065 2875 refert
1075 2824 1117 2874 De
1128 2823 1251 2888 Guignes

706 2898 725 2950 l.
734 2898 752 2948 l.
765 2911 830 2963 pag.
838 2896 890 2946 554
901 2908 958 2958 seq.
981 2892 1154 2957 Superiorem
1167 2907 1251 2958 quan·

130 2978 186 3023 reue,
196 2965 409 3025 deremendum.
431 2964 573 3015 Invenitur
584 2962 659 3028 apud

130 3031 228 3085 Diodor.
240 3033 352 3099 XVIII,
364 3035 412 3093 25,
433 3033 481 3084 ubi
492 3032 657 3097 wesseling.

130 3097 213 3152 laudat
227 3103 343 3155 Diodor.
361 3103 414 3154 XX
427 3102 474 3154 fin.
494 3106 523 3154 et
533 3101 658 3167 Euripid.

131 3166 227 3237 Cyelop.
240 3172 300 3226 323.
326 3171 412 3225 Plura
421 3173 478 3224 vid.
489 3173 517 3223 iu
529 3172 612 3224 Thes.
625 3172 658 3224 L.

132 3238 170 3290 Gr·
180 3241 239 3294 VII.
249 3259 276 3308 p.
287 3242 342 3295 est
352 3242 498 3309 usqe-Ad
512 3242 566 3293 loei
580 3256 661 3307 argu·
709 3246 773 3303 das,
800 3255 870 3308 quae
893 3240 929 3291 ad
945 3256 1027 3291 unam
1043 3242 1133 3308 gentis
1151 3242 1251 3293 tribum

132 3315 237 3362 mentum
252 3313 382 3365 observat
402 3313 519 3363 Heeren.
537 3311 621 3363 Ideen
636 3310 661 3373 I,
708 3312 862 3380 pertInent,
874 3324 907 3360 ea
923 3310 958 3361 ab
967 3311 1107 3364 Herodoto
1119 3312 1154 3363 ad
1165 3316 1251 3363 totam

132 3379 213 3447 Ἆρες.
223 3382 281 3446 233,
293 3382 383 3433 rideri
392 3382 562 3434 Herodotum
573 3380 660 3446 palos,
708 3382 783 3433 illam
802 3384 910 3446 gentem
933 3381 1084 3432 transferri.
1099 3411 1134 3418 —
1148 3370 1251 3447 ἀρήϊον

132 3463 201 3514 snper
213 3467 278 3518 quos
291 3456 451 3504 sternuntur
466 3452 595 3514 tentoria,
611 3462 659 3514 pro
707 3443 800 3502 ὅπλον
814 3450 884 3501 dixit
896 3450 997 3501 Noster
1009 3449 1043 3501 ad
1060 3451 1174 3502 Homeri
1193 3451 1252 3501 imi-

133 3518 272 3586 arboribus,
293 3522 395 3589 quibus
415 3537 482 3574 sane
498 3520 539 3572 illi
557 3518 658 3574 similes
708 3521 858 3581 tationem,
878 3519 924 3585 qui
947 3511 1036 3585 ἀρήϊα
1053 3511 1150 3585 τεύχεα
1168 3519 1252 3571 habet

134 3595 199 3653 runt,
214 3592 361 3656 habuisse,
380 3606 441 3643 oum
457 3592 533 3657 regio
550 3592 604 3641 ista
617 3601 660 3635 ar·
707 3589 751 3643 Ili.
766 3590 814 3641 VI.
832 3589 883 3641 340
897 3593 925 3641 et
937 3579 1075 3654 πολεμήϊα
1097 3580 1194 3654 τεύχεα
1206 3589 1251 3641 Ι1ί.

133 3655 227 3712 boribus
238 3677 334 3715 revera
351 3676 462 3729 prorsus
478 3660 580 3712 eareat.
607 3655 660 3706 Ne·
707 3661 777 3723 VII,
800 3658 871 3721 193,
884 3674 935 3710 nee
951 3658 1032 3710 aliter
1050 3651 1139 3724 ἀρήϊα
1153 3650 1250 3722 τεύχεα

135 3742 177 3791 qne
183 3732 283 3784 omnino
291 3748 353 3784 eam
360 3732 451 3798 gentis
457 3732 659 3797 partem,quam
708 3730 781 3795 apud
794 3727 918 3806 Aponon
930 3727 1018 3779 Rhod.
1031 3730 1054 3792 I,
1067 3730 1127 3782 266.
1140 3728 1190 3789 IV,
1199 3730 1251 3779 206

133 3796 271 3855 Herodotus
281 3804 362 3863 norit,
376 3801 501 3852 ditiorem
511 3801 592 3863 atqua
603 3810 660 3846 am·
708 3805 736 3851 et
758 3788 848 3862 ἀρήϊα
866 3795 990 3861 δουρατα
1003 3798 1056 3860 IV,
1073 3799 1148 3849 1156.
1172 3797 1251 3860 Apud

134 3865 232 3929 lliorem
244 3874 333 3925 videri
346 3870 447 3931 inisse,
464 3871 495 3918 ut
510 3880 659 3932 quaesane
707 3866 877 3920 Herodotum
901 3867 991 3931 ipsum
1012 3866 1067 3927 IX,
1097 3865 1131 3917 33
1155 3855 1252 3930 ἀρήϊοι

135 3938 181 3987 ium
195 3940 286 3993 iisdem
308 3942 393 4001 loeis,
419 3936 566 4003 inquibus
586 3951 658 3986 nuno
707 3931 815 4004 ἀγῶνες
834 3941 1006 4001 opponuntur
1022 3937 1082 3992 τοῖς
1098 3937 1251 4000 γυμνικοῖς.

135 4014 254 4071 versetur,
271 4027 330 4062 eum
347 4008 480 4059 armentis
492 4007 549 4058 suis
563 4005 659 4071 palate
708 4009 750 4059 Ad
763 4007 879 4057 formam
894 3995 1019 4056 ἐκτέαται
1033 4005 1069 4057 ei.
1082 4004 1185 4057 Herod.
1203 4006 1251 4068 IV,

135 4074 214 4131 inerit.
237 4081 299 4131 Sive
316 4079 428 4128 arbores
446 4078 506 4129 sive
526 4075 603 4142 palos
617 4076 658 4125 in·
709 4080 760 4131 174
785 4081 814 4127 et
836 4091 903 4142 quos
927 4073 996 4126 alios
1018 4074 1094 4127 locos
1119 4076 1252 4128 excitarit

135 4145 235 4213 telligas,
250 4150 283 4200 de
294 4147 473 4199 tentoriorum
482 4162 582 4213 genero
595 4161 660 4212 qno·
708 4147 825 4200 Bredov.
839 4162 902 4213 pag.
914 4145 975 4199 329.

135 4211 186 4265 dem
196 4217 237 4269 hie
248 4217 424 4285 rogitandum
436 4231 497 4269 esse
512 4232 591 4268 nemo
605 4231 660 4265 non
743 4210 774 4267 οἷ
781 4208 831 4274 τὰς
843 4206 986 4279 διαφορὰς
998 4208 1183 4280 διαιρέοντες]
1197 4215 1216 4265 ί.
1228 4231 1251 4265 e.

135 4283 209 4337 ridet:
222 4288 249 4337 id
260 4288 332 4353 qnod
344 4302 425 4353 quam
437 4287 553 4339 maxime
563 4301 661 4336 conve·
709 4290 729 4338 ii
747 4295 820 4349 aunt,
837 4290 881 4352 qui
892 4289 1052 4350 finitimorum
1069 4288 1125 4337 liter
1136 4288 1253 4336 dirimunt

135 4352 170 4401 nit
177 4356 345 4411 Tertarorum
356 4356 527 4423 aliarumque
539 4356 661 4422 gentium
709 4364 827 4423 ϊααραααι
836 4357 935 4408 arbitri.
960 4356 1006 4406 Sic
1017 4351 1147 4417 διαιρεῖν,
1157 4359 1253 4404 noten-

135 4426 263 4477 nomadum
282 4427 419 4491 moribus,
441 4441 511 4493 quae
534 4425 584 4478 sub
603 4428 662 4477 ten·
711 4430 738 4476 te
751 4423 1052 4487 Valcken.,iuPolluo.
1065 4424 1143 4485 VIII,
1157 4423 1183 4484 8,
1194 4422 1253 4472 Ari·

138 4492 204 4544 iorlis
215 4497 357 4551 admodum
369 4496 487 4563 simplici
501 4495 608 4547 ratione
621 4494 663 4546 fe·
710 4494 801 4561 steph.
814 4496 885 4547 Ran.
898 4492 964 4546 1132
982 4493 1043 4559 (ubi
1056 4491 1111 4543 vid.
1124 4493 1254 4557 interpre·

706 2969 770 3020 dam
779 2966 870 3032 gentis
879 2961 988 3023 tribum,
1000 2977 1070 3026 quae
1079 2961 1164 3013 saeris
1173 2978 1251 3027 prae·

707 3042 750 3090 est
772 3053 805 3088 ae
827 3031 906 3085 simul
931 3031 1147 3083 iurisdietionem
1167 3031 1252 3082 habet

709 3107 826 3171 indeque
843 3102 924 3153 etiam
945 3100 1015 3165 asyli
1036 3102 1095 3166 ius,
1119 3101 1250 3154 hocloco

709 3174 824 3238 intelligi
834 3171 900 3221 mihi
909 3171 956 3222 rix
969 3170 1094 3222 dubium:
1105 3171 1184 3224 modo
1195 3188 1252 3222 cre·
1348 3204 1352 3215 .
