3042 5125
213 374 255 435 22
643 365 917 429 HERODOTI

215 576 271 651 ζον
285 567 319 645 ές
337 560 397 632 τόν
411 564 570 649 κρητῆρα.
600 554 658 627 διὰ
677 555 814 626 πόντων
829 554 865 625 δὲ
881 552 1113 639 διεξελθόντες
1128 559 1198 624 τῶν
1220 559 1354 624 παίδων

216 667 310 741 οἶνόν
322 692 358 735 τε
379 665 437 734 καὶ
455 660 550 752 ὕδωρ
569 657 751 749 ἐσεφόρεον
765 661 798 739 ές
812 656 931 728 αὐτόν·
961 655 1136 748 ἐμπιόντες
1157 658 1194 727 δὲ
1217 663 1278 727 τοῦ
1298 660 1351 725 oi·

216 797 318 862 ματος
332 768 455 848 πάντες
468 769 503 835 ol
522 767 712 851 ἐπίκουροι,
733 759 823 832 οὕτω
839 761 881 851 δὴ
894 765 1095 851 συνέβαλον.
1119 761 1223 850 μάχης
1243 760 1280 830 ot
1294 786 1351 848 νε-

218 877 360 964 νομένης
378 873 541 961 καρτερῆς
553 868 611 937 καὶ
628 865 800 939 πεσόντων
814 868 847 949 ἐξ
861 863 1063 955 ἀμφοτέρων
1082 871 1150 935 τῶν
1171 867 1352 950 στρατοπέ·

153 986 192 1048 12
219 985 290 1049 δων
303 972 429 1065 πλήθει·
440 977 575 1042 πολλῶν
589 968 773 1058 ἐτράποντο
792 974 826 1039 oi
841 968 1031 1057 Αἰγύπτιοι.
1072 975 1198 1056 Θῶιιμα
1213 968 1250 1037 δὲ
1270 969 1354 1056 μέγα

220 1080 313 1153 εἶδον
326 1076 520 1165 πυθόμενος
535 1071 626 1162 παρὰ
638 1079 707 1144 τῶν
718 1076 917 1162 ἐπιχωρίων.
948 1078 1017 1142 τῶν
1037 1071 1101 1159 γὰρ
1118 1069 1244 1141 ὀστέων
1258 1096 1352 1158 περι·

218 1184 411 1272 κεχυμένων
433 1180 535 1269 χωρὶς
555 1178 723 1266 ἑκατέρων
742 1184 811 1245 τῶν
832 1180 869 1246 ἐν
887 1183 927 1269 τῇ
947 1176 1033 1264 μάχῃ
1052 1174 1157 1264 ταύτῃ
1181 1173 1355 1243 πεσόντων

216 1287 331 1378 (χωρὶς
344 1283 407 1373 μέν
427 1279 491 1371 γὰρ
511 1287 580 1352 τῶν
599 1282 762 1370 Περσέων
785 1282 893 1350 έκέετο
915 1277 955 1348 τό
975 1276 1092 1363 ὀστέα,
1121 1273 1166 1359 ός
1185 1279 1353 1366 ἐχωρίσθη

216 1385 290 1460 κατ’
310 1384 430 1477 ιἰρχόις,
446 1387 587 1472 ἑτέρωθι
603 1384 640 1453 δὲ
654 1388 723 1453 τῶν
737 1388 951 1470 Αἰγυπτίων)
974 1385 1010 1451 al
1026 1381 1090 1470 μὲν
1103 1386 1171 1452 τεόν
1193 1382 1354 1469 Περσέων

217 1496 367 1581 κεφαλαί
378 1494 441 1559 είσι
457 1485 619 1567 ἀσθενέες
634 1483 722 1557 οὕτω
731 1540 740 1572 ,
758 1485 854 1574 ε’όστε,
869 1492 901 1556 εί
916 1489 1030 1566 θέλεις
1042 1484 1145 1579 φήφφ
1164 1482 1273 1575 μοι’νῃ
1291 1490 1352 1572 βα-

216 1651 759 1727 ScythisipaeNosterIV‚700iqnecon-
810 1657 963 1716 sententia,
982 1669 1062 1720 segre
1079 1668 1201 1705 caremus
1219 1651 1355 1718 praeposi·

216 1731 337 1782 sentiens
348 1727 486 1779 Lucianns
495 1726 524 1775 in
534 1725 636 1776 Toxari
646 1741 705 1789 cap.
714 1723 758 1784 37,
811 1728 899 1790 tione,
926 1740 996 1790 quae
1018 1739 1071 1790 quo
1092 1725 1181 1774 minna
1206 1723 1354 1783 inseratur,

216 1800 264 1851 ubi
281 1798 339 1848 vid.
357 1796 449 1849 Iacob.
477 1797 519 1846 De
536 1795 668 1846 Romania
685 1793 757 1844 conl.
789 1804 791 1806 ’
812 1797 924 1847 obstant
933 1794 994 1844 libri
1007 1794 1102 1859 scripti
1115 1794 1150 1844 εδ
1159 1808 1242 1844 unum
1251 1807 1353 1843 omnes.

217 1866 354 1921 Plutarch.
376 1868 405 1917 in
425 1863 559 1917 Publicol.
577 1879 638 1929 cap.
660 1867 677 1915 4
697 1864 759 1914 init.
811 1896 845 1904 -—
866 1867 909 1916 De
926 1865 978 1915 hac
995 1863 1138 1929 Cambysis
1154 1877 1246 1945 pugna
1260 1865 1355 1912 narret

216 1932 761 2071 ttttllnttritltitittilstff
812 1951 920 2056 {lilii
934 1932 1355 2068 itlitttlltnittttff

217 2083 261 2130 tur
273 2075 382 2128 Annall.
395 2074 464 2136 XII,
479 2076 528 2138 47,
545 2073 592 2124 nbi
604 2071 660 2125 vid.
672 2073 761 2137 Lipsii
812 2078 929 2141 ptiorum
953 2073 1103 2139 myriades,
1125 2073 1192 2123 eluas
1211 2073 1353 2122 Persarum

216 2152 287 2198 nott.
332 2144 507 2208 Quinetiam
529 2142 602 2207 apud
624 2142 759 2207 (ingeres,
812 2142 1354 2206 ineaoccubuissescribens:quamquam

218 2217 366 2276 Germanos,
391 2214 526 2264 Hibernos
550 2212 621 2262 idem
641 2211 761 2262 valuisse
812 2217 840 2265 in
852 2216 949 2265 ceteris
962 2214 997 2264 ab
1010 2212 1150 2262 Herodoto
1163 2211 1243 2277 plane
1255 2211 1353 2262 differt.

217 2288 308 2335 monet
325 2284 348 2334 1.
368 2283 469 2334 Grlmm
488 2281 637 2347 (Deutsche
648 2280 762 2332 Rechts·
812 2284 921 2334 Etenim
934 2284 1094 2347 cambysem
1109 2282 1194 2332 tradit
1207 2281 1355 2346 expeditio·

217 2348 760 2416 alterthpar.193seq.),hocdiserteed·
812 2370 872 2404 nem
896 2355 924 2403 in
949 2355 1101 2418 Aegyptum
1130 2351 1229 2402 fecisse
1259 2355 1355 2401 contra

216 2419 404 2482 iiciena‚nulla
415 2419 540 2470 immanis
550 2420 631 2469 moris
642 2420 761 2485 vestigia
811 2425 986 2488 Amyntaeum
999 2423 1057 2472 eins
1069 2428 1158 2472 terrae
1175 2436 1264 2484 regern
1282 2437 1353 2471 eam.

217 2492 290 2557 epod
307 2491 456 2540 Germanos
476 2488 599 2553 reperiri.
634 2489 760 2539 Hebrirli·
811 2510 864 2559 que
875 2493 1016 2557 subegisse
1029 2490 1291 2558 opertCombaphis,
1307 2492 1354 2556 qni

218 2562 278 2613 onia
293 2559 358 2611 solia
370 2575 470 2609 morem
483 2558 569 2610 fnisse
581 2556 710 2625 legimns,
729 2562 759 2610 ul
811 2581 871 2614 cnm
886 2565 959 2629 opud
970 2562 1165 2628 Aegyptiorum
1178 2577 1268 2627 regem
1285 2561 1353 2612 mul·

217 2630 435 2682 manushumam
446 2630 576 2695 sanguine
586 2629 687 2679 linetae
700 2630 759 2679 iun·
811 2640 867 2685 tum
881 2633 986 2685 valeret
1003 2632 1156 2695 eunuchus,
1173 2632 1253 2682 huius
1266 2633 1353 2696 ipsius

215 2700 430 2767 genteaiurerint
441 2701 576 2750 communi
585 2715 666 2760 roem
678 2698 760 2764 plane
809 2720 853 2754 res
869 2702 1019 2768 prodiderit
1029 2718 1062 2752 ea
1073 2701 1242 2764 conditione,
1255 2702 1354 2765 etipse

216 2776 247 2821 ul
258 2769 377 2833 Scythae
389 2768 510 2833 gladios,
524 2770 641 2835 sagittae
654 2775 681 2819 et
700 2768 757 2819 lan·
811 2773 928 2839 Aegypti
940 2773 1096 2837 praefectus
1112 2771 1198 2823 fieret,
1212 2772 1352 2837 Amyrtae.

216 2855 279 2890 ceas
300 2839 426 2904 sangnini
451 2839 610 2905 immergere
632 2839 759 2890 dicuntur
811 2860 869 2903 um,
894 2843 987 2893 rivum
1012 2858 1029 2892 a
1051 2842 1140 2892 Persis
1166 2845 1290 2906 captum,
1315 2840 1354 2892 nil

215 2907 760 3042 tritrittttttrlstlttt‘itl
810 2911 1353 3049 3⁰:0¹3ttitstitl‘ltgtttt’rttf

217 3049 279 3098 dien
293 3045 339 3095 cles
354 3043 435 3097 cleas.
449 3045 614 3097 Altertlmms
626 3063 688 3112 pag.
697 3046 758 3097 276.
810 3053 861 3102 ctis
870 3052 941 3102 Susa
951 3050 1194 3101 translatusluerit.
1211 3052 1253 3102 De
1263 3055 1353 3117 Amyr-

216 3117 280 3181 Ipse
292 3114 392 3163 Noster
405 3113 519 3163 similem
533 3116 665 3179 quendam
678 3116 758 3165 ritem
810 3132 867 3173 meo
880 3122 915 3172 cs.
930 3126 1000 3172 nott,
1015 3120 1049 3171 ad
1062 3136 1121 3186 cap.
1137 3122 1177 3171 15.

217 3184 246 3234 in
268 3181 421 3233 foederibus
444 3183 585 3247 iungendis
609 3184 712 3248 profert
734 3185 759 3245 1,

216 3251 311 3312 tlfin„
320 3251 410 3300 ubicl.
418 3254 500 3311 ποίας
513 3250 565 3301 hoc
575 3268 639 3302 vero
647 3252 706 3303 loco
714 3269 760 3302 ne-

216 3336 260 3371 mo
272 3318 590 3380 nonvidet,aecremrem
603 3320 669 3383 fieri,
678 3338 758 3388 quam
1012 3291 1078 3343 ΟΠ·
1092 3292 1156 3344 ΧΠ·

215 3390 261 3455 qni
283 3395 458 3453 peragerent,
491 3404 522 3437 eo
549 3387 661 3440 firmiori
687 3393 758 3442 iurn-
783 3408 787 3415 ’
844 3386 1004 3459 asplenos
1019 3390 1149 3460 Περσέων
1160 3390 1286 3458 κεφαλαί
1299 3388 1352 3443 εἰσι

215 3462 305 3509 mento
318 3457 463 3508 obstrictos
474 3458 560 3508 teneri
569 3457 713 3511 voluerunt
721 3462 758 3512 ed
809 3478 834 3512 κ.
854 3480 877 3512 τ.
897 3463 931 3529 l]
969 3465 1089 3516 Plurima
1112 3482 1144 3516 ex
1164 3465 1205 3514 his
1225 3464 1352 3528 leguntur

215 3528 323 3579 fortiter
339 3527 528 3591 pugnandum:
547 3527 663 3593 indeque
676 3531 757 3580 etlam
809 3533 836 3581 in
863 3534 1004 3599 Excerptt.
1032 3535 1099 3586 Cod.
1126 3534 1255 3594 Palatini,
1282 3548 1352 3599 qnae

214 3613 269 3648 non
299 3597 480 3647 mercenarios
512 3600 620 3647 tentum
648 3598 756 3661 milites,
809 3602 911 3652 contuli
930 3603 959 3652 in
978 3605 1104 3656 Cronzeri
1121 3605 1282 3655 Commentt.
1298 3604 1352 3653 lle·

214 3681 308 3718 rerum
322 3681 413 3715 omnes
428 3667 509 3715 etiam
519 3666 667 3732 Aegyptios
678 3668 757 3718 huius
808 3670 908 3723 rodolt.
922 3689 985 3739 pag.
998 3673 1058 3724 429.
1080 3673 1166 3725 Paulo
1179 3674 1352 3737 antescripsi

215 3736 286 3786 sacri
296 3734 443 3801 participes
455 3735 540 3784 fnisse
550 3734 757 3802 vultGhillany:
809 3731 887 3790 εἶδον
901 3758 951 3806 pro
963 3742 1036 3808 vulg.
1052 3739 1130 3807 ἴδον,
1146 3744 1182 3794 cl.
1197 3745 1225 3794 ΙΙ
1234 3781 1242 3805 ,
1252 3745 1286 3793 44
1298 3743 1347 3793 ibi-

214 3805 259 3855 die
270 3805 495 3868 Menachenopfer
514 3800 562 3854 der
574 3805 713 3856 Hebraeer
730 3822 757 3870 p.
810 3824 862 3873 que
874 3817 954 3874 nott,
968 3812 1001 3862 acl
1020 3828 1113 3863 vocem
1126 3803 1264 3877 ἑκατέρων
1277 3812 1349 3863 οοιιί.

214 3875 279 3935 62²3
299 3875 347 3924 sed
364 3874 415 3924 hoc
433 3875 467 3924 ab
485 3873 625 3924 Herodoto
639 3873 757 3925 alienum
809 3893 878 3941 qnae
902 3881 936 3930 ad
961 3881 1021 3939 ΙΙΙ,
1045 3883 1061 3931 8
1085 3883 1188 3933 monita
1208 3887 1280 3932 snnt.
1318 3882 1351 3932 ln

215 3942 337 4005 videtur,
350 3943 422 3994 solos
437 3942 618 3994 mercenarios
632 3941 661 4009 (i.
675 3960 699 3994 e.
712 3959 758 4009 pe·
809 3963 884 4012 seqq.
903 3944 1139 4016 διατετρανέεις,
1154 3966 1223 4017 quae
1246 3955 1289 4002 est
1309 3952 1350 4001 in·

213 4011 350 4075 reminas,
370 4013 490 4063 Graecos
504 4017 585 4077 atque
599 4012 693 4077 Cerea)
719 4013 757 4063 di·
808 4018 863 4066 turi
875 4017 975 4081 forms,
991 4021 1019 4070 in
1032 4025 1147 4071 mentem
1160 4025 1272 4072 revocat
1285 4033 1349 4069 ανν-

214 4080 294 4130 aertia
319 4081 410 4130 verbis
437 4086 670 4143 commemorante,
695 4097 756 4134 cum
808 4083 962 4150 τετραίνειν
973 4091 1093 4150 verbum,
1107 4106 1160 4155 quo
1171 4091 1271 4141 Noster
1284 4105 1350 4140 usna

212 4149 340 4213 Aegyptii
349 4149 516 4199 ebhnmenls
527 4150 667 4201 sacrificiis
674 4151 756 4217 plane
807 4160 850 4205 eat
862 4156 906 4217 ΙΙ,
922 4156 967 4220 ΙΙ,
982 4159 1028 4208 nbi
1043 4160 1099 4211 vid.
1121 4164 1191 4210 nott.
1227 4161 1280 4211 Pro
1298 4152 1348 4209 θέ-

213 4217 415 4276 abhorruerint3
430 4218 487 4269 vid.
504 4219 549 4282 ΙΙ,
566 4221 601 4269 45
617 4220 683 4286 ibiq.
696 4226 753 4272 not.
806 4224 862 4281 λεις
874 4226 1014 4276 Sanctolti
1029 4228 1099 4278 liber
1112 4222 1218 4285 θέλοις.
1254 4229 1349 4279 Caete-

248 4277 391 4335 πεσόντων
406 4279 439 4348 έξ
461 4278 628 4352 ἀμφοτέρων
640 4306 664 4339 κ.
680 4306 702 4340 τ.
718 4290 751 4357 L]
804 4309 863 4342 rnm
877 4294 945 4346 haec
963 4297 1047 4347 verba
1066 4298 1210 4361 Synesinm
1223 4305 1349 4362 spectare

211 4355 317 4407 Vocula
328 4346 357 4416 έξ
371 4371 388 4406 ε
400 4357 472 4406 binis
484 4356 561 4408 libris
573 4359 661 4423 ebert,
673 4359 753 4424 plane
804 4363 832 4411 in
845 4364 958 4415 Encom.
974 4365 1051 4417 Calr·
1064 4382 1091 4432 p.
1104 4369 1154 4430 77,
1168 4373 1259 4418 monet
1271 4368 1350 4418 Wes-

211 4430 243 4475 nt
261 4425 289 4489 Ι,
312 4425 359 4489 76,
377 4426 425 4476 nbi
442 4431 547 4492 tamen,
567 4444 627 4479 mea
645 4429 751 4495 quidem
802 4431 944 4498 selingins.
