3042 5125
270 342 333 406 578
703 341 970 405 HERODOTI

208 530 374 612 156Μετόι
388 533 425 603 δὲ
435 529 528 629 αύτῷ
540 561 577 604 τε
590 532 699 628 τούτῳ
706 535 769 604 καὶ
782 548 867 603 τοῖσι
880 530 1009 602 ἄλλοισι
1020 536 1196 619 Θηραίοισι
1208 533 1395 620 συνεφέρετο

273 634 489 727 παλιγκότως.
518 634 718 727 ἀγνοεῦντες
737 634 849 718 δὲτὰς
868 632 1043 726 συμφορὰς
1063 639 1098 704 οἱ
1107 641 1250 723 Θηραῖοι
1265 642 1396 723 ἔπεμπον

275 744 309 822 ἐς
320 737 477 829 Δελφούς
488 743 565 830 περὶ
578 746 646 811 τόν
659 738 854 829 παρεόντων
863 742 986 809 κακοῖν.
1011 734 1032 827 ἡ
1046 738 1084 808 dl
1093 745 1214 826 Πυθίη
1227 760 1288 826 σφι
1297 745 1396 826 ἔχρησε

275 853 487 932 συγκτίζουσι
497 845 614 939 Βόττφ
623 842 787 936 Κυρήνην
796 848 854 933 τής
863 841 993 931 Λιβύης
1002 839 1141 930 ἄμεινον
1149 839 1298 931 πρήξειν.
1319 839 1395 911 'Asi

276 1014 305 1063 in
319 1010 427 1063 verbis:
441 1002 541 1070 Νεκός
555 1007 605 1077 μέν
617 1027 670 1061 νυν
686 1001 820 1078 μεταξύ
868 1014 940 1063 teste
961 1007 1094 1071 Wesael.‚
1116 1009 1240 1060 illustrat
1257 1007 1348 1060 Galen.
1369 1006 1396 1058 ad

276 1070 404 1147 ὀρύσσων
418 1072 573 1144 ἐπαύσατσς
586 1087 618 1132 ut
627 1083 742 1145 Battus,
757 1096 819 1132 cum
867 1081 1029 1146 Hippeerat
1071 1080 1114 1129 De
1145 1078 1263 1130 fructur.
1297 1095 1322 1144 p.
1348 1078 1396 1129 541.

277 1150 416 1202 oraculum
426 1165 532 1218 semper
541 1151 612 1203 idem
620 1150 698 1203 daret
709 1167 821 1217 respon·
868 1147 1145 1214 Schweighccnisrri
1152 1148 1397 1199 rulthesiiOeceu

277 1236 351 1283 sum,
369 1222 487 1273 contiuuo
505 1231 581 1288 atque
597 1223 654 1272 ᾱαυι
671 1224 729 1286 ipsa
741 1221 820 1272 verba
868 1220 1001 1285 Hippocr.
1017 1217 1046 1267 iu
1066 1233 1127 1269 vec.
1146 1217 1327 1282 παλίγκοτος,
1344 1216 1397 1267 haec

273 1290 387 1354 faciebat
403 1291 513 1355 luxua,
533 1290 609 1341 illam
631 1290 774 1356 reliquisse
792 1294 822 1340 et
869 1288 1018 1339 adiiciena:
1040 1286 1130 1350 „Sunt
1148 1286 1306 1352 παλίγκοτα
1319 1285 1397 1349 ποσή

278 1361 306 1409 in
319 1359 435 1410 Theram
445 1359 545 1412 abiisse
557 1361 672 1411 dicutur.
688 1361 734 1411 lta
745 1363 820 1412 recte
869 1372 944 1423 ματα
956 1358 1173 1421 recrudescentes,
1186 1356 1279 1408 denuo
1292 1356 1398 1407 επαωιίν

278 1427 498 1493 Schweighaeus.
512 1433 541 1478 in
556 1429 651 1480 Lexie.
664 1429 767 1481 Herod.
779 1430 819 1480 11.
870 1435 967 1479 scentes
980 1428 1090 1478 dolorem
1106 1427 1144 1476 Et
1155 1427 1240 1478 homo
1253 1425 1398 1489 παλίγκοτος

277 1513 304 1564 p.
320 1497 378 1561 101,
394 1497 439 1548 eui
452 1496 637 1563 adstipulatur
648 1500 772 1551 Iaccbitz
785 1497 822 1549 ad
870 1494 1010 1561 aristoph.
1030 1495 1169 1569 Pac3389
1187 1496 1305 1559 dieitur,
1323 1496 1364 1559 qui
1375 1486 1398 1553 ἐξ

278 1567 394 1617 Luciau.
408 1567 509 1618 Toxar.
527 1571 553 1632 §-
566 1567 609 1620 38.
622 1584 684 1635 pag.
696 1569 740 1620 75.
764 1568 822 1619 Nec
870 1557 1056 1628 ὑποστροφῆς
1069 1565 1154 1614 nuiss
1169 1556 1343 1630 ‹ipyslrisle⁸⁸
1367 1563 1398 1613 ur
1454 1601 1455 1620 2

278 1636 359 1688 aliter
378 1636 619 1700 Wyttenbaehium
643 1654 661 1690 a
680 1639 726 1688 Cr.
755 1637 823 1688 cita·
871 1636 935 1688 add.
953 1633 1092 1685 Theocrit.
1114 1636 1213 1700 XXII,
1240 1634 1285 1686 58.
1312 1631 1397 1684 Mosei

277 1711 334 1756 tum
345 1705 548 1758 Animadversa.
564 1706 600 1756 ad
610 1705 683 1759 Plut.
695 1707 765 1758 Mor.
782 1708 820 1757 11.
871 1705 921 1766 IV,
933 1703 977 1755 92.
988 1702 1129 1754 Blomfield
1141 1705 1170 1754 in
1182 1704 1304 1756 Glossar.
1318 1702 1350 1753 ad
1359 1703 1398 1752 ie

278 1791 304 1841 p.
320 1774 388 1828 1057
406 1774 474 1826 haec
491 1775 661 1828 intellexisse
677 1776 773 1840 rideo,
788 1792 822 1828 ex
871 1772 1128 1839 schyliAgamemn.
1138 1775 1202 1826 554.
1219 1776 1355 1838 Quaenam
1365 1786 1398 1823 re

278 1843 503 1897 antecedentibus
534 1845 740 1897 subaudientem
772 1845 822 1896 lle-
871 1859 902 1895 ro
911 1843 981 1893 haec
996 1843 1058 1908 ipsa
1069 1842 1143 1895 mala
1156 1842 1271 1906 fuerint,
1285 1856 1397 1908 quaenam

279 1912 401 1975 σπίζων.·
412 1917 511 1966 interea
523 1916 580 1966 dum
592 1915 655 1967 tace
669 1917 822 1968 υαιίσίπατε-
870 1911 1058 1976 calamitates,
1078 1912 1107 1962 iu
1119 1928 1188 1978 quas
1201 1912 1318 1964 Theraei
1329 1911 1397 1962 denuc

278 1993 320 2036 sur
340 1987 483 2050 relinquens
501 2001 554 2036 eum
579 1985 649 2036 abiil.
671 2011 707 2021 —
727 1986 823 2050 Neque
871 1982 1031 2045 inciderint,
1051 1982 1213 2034 Herodotus
1233 1998 1295 2034 eum
1311 1983 1397 2031 minine
1454 1969 1455 1988 ¹

279 2053 362 2104 alium
385 2053 414 2103 in
430 2053 539 2105 modum
556 2053 719 2120 explicanda
734 2059 823 2119 erunt,
871 2048 1396 2118 indicarit,legunturnonnullainSchel.
1454 2051 1455 2088 3

280 2138 394 2189 quassu
415 2121 587 2189 releguntur
600 2139 662 2190 esp.
676 2123 740 2176 129:
755 2124 822 2173 πολ·
872 2121 984 2173 Pindar.
1003 2121 1039 2172 ad
1055 2121 1135 2187 Pyth.
1152 2122 1210 2183 lv,
1230 2121 1262 2172 10
1272 2138 1286 2172 e
1297 2116 1397 2171 Meneele

280 2183 361 2249 tuisse
384 2138 415 2240 dd
448 2183 660 2243 ἐπελαυνόντων
693 2194 742 2259 [se.
767 2190 824 2243 τῶν
873 2196 997 2257 sumpta:
1016 2192 1091 2242 cives
1105 2190 1217 2243 induas
1233 2188 1397 2243 factionarii·

241 2317 248 2330 ,
280 2256 430 2328 Σκυθέων]
448 2251 495 2310 ἐπὶ
513 2257 578 2322 τοὺς
590 2256 702 2328 Πέρσας
719 2277 824 2328 μετα·
872 2262 928 2313 ἰττο
947 2261 1051 2312 divisos
1068 2262 1256 2328 Battumque‚
1276 2261 1321 2327 qui
1335 2256 1399 2309 alteri

281 2323 322 2392 ξύ
345 2331 376 2397 (i.
390 2346 414 2382 e.
429 2331 551 2394 interea,
572 2332 643 2382 inter
655 2333 744 2398 ipsum
756 2332 823 2383 illud
873 2332 948 2397 parti
963 2329 1126 2395 praetuerit,
1140 2332 1249 2396 proelio
1262 2332 1364 2392 rictum,
1373 2342 1397 2377 eo

280 2404 395 2466 tempus,
409 2415 462 2466 qno
472 2400 571 2452 Persas
583 2400 823 2467 aggrediebantur)
872 2399 1019 2451 adductum
1036 2399 1134 2464 fuisse,
1156 2406 1191 2452 ut
1206 2401 1282 2453 terra
1297 2400 1398 2454 cederes

279 2462 353 2529 ὅκως
365 2460 517 2520 ἀκούσειαν
530 2462 560 2519 οῖ
573 2467 656 2521 ίπποι
666 2486 692 2522 κ.
703 2487 725 2521 τ.
740 2470 761 2521 l.
871 2471 900 2521 in
913 2484 995 2536 quam
1006 2469 1081 2520 nulla
1092 2486 1153 2521 enm
1166 2471 1226 2539 ipsi
1235 2467 1398 2523 msetoeditns

872 2554 945 2623 spes,
959 2539 1098 2591 oraculum
1109 2540 1398 2606 consuluissemus

460 2642 527 2695 02»-
547 2643 641 2757 αν-
872 2625 977 2746 τα
990 2605 1397 2747 εεαειτο.1τ.ιυ.ιὲ

317 2739 482 2814 συνεφέρετο
495 2745 682 2814 παλιγκοτως]
702 2748 720 2800 i.
739 2764 761 2800 e.
780 2749 824 2800 de·
873 2748 942 2800 elem
953 2751 1074 2815 sequitur
1086 2750 1177 2803 Schel.
1198 2752 1234 2802 ad
1248 2748 1396 2816 Lyccplrmu.

282 2834 331 2870 nuo
347 2821 512 2879 inclamauit,
526 2821 607 2872 denuo
626 2822 651 2869 in
669 2821 824 2870 emunitates
872 2818 1021 2871 Cassandr.
1034 2819 1085 2871 884
1095 2836 1211 2887 eamque
1225 2822 1312 2886 ipsam
1325 2830 1397 2867 versu

279 2888 823 2954 incideremu-ubirespieituradea,quae
872 2888 997 2940 coloniae
1015 2888 1173 2941 condendae
1201 2890 1288 2941 luisse
1306 2899 1396 2939 causam
1452 2942 1453 2945 ¹

281 2971 339 3022 cap.
351 2958 397 3008 151
406 2961 471 3007 sunt
479 2956 563 3008 dieta.
583 2958 690 3009 Etenim
700 2956 773 3009 haud
783 2958 824 3007 in·
871 2955 1396 3025 pronuntiatRacul·Roehette:Histoire

281 3025 412 3090 frequens
430 3030 473 3076 est
486 3021 681 3091 συμφέρεσθαι
695 3028 825 3094 impersc·
873 3028 907 3079 de
919 3025 1023 3078 l’dtabi.
1036 3029 1062 3079 d.
1074 3029 1162 3081 colon.
1176 3030 1276 3095 Grecq.
1289 3028 1338 3079 111.
1347 3037 1396 3091 pag·

281 3093 343 3144 nale
353 3094 466 3145 verbum
478 3094 618 3161 (accidere,
632 3100 753 3163 ευσυίυε),
768 3112 825 3147 cre·
873 3096 925 3149 260
937 3112 994 3163 seq.

281 3163 357 3214 brius
367 3162 462 3214 addite
475 3168 635 3217 accusativo
648 3171 676 3217 et
686 3165 823 3218 infinitivo
915 3164 1088 3232 συγκτίζουσι
1101 3157 1198 3233 Βάττῳ
1213 3157 1343 3233 Κυρήνην
1357 3157 1396 3226 τῆς

282 3232 330 3293 rei,
341 3247 411 3298 quas
425 3233 562 3285 accidisse
573 3236 746 3299 narratur(v.
758 3251 783 3290 e.
799 3235 823 3300 1,
874 3228 981 3305 Λιβύης
991 3225 1108 3301 ἄμεινον
1133 3229 1269 3304 πρήξειν]
1299 3233 1396 3286 Datirat

282 3301 307 3353 9.
318 3301 362 3365 11,
375 3302 438 3363 lll,
454 3306 482 3354 et
495 3302 558 3355 aliis
568 3303 646 3363 loeis,
663 3304 711 3355 ubi
728 3307 825 3356 eodem
875 3304 1063 3373 συγκτίζουσι,
1075 3307 1123 3373 qui
1135 3306 1172 3357 ad
1187 3305 1346 3358 antecedens
1357 3314 1396 3363 cut

281 3371 437 3436 significatu
452 3374 573 3426 activum
586 3369 747 3440 συμφέρειν,
758 3391 787 3428 r.
800 3391 824 3426 c.
873 3377 1003 3441 refertur,
1023 3391 1079 3427 non
1091 3377 1161 3428 satis
1178 3376 1306 3429 convenit
1317 3374 1397 3423 formu·
1451 3392 1452 3439 ς

281 3441 413 3505 111,129.
430 3443 485 3507 VI,
506 3443 550 3495 23.
565 3444 626 3496 117.
648 3444 716 3508 VII,
733 3449 761 3497 4.
780 3446 823 3496 10.
873 3447 917 3497 lae
930 3435 1046 3511 ἄμεινον
1059 3438 1193 3513 nerstein
1213 3462 1284 3513 quae
1299 3458 1352 3494 cnm
1362 3454 1395 3490 ιι·
1451 3450 1452 3505 l

283 3511 331 3564 117
342 3516 424 3577 ete),
437 3512 481 3564 sel
491 3512 621 3565 adiuncto
631 3513 763 3567 adverbio
775 3519 825 3565 aut
873 3516 1026 3568 cusativum
1050 3517 1105 3567 sibi
1127 3518 1266 3582 requirat,
1288 3512 1395 3563 Raislins

282 3579 431 3646 adiectivo,
445 3588 476 3634 ut
487 3583 536 3648 1v,
554 3583 825 3648 157.v111,860011.
873 3586 993 3637 coniecit
1016 3584 1210 3650 συγκτίζοντας
1233 3587 1289 3637 sire
1306 3576 1330 3632 εί
1347 3592 1394 3641 σιτ·

281 3652 443 3719 v11,8.v‚
462 3654 507 3707 82.
523 3654 586 3715 1143
605 3654 685 3705 itaut
697 3669 765 3706 sane
778 3654 826 3706 ad·
873 3653 1009 3719 κτίζουσι,
1032 3655 1195 3707 Schaelerus
1210 3661 1300 3707 autam
1315 3647 1394 3701 multfi

280 3722 404 3774 serbium
439 3717 627 3789 παλιγκότως,
659 3726 737 3775 cuius
763 3724 824 3776 leco
873 3725 962 3776 soluit
978 3716 1099 3790 πρήξειν
1119 3727 1147 3777 in
1170 3722 1308 3792 παρέξειν.
1333 3716 1394 3770 Libri

281 3791 434 3859 Schweigh.
451 3796 603 3860 praeferret
615 3793 783 3859 παλίγκστα,
800 3794 824 3846 si
873 3796 970 3861 scripti
986 3794 1022 3846 ad
1039 3811 1120 3846 unum
1140 3812 1232 3849 omues
1255 3796 1283 3844 iu
1301 3789 1395 3855 rulgtss

280 3862 444 3927 quidarent
462 3865 590 3927 codices,
609 3864 677 3915 nihil
694 3865 825 3931 praebeat
872 3863 992 3916 lectione
1025 3866 1202 3931 conspirant,
1239 3879 1285 3930 per
1315 3869 1392 3935 sarisa!¹

280 3930 449 3985 offensionis.
479 3933 558 3985 Dixit
571 3934 716 4000 Euripides
732 3936 760 3985 in
773 3934 825 3985 Oe·
874 3935 1012 4002 quandam
1023 3938 1186 3988 structuram
1198 3930 1361 4000 explicanda,
1376 3939 1393 3976 τι

234 4010 237 4015 ’
280 4003 373 4051 nemsi
403 4002 572 4069 fragmento,
600 4004 673 4069 quod
701 4004 825 4056 servarit
874 4006 984 4072 quidem
997 4009 1109 4070 auctor,
1130 4007 1175 4072 qui
1192 4006 1226 4057 ob
1240 3998 1331 4068 ἔχρησε
1341 3994 1392 4047 seri·

280 4069 416 4124 Stcbaeus
431 4071 559 4141 Florileg.
577 4073 628 4138 99,
648 4074 665 4125 8
685 4074 825 4141 (Traglce.
875 4076 931 4142 psit
943 4088 1003 4140 σφι,
1014 4075 1078 4126 hnic
1088 4076 1225 4126 adstruxit
1235 4068 1390 4137 eleusium.

281 4138 394 4191 Graece.
412 4142 536 4207 fragmm.
552 4158 608 4195 rec.
627 4143 697 4210 Aug.
716 4145 823 4196 Nauck.
875 4146 948 4196 haud
961 4146 1111 4211 respiciens
1129 4145 1279 4211 sequentia:
1296 4129 1391 4204 duum

281 4208 389 4287 pusild.
407 4211 533 4276 Euripid.
550 4228 590 4262 nr.
613 4211 691 4276 576):
716 4208 747 4263 ἓν
768 4206 824 4264 ἐστι
875 4209 1006 4281 πρήξειν,
1037 4231 1108 4282 quae
1137 4211 1326 4281 significatione
1348 4217 1389 4255 uon

280 4293 396 4327 παντων
408 4276 520 4344 πρῶτον
534 4275 639 4330 είδὲναι
656 4277 746 4348 τουτὶ,
767 4277 825 4347 φὲ·
876 4285 1004 4338 differunt
1027 4301 1044 4335 a
1073 4285 1207 4337 similibus
1232 4274 1389 4333 locutionibus

282 4361 320 4426 ps
325 4362 359 4396 ιν
377 4341 412 4398 ssi
431 4351 626 4414 συμπίπτοντα
645 4342 684 4417 μή
705 4353 825 4419 παλιγ·
876 4343 1005 4420 (ἄμεινον
1018 4347 1134 4405 ἔσεσθαι
1143 4371 1165 4407 a.
1178 4348 1344 4404 συνοίσεσθαι
1352 4342 1388 4421 11,

280 4430 366 4471 κοτω
375 4433 398 4478 ς.
424 4421 518 4488 Ipsam
532 4436 628 4475 vocem
647 4419 824 4488 παλίγκοτος,
877 4425 919 4478 15.
931 4426 970 4490 V,
982 4424 1045 4491 82),
1068 4426 1165 4491 qurlsus
1182 4425 1285 4476 dativus
1297 4416 1387 4477 adiflsst¹
