3042 5125
277 396 339 457 472
709 391 976 454 HERODOTI

228 611 268 675 88
278 617 313 659 τε
327 591 382 659 καὶ
396 592 457 658 τοῦ
470 589 525 658 ἐπὶ
538 585 674 676 στόματι
692 590 776 675 [pori.
820 595 964 669 Δαρεῖος
980 583 1015 652 <ll
1030 579 1111 673 μετὰ
1123 584 1226 651 ταῦτα
1238 576 1345 668 ἡσθεὶς
1360 585 1393 669 τῇ

277 698 392 782 σχεδίῃ
415 689 474 761 τὸν
492 690 707 780 ἀρχιτέκτονα
729 686 831 777 αὐτῆς
852 689 1078 776 Μανδροκλέα
1099 683 1158 754 τὸν
1179 682 1305 774 Σάμιον
1325 688 1393 753 ἐδω-

278 858 322 909 Cl.
336 858 374 921 11,
390 859 449 909 121.
462 858 548 920 VIII,
560 858 603 909 30.
630 858 672 909 Ad
684 856 823 924 significa·
873 872 958 922 μενον
968 846 1072 905 καθότι
1084 846 1220 920 εἰσβάλλει
1230 847 1269 908 είς
1279 842 1397 916 τὴνΠρο

279 931 380 978 tionem
392 928 470 978 verbi
486 920 694 994 συμβάλλεσθαι
711 928 785 981 coni.
798 927 822 993 1,
873 924 1011 975 ποντίδα·
1027 921 1115 973 ταῦτα
1124 916 1177 989 μὲν
1187 913 1272 971 είδότι
1284 933 1325 969 σοι
1334 915 1397 983 λέγω.

277 998 312 1049 us
326 998 418 1063 ibique
430 1003 500 1048 nott.
514 997 558 1059 11,
570 997 612 1047 33.
626 998 685 1057 111,
697 997 740 1049 68.
760 998 822 1059 vn,
874 997 942 1048 add.
954 995 1020 1045 ibid.
1033 997 1058 1057 5.
1071 993 1104 1044 31
1118 995 1148 1043 in
1159 993 1207 1043 fin.
1218 992 1345 1055 Anonym.
1356 991 1395 1040 Pe

279 1070 322 1118 21.
337 1066 395 1118 181.
407 1066 466 1118 187.
480 1067 559 1129 vm,
572 1065 613 1118 30.
874 1066 935 1130 ripl.
948 1070 973 1130 ξ.
989 1066 1000 1116 1
1019 1064 1152 1128 (pulpito
1165 1063 1198 1112 Τ.
1211 1061 1254 1111 111
1264 1060 1304 1112 ed.
1317 1059 1395 1123 uult,

313 1132 398 1201 μέσον
417 1128 473 1184 ἐστὶ
493 1133 643 1196 Βυζαντίου
665 1147 693 1182 τε
710 1128 824 1181 καὶτοῦ
875 1136 943 1196 alis,
965 1150 1035 1199 quae
1057 1134 1152 1183 attulit
1171 1129 1243 1183 Gail.
1255 1130 1292 1180 11.
1310 1145 1335 1194 p.
1348 1128 1396 1189 but,

280 1197 326 1255 lut
344 1196 455 1269 στόματι
476 1198 550 1272 ἴσον]
575 1207 637 1256 Duo
656 1202 730 1263 loca,
751 1203 823 1253 inter
875 1206 977 1256 Osann.
999 1205 1111 1268 Disput.
1136 1202 1171 1251 de
1195 1200 1291 1265 fragm.
1314 1198 1397 1262 Peripl

281 1290 351 1343 quae
363 1275 480 1325 medium
492 1277 625 1326 struxisse
636 1272 747 1323 videtur
758 1288 824 1337 pon·
875 1277 972 1326 Graec.
991 1274 1023 1323 Τ.
1037 1273 1089 1323 lll.
1107 1269 1192 1336 11:288
1205 1285 1279 1334 seqq.
1295 1267 1397 1319 euusit

281 1352 336 1395 tem
353 1345 470 1405 Darius,
498 1360 532 1396 ea
563 1343 621 1395 vult
646 1357 706 1393 esse
725 1343 825 1403 Kruse,
875 1344 936 1396 coll.
952 1342 1124 1394 Tzachuckio
1137 1340 1174 1391 ad
1187 1340 1250 1390 blel.
1265 1340 1288 1399 Ι,
1301 1338 1397 1402 lupae

281 1429 394 1481 quorum
406 1414 477 1464 alter
498 1430 569 1465 nunc
586 1419 700 1465 vocetur
713 1412 828 1463 Auodoli
875 1414 926 1467 573
943 1412 1014 1479 (Vol.
1028 1413 1082 1463 111.
1096 1413 1128 1461 P.
1144 1411 1169 1475 1)
1183 1416 1254 1459 nott.
1267 1422 1355 1472 exegg.
1372 1407 1399 1456 El

283 1485 377 1535 Korok
393 1501 414 1535 s.
436 1487 515 1535 maris
527 1486 595 1549 niori
611 1486 751 1539 castellum,
770 1496 824 1531 non
876 1484 1003 1536 conseras
1016 1498 1102 1547 supra
1114 1481 1171 1544 lv,
1189 1480 1233 1531 85.
1258 1477 1369 1529 ciceron.
1378 1479 1399 1526 ir

281 1553 361 1603 valde
383 1559 502 1603 remotus
520 1553 554 1603 ab
576 1568 608 1603 eo
626 1552 701 1613 loco,
728 1551 775 1599 ubi
792 1542 824 1598 τό
875 1555 952 1603 Verr.
963 1554 1011 1613 lV,
1024 1553 1067 1603 57.
1083 1552 1157 1615 Quin
1170 1549 1364 1612 inscriptionem
1374 1544 1401 1595 ad

282 1616 346 1687 tois
361 1638 383 1677 s.
397 1622 526 1687 templum
543 1622 617 1673 Iovis
628 1622 690 1672 Urii
708 1625 768 1670 erat
782 1635 827 1670 ex·
876 1624 951 1674 lovis
968 1622 1029 1672 Urii
1047 1635 1128 1672 soora
1147 1622 1316 1685 spectantem
1332 1630 1399 1682 prope

282 1697 415 1743 structum
439 1696 467 1741 in
485 1693 569 1743 Asiae
594 1707 655 1753 ora,
686 1690 755 1740 alter
786 1689 826 1752 (in
876 1691 993 1743 Auatloli
1011 1690 1111 1741 Kavak
1133 1706 1165 1739 eo
1190 1690 1251 1754 ipso
1275 1687 1345 1749 loco,
1364 1684 1399 1735 ubi

283 1765 410 1827 Europae
421 1761 479 1823 ora)
499 1778 547 1827 pro
566 1765 640 1826 apice
652 1762 747 1825 palatii
760 1759 825 1811 Con·
878 1762 1008 1826 templum
1027 1761 1117 1821 Iovis,
1139 1760 1220 1809 cuius
1241 1756 1312 1807 nulla
1329 1755 1399 1805 adhue

282 1835 499 1895 stantinopoluont
514 1830 611 1896 (Seruii
628 1845 700 1879 nunc
713 1829 827 1891 vocant)
878 1846 1021 1898 superesse
1034 1830 1164 1880 dicuntur
1184 1826 1298 1887 rudera,
1318 1832 1401 1875 exstru·

283 1902 475 1969 perhibeatur.
494 1902 540 1951 ubi
553 1900 617 1950 olim
630 1901 759 1964 Byzantii
777 1914 826 1949 αττ
878 1908 952 1953 ntum
965 1901 1051 1951 fuisse
1062 1898 1205 1965 probabile
1215 1903 1268 1959 est,
1280 1894 1402 1947 recentiori

283 1974 424 2036 ipsumque
450 1970 558 2021 Dianae
588 1969 732 2020 Orthosiae
761 1972 828 2018 tem·
878 1976 972 2023 aetate
1001 1971 1141 2019 iuventam
1171 1984 1233 2017 esse
1259 1967 1400 2030 accepimus.

283 2041 366 2106 plum.
386 2068 418 2076 -
437 2031 500 2103 ἴρὸν
513 2041 542 2091 in
559 2039 686 2089 faucibus
696 2039 779 2089 Ponti
792 2039 828 2089 si·
877 2044 945 2093 Post
960 2039 1093 2090 Chishull.
1109 2038 1222 2103 Antiqq.
1242 2036 1337 2087 Asiati.
1354 2048 1400 2099 pag.

263 2148 267 2153 -
283 2115 340 2161 turn
356 2109 545 2176 proculdubio
560 2113 601 2159 est
617 2110 684 2161 louis
699 2111 756 2160 urii
770 2116 828 2159 leor-
878 2111 912 2164 39
925 2109 1048 2162 exhibuit
1061 2110 1150 2159 Kruae
1167 2107 1184 2156 l.
1198 2106 1216 2156 l.
1235 2122 1297 2171 pag.
1307 2105 1338 2156 37
1349 2118 1400 2166 seq..

279 2182 362 2245 plum,
376 2196 391 2230 e
405 2194 457 2244 quo
473 2179 533 2245 ipso
544 2180 573 2228 in
585 2180 700 2228 Pontum
714 2178 827 2243 naviga·
879 2197 912 2231 ao
931 2180 1102 2246 potissimum
1122 2177 1229 2226 Osann.
1242 2174 1356 2238 ,sylloge
1369 2172 1401 2221 ln·

284 2256 361 2299 turos
383 2249 497 2299 solvisse
524 2252 642 2298 testatur
666 2249 774 2297 Arriam.
800 2247 829 2296 iu
878 2254 992 2315 scrippt.
1009 2264 1036 2313 p.
1050 2247 1115 2310 228,
1136 2245 1252 2297 Clarke:
1271 2241 1375 2295 Travels
1385 2241 1401 2289 l.

284 2317 387 2382 Peripl.
406 2320 430 2379 §-
446 2317 492 2376 113
515 2319 605 2368 lovem
617 2318 760 2378 nimirum,
783 2316 828 2381 qui
878 2337 906 2386 p,
920 2321 970 2371 081
990 2334 1064 2382 seq„
1087 2316 1134 2383 qni
1151 2317 1243 2379 ipsam
1262 2314 1314 2364 loci
1328 2310 1402 2375 imagi·

286 2385 418 2437 secundos
433 2391 531 2436 ventos
546 2401 756 2452 prosperumque
770 2402 829 2435 our·
879 2407 939 2441 nem
952 2388 1076 2438 exhibuit
1094 2402 1119 2450 p.
1134 2384 1198 2436 084.
1223 2383 1291 2435 Add.
1307 2382 1403 2450 quossi·

287 2473 347 2507 curn
372 2454 515 2521 praeberet
543 2456 627 2521 (unde
648 2458 706 2507 Urit
728 2470 827 2505 nomen
878 2457 1049 2510 tstSehoell.
1065 2456 1139 2507 Hist.
1160 2455 1197 2505 de
1215 2454 1243 2503 la
1259 2453 1403 2513 LitGrecq.

287 2524 574 2590 illius),invooantes.
598 2525 631 2575 In
642 2525 829 2591 promontorio
878 2530 931 2581 ΠΙ.
953 2544 980 2591 p.
996 2529 1039 2579 45.
1062 2525 1105 2578 uu.
1131 2525 1176 2577 De
1202 2525 1262 2590 ipso
1280 2524 1328 2576 boo
1344 2523 1403 2579 lore,

286 2597 345 2648 sive
356 2596 465 2647 editiori
479 2596 552 2658 loco,
573 2612 651 2661 quem
664 2596 754 2669 adhuc
767 2597 829 2648 loro
878 2600 926 2665 qui
941 2601 1019 2651 Urius
1030 2595 1193 2658 vocabatur,
1207 2595 1320 2660 plurima
1330 2589 1404 2642 attulit

285 2665 427 2730 (corrupto
446 2665 506 2717 scil.
518 2669 626 2717 nomine
643 2682 675 2716 ex
695 2659 768 2730 ίρον)
783 2680 829 2716 vo·
880 2668 993 2720 Mueller
1012 2667 1111 2730 Geogr.
1129 2666 1177 2717 Gr.
1195 2666 1261 2716 min.
1279 2664 1302 2714 1.
1319 2678 1343 2728 p.
1357 2659 1403 2711 381.

286 2737 344 2787 cari
362 2740 458 2786 auctor
480 2742 522 2788 est
539 2735 719 2795 Tournelort‚
745 2738 829 2786 situm
881 2739 950 2789 Add,
976 2738 1008 2789 0,
1032 2736 1119 2787 Jahn:
1142 2734 1321 2797 Archaeolog.
1343 2728 1404 2782 inis.

285 2805 352 2857 illud
375 2806 427 2856 init
453 2807 624 2871 maximeque
653 2804 829 2866 celebratum,
880 2824 944 2874 pag.
964 2806 996 2858 31
1017 2821 1094 2869 seqq.
1125 2804 1206 2865 Quae
1229 2802 1403 2858 cuminum,

286 2876 407 2927 erebrius
420 2875 483 2926 inde
505 2875 622 2941 simplici
639 2879 722 2938 templi
737 2890 759 2924 τ.
773 2875 832 2939 [ατί
880 2878 980 2940 locum,
993 2875 1041 2925 ubi
1054 2876 1196 2940 Bosporus
1208 2881 1290 2939 ponte
1304 2872 1351 2922 luit
1360 2872 1404 2919 iuu-

287 2946 404 3006 nomine‚
416 2949 539 3010 utsupra
552 2961 613 3010 cap.
625 2944 669 3009 85,
683 2947 711 2995 iu
721 2944 830 3010 Scylao.
882 2953 952 3009 otus,
969 2947 1014 2996 vix
1028 2946 1111 2995 alium
1124 2960 1185 2995 esse
1198 2949 1282 3010 atque
1291 2957 1359 3000 enm,
1370 2937 1404 2986 nli

287 3014 387 3077 Peripl.
404 3017 428 3077 ς,
446 3014 490 3064 67.
509 3016 557 3078 92,
580 3018 628 3064 sut
650 3015 678 3064 iu
697 3016 830 3080 Anonym.
882 3010 1404 3080 nuncinEuropaeoralironili-Erkl-le·

288 3083 432 3133 Stadiasm.
447 3082 557 3149 Prolog.
571 3083 616 3148 (T.
628 3084 665 3133 11.
681 3100 707 3148 p.
723 3083 774 3134 434
787 3084 830 3134 ed.
884 3085 979 3150 sor’l),
993 3086 1022 3134 in
1034 3085 1117 3135 Asiae
1129 3083 1213 3134 litore
1227 3078 1404 3134 Anauon-Eub·-

288 3151 374 3213 Gaii,
390 3152 466 3202 cuius
479 3157 576 3202 notula
593 3153 648 3203 vid.
661 3153 727 3203 ibid.
741 3170 768 3217 p.
782 3152 833 3208 503
885 3160 981 3208 Hirsur
1006 3155 1089 3219 (quae
1112 3169 1190 3205 arces
1214 3159 1338 3204 vetustae
1356 3148 1404 3198 olli·

286 3221 365 3286 serp).
377 3220 496 3271 Causam
506 3224 833 3288 speruitArrian.Peripl.
884 3228 964 3279 otonis
977 3235 1061 3276 turrea
1076 3223 1156 3289 vulgo
1176 3229 1321 3280 vocantun
1339 3232 1404 3283 quon·

288 3289 333 3355 (T.
346 3289 400 3339 ΙΙΙ.
416 3306 442 3353 p.
454 3292 486 3340 112
501 3307 558 3356 seq.
572 3291 614 3340 ed.
626 3290 710 3353 Gall.)
722 3295 746 3354 ἕ.
764 3294 796 3343 12
809 3310 830 3344 s.
883 3298 939 3346 ism
955 3296 1002 3359 qui
1018 3298 1165 3358 perpetuae
1181 3291 1405 3356 captiuitatispoe·

287 3360 459 3423 Anonymus.
478 3361 525 3426 qui
541 3361 673 3410 Arrianus
693 3361 832 3412 ferebatur
883 3383 945 3416 nam
962 3364 1035 3414 luere
1054 3364 1184 3426 debeant,
1207 3363 1264 3414 illie
1278 3359 1365 3411 inclusi
1375 3361 1403 3405 te·

288 3430 339 3493 §.l
362 3428 500 3490 (Mueller:
522 3431 621 3495 Geogr.
644 3431 690 3480 Gr.
709 3431 848 3483 miun.1.·
883 3432 991 3497 nentur)
1018 3448 1117 3498 magua
1144 3448 1207 3483 oum
1234 3429 1403 3497 probabilitate

289 3515 316 3563 p.
325 3497 414 3583 ἱ402),
432 3500 509 3586 euius
527 3500 595 3578 hepo
610 3500 783 3580 sunteverba:
796 3529 828 3580 3-
881 3505 981 3556 statuit
995 3504 1097 3564 Kruso,
1114 3503 1184 3554 alias
1196 3517 1303 3569 qnoque
1314 3499 1345 3550 ob
1355 3509 1404 3548 cau·

288 3570 831 3716 tillllttt.².‘t⁰ttt”.l‡t⁰5:..t
883 3570 1403 3708 ltlltllttl’.ltl¹¹2.t¹,²¹¹.⁶.l;lll

289 3721 506 3788 ‘fillotyvstfvoe‘
526 3707 608 3758 τοῦτο
629 3702 658 3759 δὲ
678 3702 709 3785 Ιτὸ
727 3708 832 3774 χωρίον
883 3719 980 3778 peutos
995 3728 1092 3777 passus
1107 3712 1209 3774 latum,
1231 3713 1267 3763 ad
1284 3716 1402 3761 transeun-

290 3792 447 3853 “sltflit’wv
461 3769 516 3829 ἔστι
534 3778 589 3829 τῶν
602 3774 643 3838 δίς
655 3795 706 3830 wv
719 3771 832 3830 Πόντον
883 3786 945 3835 dum
958 3783 1075 3834 maxime
1086 3782 1214 3833 idoneum
1227 3788 1307 3848 atque
1318 3789 1403 3829 accom-

290 3846 445 3912 πλεουτων,
467 3855 550 3915 atque
569 3851 628 3914 ipse
646 3854 779 3901 Arrianus
803 3851 832 3900 in
883 3854 1022 3904 nodatum
1035 3868 1095 3904 ease
1107 3868 1255 3916 exponens.
1277 3842 1403 3902 Cuinsrid.

290 3916 393 3999 pffljpk
411 3921 436 3980 ἕ·
455 3919 485 3967 17
509 3918 548 3997 lp:
568 3919 619 3970 380
639 3935 696 3984 teu·
713 3920 832 3980 Muell.):
883 3923 1023 3984 copiosam
1040 3923 1251 3987 disputationem
1270 3937 1296 3987 p.
1309 3911 1403 3971 31-38.

291 3998 322 4032 το
338 4000 416 4047 τερον
435 3987 486 4036 τοῦ
498 3991 568 4046 Διος
590 3987 640 4038 τοῦ
652 3981 759 4055 Οὐρίου
778 3985 833 4039 ‹lti-
887 3994 1032 4047 108-114.
1053 3993 1178 4058 Append.
1194 4009 1257 4058 pag,
1275 3991 1300 4043 9,
1319 3989 1346 4039 li
1358 3998 1402 4046 seq.

292 4067 336 4134 χειἱ
350 4045 408 4134 nigri
423 4055 574 4132 Βυζαντίου
594 4057 725 4117 σταδίους
744 4056 833 4110 είκοσι
1021 4096 1043 4147 c
1249 4095 1261 4144 Ι

291 4136 340 4169 και
365 4137 478 4174 εκατον·
501 4123 550 4176 καὶ
571 4121 647 4177 ἔστιν
670 4119 833 4179 στενότατον
1044 4111 1088 4150 ³¹³·
1107 4096 1248 4147 LXXXVI
1263 4095 1285 4145 l·

292 4182 377 4256 ταύτῃ
392 4186 423 4241 τὸ
441 4185 528 4258 στόμα
540 4195 589 4245 τοῦ
605 4191 717 4249 Πόντου
732 4190 832 4250 salori-
918 4193 1021 4266 ἡσθεὶς
1039 4200 1074 4267 τῇ
1094 4198 1202 4267 σχεδίῃ]
1223 4200 1295 4250 Voce
1308 4187 1401 4259 σχεδίας

292 4311 525 4323 --....-

342 4373 362 4422 ‘l
379 4375 497 4437 lmoginem
506 4376 736 4440 buiusareistexlribet
746 4383 827 4424 Xavlrr
837 4385 961 4426 llommalro
975 4385 1003 4424 do
1013 4385 1060 4425 Hell
1074 4387 1095 4425 in
1109 4399 1176 4438 opero
1190 4383 1311 4437 splendido:
1325 4379 1399 4427 l'oml
1459 4411 1460 4414 ,

292 4440 319 4468 en
329 4427 423 4489 Turqure
438 4433 458 4468 et
473 4440 499 4468 en
510 4429 573 4468 Perse
588 4429 655 4476 (Purus
670 4433 717 4474 1813
730 4437 800 4486 seqq.)
815 4436 846 4476 Pl.
857 4437 883 4475 V.
911 4437 1025 4487 L'lraruque
1038 4449 1108 4477 arcem
1122 4439 1210 4489 praebet
1223 4438 1291 4488 imago
1305 4432 1324 4472 iu
1337 4436 1398 4479 ⁰l’‘¹‘³

294 4479 385 4532 voyage
396 4484 530 4533 putoresque
541 4479 568 4521 de
576 4481 596 4521 lu
606 4481 671 4524 Grico
683 4488 713 4537 (p.
725 4485 944 4538 cuoiseul-Gonruer)
959 4488 1020 4529 Tom.
1030 4487 1058 4528 11.
1068 4488 1093 4529 P.
1102 4489 1122 4529 2.
1137 4488 1168 4530 Pl.
1179 4487 1259 4530 ctt'tt.
1268 4496 1315 4539 pug-
1323 4481 1397 4527 illiti·
