3042 5125
439 380 766 447 MELPOMENE.
790 384 846 447 IV.
871 394 930 450 149.
956 399 1014 452 150.
1232 393 1294 455 565

48 648 50 652 Ι
148 561 340 656 ὑπέμειναν
360 566 400 637 τὰ
420 572 538 658 τέκνα,
557 571 738 663 ἱδρύσαντο
757 576 794 643 ἐκ
814 585 1025 666 θεοπροπίου
1045 576 1207 671 Ἐρινύων
1226 588 1294 653 τῶν

149 676 264 740 Λαΐου
282 698 317 740 τε
339 674 395 742 ιιαί
410 674 600 744 Οἰδιπόδεω
614 676 704 764 ἰρόν·
726 679 784 746 καί
802 676 885 766 μετὰ
897 685 995 751 τούτο
1010 676 1167 772 ὑπέμεινε
1186 682 1292 756 τώυτὸ

148 778 253 844 τοῦτο
267 776 323 843 καί
338 777 376 844 ἐν
391 776 485 868 Θήρη
499 794 584 849 τοῖσι
596 776 661 850 ἀπὸ
678 784 747 850 τόν
760 776 897 870 ἀνδρῶν
909 783 1038 855 τούτων
1051 785 1213 875 μεγονόσι.

256 881 368 968 Μέχρι
379 883 442 969 μίν
452 909 518 952 νυν
530 882 651 952 τούτου
661 882 834 971 τοῦλόγου
844 889 1105 978 Λακεδαιμόνιοι
1116 899 1289 981 Θηραίοισι
1299 901 1359 961 150

148 978 239 1062 κατὰ
252 977 357 1051 ταύτὰ
372 986 521 1071 λέγουσι·
550 985 587 1054 τό
604 986 640 1056 δί
652 983 717 1057 ἆπό
730 984 851 1057 τούτου
864 995 985 1078 μούνοι
1000 1000 1140 1081 Θηραῖοι
1154 985 1220 1064 ὦδε
1234 1022 1289 1084 γε·

147 1086 275 1154 νίσθαι
295 1087 438 1174 λέγουσι.
478 1096 600 1176 Γρίνος
619 1084 638 1158 ό
660 1096 842 1177 Αἰσανίου,
868 1091 934 1162 §dv
955 1093 1049 1186 Θήρα
1068 1097 1188 1167 τούτου
1208 1094 1290 1168 οἰπό-

146 1214 271 1274 γονος,
294 1191 351 1258 καί
364 1191 555 1278 βασιλεύων
570 1190 680 1281 Θήρης
703 1197 760 1282 τῆς
775 1192 897 1283 νήσου,
918 1193 1054 1268 ἀπίκετο
1074 1203 1108 1279 ἐς
1122 1200 1290 1289 Δελφούς,

146 1287 248 1379 ἄγων
266 1287 332 1360 ἀπὸ
345 1298 402 1382 τής
423 1292 537 1376 πόλιος
560 1294 764 1385 ἑκατόμβην·
792 1302 928 1367 εἵποντο
950 1303 990 1371 δέ
1001 1306 1037 1371 οἰ
1045 1304 1101 1373 καὶ
1114 1301 1209 1373 ἄλλοι
1223 1308 1291 1373 τεόν

146 1397 357 1483 πολιητέων,
378 1399 434 1467 καί
450 1397 491 1486 δή
505 1401 561 1469 καί
575 1398 698 1480 Βάττος
713 1395 731 1467 ὁ
746 1401 1009 1491 Πολυμνήστου,
1032 1402 1098 1474 ἐόν
1111 1409 1208 1494 γένος
1221 1403 1288 1476 Eri-

146 1594 358 1661 53p831nps.
382 1594 609 1662 Atquesicnunc
623 1598 695 1664 npud
948 1635 969 1686 c
1036 1636 1081 1689 CL

145 1665 315 1729 Homerum,
335 1665 500 1730 Hesiodum,
522 1667 695 1733 Apollonium
970 1650 1015 1687 Π·
1083 1672 1090 1687 ’

146 1733 304 1798 Rhodium,
326 1733 395 1785 alios
415 1741 574 1798 constanter
592 1737 695 1788 editum
781 1733 887 1798 Γρῖνος
904 1726 1080 1804 όΑἰοανίον,
1099 1729 1153 1788 lein
1169 1754 1195 1790 ιι.
1211 1755 1234 1789 τ.
1252 1739 1289 1805 λ.]

146 1803 285 1854 videmus.
313 1804 374 1854 vid.
388 1804 506 1870 plurima
519 1805 552 1858 de
565 1806 616 1860 bae
630 1807 695 1858 scri·
745 1802 775 1855 (l.
791 1803 825 1856 0.
838 1804 958 1857 Mueller.
974 1807 1135 1860 Orchomen.
1149 1824 1175 1874 p.
1192 1807 1240 1859 341
1255 1809 1289 1860 de

144 1878 232 1939 ptura
262 1872 426 1925 excitantem
454 1875 636 1928 Kuehlstsedt
664 1877 693 1926 in
744 1871 797 1923 hsc
820 1887 850 1924 re
873 1874 1018 1940 disputans
1041 1893 1102 1928 eum
1124 1879 1289 1929 Herodoteis

144 1943 309 1995 Observatt.
351 1945 455 1996 critice.
501 1945 536 1996 de
578 1947 692 2010 tregico.
744 1940 863 1993 conferri
880 1943 938 1993 vult
954 1945 1033 1996 Piud.
1052 1946 1133 2011 Pyth.
1153 1947 1207 2008 IV,
1226 1947 1287 2002 462.

145 2012 265 2064 Grsecc.
283 2011 393 2064 dialect.
400 2004 519 2076 ⁸(Reval.
536 2014 613 2080 1832)
631 2030 693 2080 ρος.
744 2010 834 2062 Schol.
849 2011 929 2062 Piud.
944 2014 980 2064 ad
992 2014 1072 2077 Pyth.
1084 2014 1133 2080 IV,
1146 2015 1187 2066 10.
1201 2015 1289 2081 Span-

146 2080 208 2133 135.
242 2083 285 2132 De
304 2081 392 2131 forms
409 2083 528 2147 genitivi
546 2083 693 2149 singularis
743 2079 814 2131 hem.
833 2080 868 2130 ad
883 2079 1040 2133 Callimach.
1060 2085 1088 2133 iu
1105 2082 1223 2149 Apollin.
1243 2085 1288 2138 65.

142 2151 282 2217 peculiari
300 2141 461 2201 Οἰδιπόδεω
478 2152 507 2218 (ο
526 2169 592 2203 voce
613 2147 693 2201 Οἰδί-
744 2150 787 2212 74,
804 2148 934 2215 additque
944 2150 1114 2216 Polymnesti
1121 2169 1218 2205 nomeu
1231 2158 1290 2204 tnn-

143 2234 237 2286 πους,
253 2222 330 2272 cuius
345 2222 533 2272 accusativum
550 2217 693 2271 Οἰδίπουν
743 2233 825 2282 quarn
838 2221 951 2271 victoris
962 2223 1074 2286 reperiri
1084 2223 1114 2272 in
1127 2223 1231 2289 Cyrene
1244 2223 1288 2273 01.

143 2291 249 2342 Noster
261 2288 386 2341 adhibuit
394 2291 427 2354 V,
437 2290 482 2353 60)
491 2291 563 2342 cons.
578 2291 694 2343 Bredov.
742 2288 866 2338 LXXXI.
891 2289 945 2340 Pro
956 2289 1060 2355 Γρῐνος
1069 2291 1208 2344 Sauerofti
1220 2292 1289 2344 liber

143 2376 174 2427 p,
189 2359 252 2412 250,
743 2372 805 2407 cum
829 2356 934 2409 duobns
954 2358 1017 2410 aliis
1043 2360 1180 2427 Γρῖννος,
1204 2366 1288 2427 atque

742 2426 782 2476 sic
807 2441 914 2493 quoqne
936 2429 987 2480 hoc
1011 2447 1109 2482 nomen
1134 2431 1288 2484 invenimus

182 2491 234 2546 καί
257 2487 325 2560 μετὰ
350 2495 431 2546 τοῦτο
455 2488 586 2561 ὑπέμεινε
606 2485 692 2545 emoto
741 2496 874 2559 seriptum
913 2497 1014 2562 pluries
1048 2502 1078 2550 in
1111 2501 1289 2566 inscriptione

144 2560 294 2617 τούτοιιαί
309 2558 431 2648 ἰνΘήρη
446 2583 472 2616 ιι.
487 2564 558 2632 τ.λ.]
581 2566 693 2618 Comma
742 2565 849 2616 Graeca
871 2566 907 2617 ad
930 2568 1047 2621 Therern
1067 2576 1229 2637 spectante,
1256 2576 1287 2622 ut

143 2642 211 2703 post
225 2636 309 2688 verba
325 2651 394 2700 μετα
412 2634 497 2685 τούτο
518 2635 599 2701 vulgo
618 2637 688 2702 posi·
741 2637 905 2687 monstravit
926 2638 1037 2689 Bceckh
1054 2640 1083 2690 in
1102 2640 1183 2705 Corp.
1200 2642 1286 2692 lusor.

144 2712 206 2758 tum
230 2705 383 2771 Schweigh.
413 2704 529 2768 delevit,
563 2707 692 2757 msiorem
743 2704 920 2757 Gr.nr.2448.
934 2706 1096 2772 p.3o1.3o9.
1112 2709 1191 2760 Coni.
1202 2711 1287 2760 etism

144 2775 287 2828 collocans
312 2775 514 2826 distinctionem
539 2780 602 2841 post
622 2766 692 2824 ύπέ-
742 2774 1286 2830 eundeminCommentt.Acsd.Berolin.

144 2859 225 2911 μεινε
239 2850 267 2896 et
287 2848 349 2909 poet
363 2834 449 2895 τόντό
467 2841 549 2894 τοῦτο
570 2845 692 2896 inserens
744 2842 820 2895 1836.
842 2860 868 2910 p.
886 2843 928 2896 78.
945 2845 986 2896 79.
1012 2848 1067 2910 Qui
1090 2848 1191 2899 Grinus
1203 2849 1287 2913 quod

146 2909 251 2982 συνέβη
263 2914 370 2966 Reiskii
382 2930 414 2965 ex
427 2914 596 2975 coniectura;
611 2929 692 2979 quem
742 2910 896 2980 βασιλεύων
902 2908 1000 2980 Θήρης
1009 2913 1059 2981 τῆς
1071 2909 1159 2983 νήσου
1171 2933 1233 2968 mox
1246 2917 1286 2968 di·

145 3000 243 3036 vocem
263 2984 353 3034 denuo
379 2986 517 3036 eiecerunt
542 2983 690 3048 Gnissord,
741 2982 828 3045 citur,
840 2982 941 3034 indicio
955 2990 1006 3048 eet,
1019 2985 1125 3037 Therae
1141 2985 1224 3052 illius,
1241 2988 1287 3052 qui

143 3052 391 3116 Metth.,Dindors.
399 3052 565 3118 etDietsch.,
573 3054 619 3119 qui
629 3058 692 3118 post
740 3051 865 3104 coloniae
873 3053 963 3104 iuerat
974 3055 1038 3119 dux,
1050 3061 1173 3121 posteros
1183 3058 1287 3122 regium

143 3120 228 3173 τοῦτο
248 3122 379 3174 nonnulla
393 3124 484 3188 posuit
498 3128 610 3188 puncta,
632 3126 692 3188 qui·
741 3122 795 3171 sibi
813 3122 958 3174 retinuisse
977 3123 1155 3191 dignitatem,
1179 3126 1285 3191 qnslem

145 3194 198 3244 hus
220 3192 326 3260 aliquot
345 3208 427 3244 voces
457 3193 554 3244 misses
571 3207 631 3243 esse
647 3193 693 3243 de·
741 3190 802 3242 scil.
815 3192 843 3240 in
852 3192 1125 3246 Dorumcivitntibus
1135 3196 1287 3248 obtinuisse

144 3261 278 3315 clareret.
317 3263 408 3328 Ipsius
433 3261 487 3313 loci
516 3265 691 3325 senteutiam,
741 3260 874 3312 novimus.
890 3263 933 3313 'Iu
945 3263 1017 3313 conf.
1027 3264 1151 3316 Mueller.
1164 3264 1182 3317 l.
1192 3264 1210 3316 l.
1224 3281 1286 3330 ρος.

143 3348 229 3398 quam
249 3346 336 3396 neque
354 3331 622 3397 Schweighaeuserns
645 3348 693 3383 ne·
741 3330 792 3382 337
806 3336 834 3381 et
847 3331 902 3383 vid.
916 3336 987 3383 nott.
1004 3333 1038 3383 ad
1052 3334 1105 3395 111,
1121 3334 1180 3386 136.
1208 3334 1287 3385 Unde

144 3417 199 3468 que
214 3401 341 3452 Diudori.
367 3400 395 3465 (s
412 3417 465 3467 quo
482 3401 587 3453 Graeca
606 3402 690 3451 verbs
742 3400 825 3450 etiam
834 3399 895 3464 hoc,
906 3402 1012 3466 opinor,
1022 3402 1287 3468 repetendum,qucd

144 3472 186 3523 sic
196 3471 305 3523 reddite
317 3469 411 3523 video:
424 3476 471 3534 „et
485 3486 559 3521 exeo
570 3475 692 3536 tempore
741 3467 863 3533 Delphos
878 3469 1058 3522 hecatomben
1076 3472 1153 3522 ducit
1167 3487 1215 3522 rex
1236 3488 1285 3538 pu-

145 3556 273 3593 mansere
284 3539 339 3591 illis
348 3540 437 3603 liberi,
449 3541 569 3606 itemque
581 3540 609 3590 in
619 3539 692 3591 The·
741 3538 925 3590 blicemissus
937 3556 953 3591 e
965 3540 1079 3591 civitate
1093 3556 1144 3591 sus
1159 3540 1195 3590 ed
1205 3540 1287 3606 Apol-

144 3628 176 3663 rs
192 3609 284 3662 insula
297 3610 347 3672 eis,
359 3610 405 3674 qui
418 3625 451 3661 ex
462 3609 505 3661 his
518 3610 585 3660 viris
597 3625 691 3675 proge·
740 3607 831 3671 linem,
845 3608 945 3658 Dorum
953 3609 1075 3674 patrium
1084 3610 1164 3661 deum
1173 3625 1207 3661 ac
1216 3614 1287 3661 tute-

145 3682 200 3733 niti
214 3676 312 3745 sunt“)
331 3683 405 3731 recte
418 3681 585 3744 expressisse
596 3679 692 3730 viden·
739 3677 837 3739 larem,
850 3677 928 3728 errius
939 3682 1035 3743 utpote
1044 3670 1198 3745 ἀρχηγέτου
1207 3694 1286 3731 sacre

145 3758 208 3815 tur,
222 3750 294 3801 hsuc
305 3763 366 3800 esse
378 3752 457 3813 puto:
475 3751 514 3799 Ao
523 3759 615 3814 postea
626 3751 691 3801 idem
740 3745 835 3814 procul
849 3746 931 3798 dubio
941 3748 1024 3798 etism
1034 3748 1062 3798 in
1077 3749 1194 3800 Thersm
1208 3750 1286 3799 eLe·

145 3823 193 3873 hoc
209 3821 330 3872 τιιοατείἰ
344 3822 417 3870 etiam
434 3822 460 3870 in
479 3821 561 3870 ihern
576 3822 621 3879 iis,
648 3821 692 3884 qui
740 3817 904 3868 cedsemone
925 3816 1016 3868 coloni
1035 3817 1215 3869 adduxerant.
1243 3818 1286 3868 De

147 3907 182 3942 erc
194 3892 234 3941 ἰιίε
246 3892 308 3941 virle
326 3886 448 3953 (Aegidis
459 3888 615 3954 Spsrtsuie)
626 3905 690 3953 pro-
740 3885 880 3953 Apolliuis'
893 3887 980 3938 sacris
999 3888 1027 3937 in
1044 3886 1135 3938 insula
1146 3887 1237 3940 Thera
1248 3887 1285 3941 cf.

143 3963 223 4025 periti
237 3968 309 4021 ειιιιί,
331 3963 362 4008 ut
382 3956 442 4009 scil.
461 3957 558 4023 Oedipi
583 3964 611 4008 et
628 3958 692 4008 Laii
741 3957 813 4007 idem
825 3955 949 4008 Mueller.
961 3955 980 4008 l.
991 3956 1009 4009 l.
1024 3973 1050 4022 p.
1063 3956 1115 4008 328
1127 3972 1184 4022 seq.
1194 3957 1286 4008 Verba

146 4030 239 4080 Furiis
257 4044 339 4080 sacre
355 4027 491 4091 iacerent,
514 4026 613 4092 quihus
631 4024 691 4092 pls·
741 4016 819 4090 ἄγων
845 4015 903 4075 inb
929 4023 981 4091 τῆς
1002 4016 1101 4085 πόλιος
1128 4017 1286 4094 ἑκατόμβην

146 4102 242 4150 carent
267 4097 336 4150 hsec
360 4099 473 4149 numius
491 4097 598 4165 sibique
621 4097 690 4162 ipsis
742 4095 848 4148 valente
866 4113 949 4147 ετειινι
961 4095 1105 4162 (Delphos)
1117 4099 1212 4148 ducens
1228 4101 1286 4147 mie·

145 4172 288 4219 servarent
296 4165 408 4233 prolem.
422 4168 462 4218 Ad
472 4166 549 4219 verbi
561 4160 690 4231 υπόμεινε
741 4183 795 4218 τοττι
824 4183 841 4216 α
861 4182 909 4217 ινα
936 4169 1035 4219 denne
1054 4167 1213 4218 hecatomben
1235 4167 1285 4216 deo

145 4237 321 4288 intransitive
355 4238 438 4301 positi
466 4236 691 4302 significationem
741 4234 886 4311 (Apollini)
900 4234 1076 4297 offerendam
1095 4236 1142 4286 nbi
1158 4251 1213 4301 quo
1226 4251 1287 4287 sen·

145 4308 300 4373 pertinent,
316 4322 388 4372 quae
400 4306 487 4357 ellats
496 4311 561 4358 suut
576 4308 605 4355 in
620 4305 691 4356 The
742 4320 775 4355 sn
786 4304 885 4363 πολιος
896 4320 949 4356 vox
961 4306 1121 4372 accipienda
1133 4310 1216 4369 esset,
1231 4320 1286 4355 mo-

145 4392 227 4428 sanro
253 4376 321 4441 ling.
347 4375 443 4428 Graec.
471 4374 533 4428 Vol.
558 4375 637 4427 VIII.
664 4390 691 4440 p.
742 4376 792 4425 nni
805 4373 840 4424 ad
854 4374 909 4437 IV,
926 4374 986 4426 153.

145 4446 197 4500 380
211 4445 255 4498 ed.
266 4444 393 4498 Diudorf.
778 4434 921 4508 ἒώνηίνος
929 4432 1101 4510 Εὐφημίδης
1112 4437 1166 4490 τόν
1181 4434 1287 4489 Μινυέ-
