3042 5125
434 318 759 387 MELPOMENII.
782 324 838 388 IV.
859 335 904 390 22.
925 336 969 392 23.
1205 325 1268 392 339

137 513 198 582 toul
211 513 267 582 καὶ
279 514 411 603 τρηχέη.
438 512 644 597 διεξελθόντι
665 517 701 586 dt
717 519 774 586 καὶ
791 521 848 606 τῆς
863 520 1001 606 τρηχέης
1014 521 1124 607 χῶρον
1143 517 1268 589 πολλὸν

137 714 179 763 bns
188 716 411 766 commonstravit
418 715 516 768 llaech.
524 716 671 783 Spanhem.
721 718 932 783 Arbnpltoeorroa
946 718 1055 769 nomine
1071 720 1219 784 insignita,
1241 720 1267 770 si

135 783 167 832 ad
177 782 333 835 callimach.
346 782 437 850 hymn.
452 787 480 836 in
493 786 613 852 Apollin.
626 786 670 837 67.
723 802 895 852 quaeramus,
907 788 950 836 De
962 787 1082 853 Guignes
1094 785 1113 840 l.
1123 788 1147 850 l.
1160 787 1206 839 lrlc
1220 790 1267 854 agi

135 853 205 904 (loni.
220 855 304 904 etiam
317 854 431 906 Diodor.
450 855 506 906 Sic.
524 857 592 920 XX,
611 855 672 907 199.
721 862 802 922 putat
824 857 857 907 de
878 856 1015 907 monthus
1039 856 1196 920 altioribus,
1219 859 1267 923 qui

134 924 215 987 Atque
225 922 276 974 boo
289 922 335 974 vol
347 926 473 990 opposita
481 926 510 975 in
521 941 597 992 seqq.
610 941 671 976 ver·
721 927 816 977 Sinam
829 942 848 975 a
859 927 1045 991 septentrione
1064 933 1148 992 atque
1161 929 1265 978 oriente

133 983 298 1058 mundone
307 1007 337 1041 τε
346 993 395 1042 καὶ
404 988 505 1059 τρηχέη
516 994 614 1045 dooere
623 1011 672 1061 po·
721 996 836 1062 cingant
854 1010 1023 1062 quorumque
1038 995 1074 1045 ad
1096 997 1202 1048 radices
1218 999 1265 1047 Ar·

133 1065 224 1111 teram.
230 1062 314 1113 Plura
325 1063 351 1112 si
359 1064 421 1128 quis
430 1065 576 1127 desideret,
587 1064 671 1115 adeat
719 1066 898 1130 gippaeorum
912 1067 1014 1117 inerint
1026 1065 1120 1130 sedes,
1133 1066 1207 1117 ultra
1221 1066 1266 1117 de·

133 1130 207 1181 Thes.
216 1132 295 1198 Ling.
308 1131 406 1184 Graec.
423 1133 461 1184 11.
476 1150 501 1198 p.
512 1136 612 1201 Ilseq.
627 1133 670 1184 ed.
720 1141 795 1186 serta
810 1135 920 1185 Chamo.
938 1137 976 1186 Et
988 1136 1134 1187 convenire
1147 1152 1208 1186 curn
1218 1152 1265 1201 po-

132 1200 248 1252 Dindorl.
278 1202 360 1263 Quod
385 1203 420 1253 ad
445 1202 500 1254 loci
528 1219 671 1270 argumen-
720 1204 784 1270 pulo
804 1204 887 1255 Sinas
904 1220 936 1255 ee
952 1205 1077 1269 subiicit,
1096 1221 1165 1270 qnae
1178 1207 1265 1256 Hero-

133 1274 183 1320 tum
194 1271 309 1334 attinet,
321 1276 397 1323 recte
410 1272 484 1323 tradi
504 1272 574 1325 haec
591 1278 670 1324 notat
719 1274 800 1326 dotus
813 1274 935 1326 debuine
944 1275 1034 1340 gentis
1046 1275 1165 1326 moribus
1177 1278 1265 1327 viotu-

133 1339 249 1391 Gattorer
281 1340 385 1392 comm.
413 1343 516 1394 Societ.
546 1343 670 1409 GottIng,
720 1359 773 1409 que
796 1345 942 1396 memoriae
967 1344 1128 1409 prodiderit.
1169 1347 1264 1411 Neque

132 1408 197 1460 xlv.
209 1425 270 1476 pag⁴
283 1410 316 1474 5,
338 1427 400 1462 cum
411 1412 457 1464 via
470 1411 585 1478 aVolga
606 1413 670 1463 inde
718 1429 785 1466 vero
799 1413 833 1465 de
852 1414 934 1465 Sinas
957 1413 1058 1479 populo
1079 1414 1125 1464 bio
1146 1415 1264 1479 cogitari

133 1478 365 1545 duostporsalloa
376 1496 448 1532 nunc
460 1497 568 1549 quoque
584 1497 670 1548 seque
719 1498 815 1548 posse,
835 1487 910 1535 recte
927 1487 1049 1534 statuere
1062 1484 1171 1536 videtur
1190 1485 1264 1534 Dan·

132 1562 248 1602 amoenas
265 1555 351 1617 atque
365 1551 523 1617 frugiferas.
718 1553 777 1605 vill.
791 1552 809 1602 l.
823 1553 842 1604 l.
855 1570 882 1619 p.
894 1553 946 1605 588
956 1569 1013 1618 sq.‚
1032 1554 1077 1618 qui
1091 1555 1263 1619 Argippaeos

162 1611 282 1683 λιθώδης
296 1611 324 1668 τ’
341 1612 400 1670 ἐστὶ
412 1617 461 1671 sul
474 1615 589 1687 ιρηχέη]
607 1622 668 1672 Hoc
718 1623 881 1673 societatem
904 1623 1040 1688 quandam
1063 1623 1263 1673 Brachmanum

135 1689 164 1738 sd
174 1694 314 1741 montanas
329 1691 470 1757 regiones,
482 1707 552 1758 quae
567 1692 603 1741 ab
615 1692 670 1742 ori·
719 1708 741 1743 s.
752 1693 862 1755 Lamse,
876 1697 907 1743 ut
919 1696 1062 1754 vocantur,
1077 1691 1163 1743 luisse
1173 1695 1263 1758 suspi-

134 1762 189 1808 ente
198 1760 322 1825 gnbernii
332 1760 459 1812 Saratow
472 1761 616 1826 incipiant,
629 1776 669 1813 re·
718 1765 808 1813 catur.
828 1763 888 1824 Quo
900 1761 995 1813 eodem
1007 1760 1065 1811 lere
1074 1761 1153 1812 modo
1168 1767 1264 1812 nostra

133 1825 190 1878 terri
217 1828 278 1879 vult
305 1828 471 1882 Maltebrun.
500 1830 609 1881 dunall.
640 1830 666 1880 d.
718 1836 812 1882 aetate
829 1832 929 1883 Ritter.
943 1830 1091 1884 Erdkunde
1108 1831 1146 1881 11.
1166 1847 1193 1896 p.
1210 1830 1259 1881 691

133 1898 226 1964 voyag.
241 1899 280 1950 II.
301 1916 330 1964 p.
345 1899 405 1953 372.
432 1901 470 1950 At
486 1901 528 1950 De
547 1900 668 1965 Guigues
718 1898 780 1953 coll.
795 1900 854 1951 765.
867 1901 919 1952 892
930 1901 1100 1965 Argippeeos
1109 1916 1158 1965 pro
1169 1900 1262 1951 Serica

133 1965 370 2028 (Memdel'dcad.
385 1970 547 2024 d.1nscr.T.
557 1970 668 2021 XXXV.
718 1970 834 2036 quadam
855 1971 967 2020 nullone
986 1968 1083 2031 habet,
1105 1985 1175 2036 qnae
1194 1981 1268 2020 mer:

134 2051 157 2102 p.
163 2037 220 2102 551)
230 2037 276 2090 bio
286 2040 426 2105 cogitarat
435 2040 469 2090 de
481 2039 596 2091 dosortit
604 2039 669 2090 Olla-
718 2045 831 2092 caturae
843 2039 927 2089 fuerit
938 2038 1049 2102 dedita,
1067 2039 1111 2090 vel
1125 2055 1175 2104 pro
1188 2040 1263 2089 tribu

133 2123 166 2158 ao
179 2106 254 2173 longe
267 2107 387 2175 lateque
397 2111 531 2172 extensis,
546 2123 616 2175 quae
626 2108 668 2159 si·
716 2109 832 2176 quadam
850 2108 1017 2160 sacerdotali
1035 2109 1152 2158 omniurn
1170 2110 1263 2159 iustis·

134 2190 189 2226 uam
199 2178 327 2230 euntibus
338 2178 531 2244 perlustranda
543 2181 609 2231 sint.
624 2177 667 2228 De
716 2182 787 2232 sinna
804 2180 973 2244 maximeque
987 2178 1043 2244 pia.
1071 2179 1130 2241 Quo
1149 2179 1262 2241 rectius,

134 2248 417 2309 quomoxvidebImus.
432 2250 511 2301 Nunc
522 2247 667 2299 afferamus
717 2251 831 2316 opinor,
848 2248 898 2299 alii
911 2250 945 2299 ds
962 2250 1099 2300 Commenta
1114 2265 1136 2300 s.
1153 2248 1261 2314 Moage-

134 2315 419 2370 duoslocoshnccum
431 2319 547 2370 manime
562 2317 666 2369 iacien-
715 2323 747 2371 lie
772 2319 817 2370 hio
840 2319 1015 2385 cogitandum
1043 2334 1103 2369 esse
1125 2322 1260 2369 statuunt.

134 2389 184 2448 les,
203 2385 319 2438 alterum
335 2388 424 2439 Melae
439 2389 466 2450 1,
487 2387 519 2440 19
539 2387 585 2438 fin.
608 2385 666 2454 [nbi
714 2390 791 2440 Inter
802 2405 870 2455 quos
880 2389 1015 2439 Gatteror.
1030 2387 1085 2453 (ap,
1097 2386 1260 2439 Billerbeclr.

134 2470 196 2506 nune
213 2458 284 2508 conl.
302 2457 466 2510 Taschuclre
483 2463 553 2509 nott.
570 2472 664 2522 oxegg.
713 2459 806 2510 Dillio.
825 2459 872 2511 As.
893 2473 957 2524 pag.
972 2456 1015 2510 26,
1037 2458 1199 2509 Oommontt
1213 2458 1261 2509 So-

133 2523 565 2594 v01.1111>.1.p.oeoooll.nott.
579 2525 664 2594 poor
715 2530 779 2581 ciet.
799 2529 920 2595 Gotting.
937 2528 1003 2579 XIV
1019 2542 1081 2593 pag.
1102 2527 1127 2580 o.
1148 2527 1196 2592 42)
1211 2528 1261 2577 Ar·

133 2593 186 2646 vor.
195 2596 236 2658 Il,
245 2597 276 2648 Ρ.
290 2595 327 2663 1.]
339 2615 346 2648 :
360 2599 408 2663 qui
422 2603 566 2665 postquam
579 2596 665 2662 Thys-
714 2602 861 2664 ngpseos‚
875 2614 943 2664 quos
955 2613 1003 2662 pro
1013 2598 1167 2649 Calmuccis
1178 2597 1262 2647 babet

134 2671 232 2729 segetes
243 2667 403 2733 Turcasque
416 2668 591 2731 memoravit,
604 2682 665 2718 eum
715 2669 917 2733 maioribusque
926 2668 1098 2731 Hunnorum,
1114 2666 1149 2717 ad
1160 2667 1262 2717 montis

133 2733 265 2786 inmodnm
285 2739 391 2803 porgit:
417 2740 509 2802 „Tum
525 2736 665 2788 continuis
715 2740 781 2788 Imni
804 2737 911 2788 radices
934 2736 1149 2801 septentrionem
1166 2750 1261 2789 sersus

134 2804 233 2868 rupibus
243 2804 300 2857 late
314 2823 415 2873 aspera
430 2812 458 2860 et
469 2807 577 2860 deserta
588 2807 665 2871 regin
714 2809 744 2858 in
752 2812 826 2859 terra
833 2808 977 2871 Senaparia
988 2804 1081 2871 (quam
1090 2805 1170 2857 hodie
1182 2820 1261 2855 occu·

135 2870 167 2921 ad
183 2874 347 2941 Arimphaeos
377 2893 463 2944 usque
487 2877 664 2943 permittitur.
715 2882 781 2943 pent
796 2877 944 2942 Soongari‚
964 2874 1168 2926 Calmuocorum
1183 2872 1260 2940 gens)

134 2940 331 2998 Hisinstissimi
351 2963 455 3007 mores3
473 2963 523 3014 pro
541 2946 666 2998 domibus
714 2947 851 2999 insedisse
872 2948 981 2996 statuit.
1000 2944 1114 2999 Rennel.
1133 2961 1196 3010 pag.
1209 2942 1260 2993 437

135 3026 244 3079 nemora,
260 3016 394 3068 alimenta
407 3018 524 3079 baccae,
544 3021 572 3068 et
586 3015 667 3066 mari·
716 3033 775 3083 seq.
798 3015 877 3068 sedes
896 3015 974 3081 genti
991 3016 1119 3081 assignat
1139 3016 1167 3064 in
1186 3019 1260 3064 terra

134 3079 177 3131 bns
192 3089 218 3134 ot
237 3084 366 3138 foeminis
389 3086 462 3138 nuda
481 3090 544 3137 sunt
563 3086 666 3151 capita.
716 3102 818 3153 magna
841 3086 1027 3151 Kirgisornm,
1054 3085 1101 3135 ubi
1128 3084 1260 3134 montium

135 3147 201 3203 tueri
228 3154 324 3222 itaque
353 3156 507 3207 habentur:
545 3155 667 3220 adeoque
716 3163 839 3219 tractus,
867 3156 974 3206 nomine
996 3156 1083 3221 Arpa,
1107 3155 1136 3204 in
1162 3153 1259 3219 guber-

136 3219 199 3284 ipsos
216 3240 293 3276 nemo
316 3226 352 3278 de
371 3231 428 3277 tarn
450 3227 517 3277 ferte
540 3225 667 3291 gentibus
716 3228 764 3277 nio
779 3225 931 3291 Oronbnrg.
949 3226 1007 3276 Nec
1025 3224 1106 3274 aliter
1121 3223 1177 3274 iere
1192 3223 1261 3272 Hee-

135 3288 222 3355 dolat,
240 3300 271 3346 ut
287 3295 358 3348 aliis
372 3296 528 3363 quoquead
543 3310 667 3347 eoscon-
716 3312 774 3348 ren.
803 3296 887 3347 ldeen
915 3295 944 3357 1,
974 3295 1000 3345 2.
1029 3309 1092 3359 pag.
1118 3294 1169 3344 282
1196 3291 1259 3343 coll.

136 3355 227 3425 fugisse
238 3381 287 3431 pro
305 3367 384 3431 asylo
399 3366 467 3417 sit.“
491 3365 568 3417 Alter
582 3363 666 3415 Plinii
717 3366 778 3419 299.
797 3364 863 3427 300,
884 3361 1072 3414 consentiente
1089 3361 1211 3427 Halling.
1232 3362 1260 3411 in

136 3429 249 3486 estlocus
260 3435 296 3486 H.
307 3436 344 3486 N.
357 3438 405 3501 Vl,
419 3438 451 3486 14
465 3436 537 3503 (13):
552 3434 665 3498 „-lbi·
715 3437 805 3488 WIcn.
822 3432 936 3485 Jahrbb.
954 3432 1057 3483 LXIII.
1076 3448 1102 3497 p.
1122 3433 1172 3484 177
1192 3446 1260 3497 seq.,

136 3511 180 3562 que
185 3501 348 3569 Arimphaeos
357 3505 487 3571 quosdam
500 3505 666 3570 accepimus,
715 3510 822 3556 montes
832 3502 868 3553 ab
883 3501 1024 3552 Herodoto
1035 3505 1260 3553 commemoratos

136 3565 198 3619 lanu
215 3573 374 3626 dissimilem
395 3575 580 3641 Hyperboreis
603 3589 667 3639 gen·
715 3576 752 3626 ad
781 3577 900 3624 montem
923 3570 992 3621 Ural
1025 3577 1151 3638 spectare
1181 3575 1259 3622 ratus

137 3641 190 3687 ltm-
215 3642 297 3695 Sedes
312 3643 369 3696 illis
388 3661 515 3707 nemora,
534 3643 666 3695 alimenta
716 3645 880 3709 Arpippaeoa
891 3657 940 3706 pro
952 3641 1089 3693 Cabmcccis
1101 3641 1198 3704 babet,
1213 3641 1259 3706 qni

136 3704 239 3776 libente,
257 3713 374 3780 capillus
388 3715 467 3765 iuxta
481 3714 607 3765 foeminis
625 3714 666 3762 vi·
716 3712 751 3764 ad
765 3712 907 3776 Mongolos
922 3711 1079 3776 pertineant
1094 3717 1122 3761 et
1139 3711 1198 3761 sine
1212 3711 1260 3759 ‹lu-

137 3777 216 3844 risque
233 3783 261 3833 in
272 3784 373 3849 probro
392 3785 579 3836 existimatur:
595 3783 665 3832 ritus
715 3784 762 3833 bio
779 3782 808 3831 in
822 3779 986 3831 occidentali
999 3780 1156 3845 Mongoliae
1171 3783 1260 3843 parte,

137 3845 275 3904 clementes.
318 3855 418 3920 Itaque
449 3869 541 3905 saeros
570 3852 666 3903 haberi
715 3849 1140 3915 Inca,quaenuncKIrgisorum
1154 3852 1206 3908 est,
1219 3862 1261 3897 re-

138 3927 238 3971 narrant
263 3923 466 3990 inviolstosque
496 3938 556 3975 osse
582 3924 666 3974 etIam
716 3923 798 3988 gione
813 3918 971 3969 habitarint.
992 3919 1061 3968 Nam
1081 3919 1110 3967 in
1128 3932 1175 3967 eos
1191 3930 1260 3967 unos

140 3983 195 4038 feris
209 3991 362 4043 acoolarum
380 3994 503 4060 populis:
521 4008 572 4044 nce
590 3993 665 4057 ipsos
717 3990 862 4042 convenire
879 3987 970 4051 addit,
993 4003 1062 4054 quae
1077 3987 1129 4038 hoc
1146 3985 1208 4037 loco
1226 3986 1260 4037 de

139 4057 218 4123 nodo,
231 4061 278 4112 sed
290 4062 353 4114 illos
366 4079 488 4129 quoque,
507 4064 554 4128 qui
568 4062 604 4112 ud
619 4074 666 4110 eos
716 4061 935 4126 Argippaeornm
955 4058 1075 4108 moribus
1096 4073 1130 4108 ac
1147 4055 1261 4108 vivendi

138 4127 323 4195 protogenem
357 4134 435 4194 Quae
458 4135 518 4197 ipsa
539 4146 667 4196 magnam
717 4146 818 4198 genere
841 4128 995 4179 tradantur.
1032 4128 1109 4189 Quae
1135 4143 1194 4177 cum
1220 4129 1262 4176 ita

139 4200 229 4256 parton
247 4217 279 4251 ex
296 4202 437 4254 Herodoto
459 4202 587 4252 videntur
607 4214 668 4250 esse
719 4202 789 4263 sint,
807 4198 918 4251 Bohlen.
937 4197 1055 4263 (Indien.
1077 4197 1100 4248 1.
1119 4213 1182 4263 pag.
1201 4196 1259 4261 190)

57 4322 58 4325 ,
139 4262 234 4319 heusta.
264 4271 380 4332 Quinam
403 4288 469 4323 vero
488 4270 517 4320 bi
537 4271 592 4336 ipsi
612 4269 668 4320 siut
718 4270 774 4321 lul.
787 4271 815 4318 in
827 4271 982 4320 universum
991 4267 1134 4334 Mongolos
1147 4266 1261 4317 indicari

57 4332 59 4349 ²
140 4342 243 4401 montes,
255 4340 412 4407 adquorum
423 4341 531 4393 radices
543 4340 670 4391 babitare
720 4338 794 4389 haud
814 4340 915 4389 inierit
930 4343 1053 4388 statuere
1073 4339 1190 4388 videtur.
1221 4336 1261 4384 Ac

140 4399 236 4458 deutur
266 4425 346 4476 gens,
377 4413 582 4478 Arps'ppacorwn
609 4410 669 4460 sive
720 4407 836 4474 denique
845 4408 992 4459 Reichard.
1011 4407 1030 4458 1.
1042 4407 1060 4457 l.
1083 4422 1145 4472 pag,
1162 4406 1196 4456 35
1212 4404 1261 4454 Ar·
1293 4448 1296 4453 .

992 4489 1060 4551 22*
