3042 5125
303 406 366 469 510
740 402 1012 470 HERODOTI

302 605 376 680 ἕλος
389 600 445 669 καὶ
460 597 606 687 κάλαμος
620 599 697 684 περὶ
711 592 833 683 αὐτήν·
860 598 898 664 ἐν
912 596 948 665 δὲ
961 597 1066 686 ταύτῃ
1081 596 1230 686 ἐνύδριες
1245 594 1411 668 ἁλίσκονται

302 706 359 774 καὶ
373 702 530 791 κάστορες
546 703 601 771 καὶ
615 697 699 770 ἄλλα
712 707 817 788 θηρία
832 699 1200 790 τετραγωνοπρόσωπα,
1221 706 1286 771 των
1300 701 1338 771 τὰ
1351 706 1383 773 σέ
1400 748 1409 756 -

302 835 388 897 ματα
409 807 486 893 περὶ
506 803 564 884 τὰς
581 802 719 892 σισύρας
738 803 1025 893 παραρράπτεται·
1051 806 1109 873 καὶ
1127 810 1162 874 οἱ
1179 803 1284 895 ὄρχιες
1303 801 1413 875 αὐτοῖσί

303 919 367 980 εἰσι
381 908 533 998 χρήσιμοι
549 911 582 987 ἐς
595 903 763 997 ὑστερέων
780 904 917 993 ἄκεσιν.
1411 936 1442 987 33,

302 1077 455 1142 superiores
482 1089 553 1125 nunc
576 1074 735 1140 aWogulis
762 1079 848 1139 etque
895 1073 1022 1140 gionlbns
1043 1074 1139 1137 sitem,
1158 1074 1187 1125 in
1208 1074 1306 1141 quib.
1314 1073 1411 1127 Herode

302 1146 422 1198 Ostieeis
429 1148 578 1211 occupatos
587 1143 616 1193 in
622 1145 847 1210 guberniisPerm
897 1150 942 1195 tus
956 1149 1085 1195 memoret
1100 1148 1233 1195 cestcres.

301 1232 335 1267 ec
347 1213 469 1267 cholelr
481 1215 517 1264 ed
533 1218 676 1279 utrumque
687 1213 761 1266 letus
773 1228 848 1264 mon·
930 1210 979 1263 καὶ
998 1203 1067 1263 ἄλλα
1085 1211 1179 1278 θηρία
1196 1203 1410 1277 τετραγωνοτρύι

301 1286 336 1337 tis
349 1284 426 1349 Urel,
436 1284 507 1335 unde
516 1284 634 1334 menime
644 1283 764 1349 pellium,
776 1297 848 1348 quae
895 1280 971 1347 ωπα]
996 1283 1016 1333 i.
1030 1301 1052 1334 e.
1071 1286 1192 1334 οιιίιναὶἱα
1214 1284 1334 1350 quadrato
1354 1287 1410 1341 ruta

301 1359 472 1407 mercaturae
495 1354 660 1413 inserviant,
686 1354 767 1418 copie
785 1368 847 1418 pro·
895 1368 918 1403 s.
934 1355 1067 1413 αιιίπαΙία,
1089 1369 1194 1418 querum
1211 1358 1290 1404 entur
1307 1356 1340 1416 (e.
1355 1356 1411 1401 eute-

301 1424 404 1484 veniet‚
418 1424 518 1487 respici
529 1422 590 1474 vult
600 1438 686 1488 eoque
697 1422 794 1473 reierri
808 1422 846 1473 le-
894 1422 950 1471 rior
962 1422 1063 1486 capitis
1076 1422 1153 1488 pars)
1170 1424 1318 1489 quadratura
1331 1421 1413 1487 praeta

303 1510 363 1546 cum
376 1492 420 1545 vel
434 1493 526 1557 potins
536 1491 670 1556 paludem,
683 1493 760 1543 cuius
774 1492 846 1557 epud
890 1491 1000 1554 sormam
1027 1506 1114 1557 neque
1140 1493 1169 1541 in
1190 1497 1299 1543 eentum
1326 1490 1411 1541 definit:

302 1563 470 1615 Herodotum
493 1561 541 1611 det
561 1562 676 1623 mentio,
702 1577 764 1611 cum
782 1560 846 1611 illae
897 1575 967 1626 qnae
984 1561 1076 1625 qualia
1093 1561 1162 1624 sint,
1183 1562 1308 1627 equidem
1324 1559 1411 1610 definire

302 1633 427 1699 regiones
450 1637 494 1682 eta
534 1631 557 1680 is
580 1631 779 1697 paludibusque
798 1630 845 1682 hc·
895 1645 950 1679 nen
959 1630 1058 1681 ausim.
1074 1630 1170 1695 Neque
1179 1627 1412 1694 definiitdchueiql.

302 1704 399 1767 dieque
422 1646 560 1752 abunffire
583 1702 718 1766 simulque
740 1701 846 1750 anime·
896 1713 982 1764 neque
992 1699 1108 1751 Haeren.
1121 1699 1205 1751 ldeen
1217 1701 1241 1764 I,
1254 1702 1280 1754 2.
1292 1704 1317 1763 ρ.
1328 1698 1413 1758 ddici

301 1774 368 1823 lium
384 1770 581 1837 pretiosissime
599 1770 670 1835 pelle
689 1769 846 1820 indutorum
896 1768 992 1819 doctos
1005 1784 1095 1821 rernm
1107 1769 1276 1822 naturalium
1286 1773 1413 1834 perscrute-

302 1843 409 1907 copiem
421 1839 552 1906 praebere
564 1839 698 1891 dicentur.
722 1840 759 1889 At
771 1840 848 1890 Men·
895 1842 971 1890 tores
979 1853 1141 1903 provocans,
1151 1840 1209 1892 nisi
1222 1840 1284 1890 inde
1293 1837 1360 1888 iane
1368 1842 1412 1888 erte

301 1916 379 1963 uerte
390 1914 503 1961 auctore
519 1909 573 1961 111.
587 1925 614 1974 p.
626 1908 658 1973 9,
677 1907 846 1960 Budinornm
895 1907 1076 1971 existimetur,
1091 1910 1164 1974 qnod
1178 1910 1274 1975 capite
1285 1909 1312 1958 iu
1323 1906 1412 1972 pellibus

302 1980 382 2033 sedes
402 1983 427 2030 si
444 1978 479 2031 ad
492 1979 626 2031 Vistulem
643 1993 770 2044 mareque
783 1977 846 2029 Bel-
895 1977 1061 2042 conspicue,
1085 1983 1195 2030 retente
1220 1983 1299 2041 cute,
1324 1978 1412 2027 iernen

299 2052 383 2102 ticum
393 2048 846 2115 usquepromcveentur,Poloniae
894 2047 1071 2112 praebuerint
1095 2048 1267 2112 quadratam.
1299 2043 1412 2097 Ilicbweld

302 2120 405 2183 silvae,
419 2134 489 2184 quae
499 2121 646 2169 etiamnum
658 2118 844 2180 invenientur,
895 2115 970 2181 (Alte
980 2117 1135 2182 Geoqreph.
1156 2116 1182 2167 d.
1199 2118 1280 2183 Oesp.
1292 2117 1382 2167 Mecree
1391 2129 1410 2177 p.

301 2188 496 2255 intelligendae
507 2191 595 2239 eruut.
613 2189 683 2238 Utut
699 2192 750 2247 est,
765 2185 846 2237 Galle
895 2185 957 2250 276)
978 2185 1012 2236 de
1024 2186 1139 2237 malibus
1156 2187 1184 2237 b.
1196 2185 1217 2237 1.
1234 2189 1343 2253 cogiteri
1353 2196 1412 2250 posu

302 2259 383 2309 docte
395 2259 504 2309 minime
518 2258 648 2309 essedtiri
661 2272 781 2322 possum,
799 2256 845 2321 qui
895 2257 990 2319 putet,
1011 2269 1072 2305 cum
1082 2254 1166 2307 meles
1183 2256 1246 2321 (nos
1258 2256 1370 2317 Mardcr)
1384 2252 1412 2301 di·

300 2328 390 2378 lecum
403 2327 480 2377 illum
491 2327 527 2377 ed
538 2326 654 2392 Volgam
665 2325 760 2389 refert,
774 2340 845 2390 qnae
894 2324 967 2374 verei
978 2325 1085 2390 generis
1099 2325 1259 2390 frequentes
1270 2326 1412 2391 reperientur

301 2399 377 2448 circe
400 2397 472 2448 ostia
489 2395 579 2446 lecum
596 2395 707 2446 maximi
726 2395 844 2446 ambitus
893 2393 923 2444 in
938 2392 1095 2459 regionibns
1110 2397 1187 2447 circe
1203 2395 1301 2457 Piuslr3
1324 2395 1349 2444 in
1360 2391 1412 2442 ideu

301 2466 419 2527 efficiat,
440 2465 551 2532 optimis
567 2465 688 2530 piscibus
705 2464 844 2515 edundsn-
894 2462 952 2514 iere
981 2463 1079 2514 incidit
1102 2463 1274 2517 Scbnffarilr:
1303 2459 1412 2515 Sleviscb.

300 2542 364 2588 tem.
389 2535 449 2587 Vid.
463 2536 505 2586 Dc
524 2535 646 2600 Gniqnes
666 2534 695 2585 in
713 2533 793 2585 Mem.
810 2533 843 2586 de
893 2532 1009 2584 Alterth.
1021 2534 1044 2584 Ι.
1079 2571 1086 2585 .
1104 2532 1162 2586 186.

297 2605 404 2657 l’dced.
417 2606 443 2656 d.
451 2605 581 2672 Inscript.
590 2607 622 2656 Τ.
630 2604 740 2655 XXXV.
748 2620 774 2670 ρ.
783 2604 843 2655 550.
928 2594 1027 2682 edere}
1040 2549 1163 2668 &Ippnru
1174 2598 1242 2668 περὶ
1255 2592 1305 2659 τὰς
1320 2589 1412 2662 σισύρας

299 2677 415 2741 Lacum,
430 2690 508 2741 quem
517 2674 673 2726 Herodotus
685 2688 844 2725 commemo·
893 2671 1135 2739 παραρραπτετοα]
1160 2674 1179 2726 i.
1199 2688 1224 2723 e.
1244 2671 1413 2739 qncrrmptltet
1458 2685 1459 2694 ¹

299 2750 359 2808 rat,
376 2760 431 2795 non
451 2744 533 2795 elium
545 2759 606 2797 esse
619 2750 702 2809 etque
715 2757 785 2802 eum,
799 2744 844 2794 cni
888 2745 1007 2806 paenulis
1017 2744 1157 2794 adsumitur
1166 2756 1189 2793 s.
1197 2749 1412 2807 praetemunt,

300 2830 372 2866 nunc
381 2830 478 2866 nomen
490 2813 661 2875 Belo-Oeere,·
679 2811 842 2863 Gelonomm
891 2816 922 2862 ut
934 2812 1031 2862 Ititter.
1047 2811 1174 2862 Verbelle
1185 2828 1213 2876 ρ.
1231 2812 1279 2861 154
1290 2805 1411 2874 expressit:

299 2885 393 2935 urbem
417 2899 477 2935 cem
497 2885 554 2935 iere
576 2899 649 2947 esse,
674 2897 746 2948 quae
770 2897 843 2933 nunc
891 2884 955 2944 „rsit
965 2883 1043 2932 deren
1052 2879 1121 2946 ΒαΙρ
1131 2885 1170 2933 aie
1179 2882 1237 2932 titre
1246 2882 1320 2931 Peles
1329 2876 1412 2930 eerire’·

299 2961 416 3004 vocatur
437 2955 589 3018 lelenskqja
606 2954 720 3005 coniicit
738 2952 842 3004 Kruset
865 2981 873 2996 ·
891 2953 976 3000 men.“
1004 2951 1098 3015 Neque
1114 2949 1194 3002 elitcr
1208 2951 1322 3016 Mongee
1338 2941 1411 3014 (nse.

298 3023 494 3087 Urgescbichte
506 3022 636 3074 dEsthn.
649 3022 841 3074 Volksstemm.
892 3019 926 3071 de
939 3019 1050 3070 l'Instit.
1065 3020 1115 3070 IX.
1134 3035 1161 3085 p.
1173 3019 1209 3070 62
1223 3021 1307 3085 seq),
1323 3017 1364 3083 qni
1376 3011 1411 3064 ed·

302 3108 330 3158 ρ.
347 3092 408 3143 256.
892 3088 943 3151 dit,
956 3088 1082 3141 Carelum
1093 3104 1201 3155 queque
1216 3090 1341 3155 Megnum
1352 3081 1412 3151 pelli·

333 3151 365 3209 ἐν
374 3153 405 3209 δὲ
414 3147 499 3224 ταύτῃ
512 3149 649 3224 ἐνύδριες]
662 3159 753 3209 Verba
762 3159 843 3212 beec-
892 3159 942 3209 bus
956 3158 1066 3209 lutrinis
1080 3174 1129 3225 per
1143 3158 1260 3209 hiemem
1273 3172 1346 3209 usnm
1357 3167 1410 3205 sset·

299 3233 372 3280 cest
405 3243 459 3280 nee
474 3233 624 3294 sequuntur
639 3229 770 3293 usquead
784 3245 843 3281 ver·
892 3227 981 3294 Atque
998 3228 1026 3278 id
1043 3244 1109 3279 sane
1126 3233 1233 3280 certum
1247 3225 1411 3280 eesevidetub

298 3299 334 3348 ba
346 3289 376 3355 ἐς
388 3244 529 3362 lumem
545 3284 642 3347 ἄκεσιν
660 3296 843 3362 aglossetcre
891 3297 1112 3362 antiquissimum
1130 3298 1253 3349 exbiberi
1272 3297 1298 3348 b.
1313 3295 1330 3346 1.
1353 3292 1410 3344 teeti·

297 3368 414 3432 quedam
433 3366 597 3420 Heredetais
617 3365 716 3418 edente
733 3369 841 3419 censuit
890 3367 1010 3418 monium
1021 3367 1055 3419 de
1064 3369 1182 3421 castoris
1193 3383 1227 3420 ec
1242 3366 1363 3420 similium
1377 3362 1411 3412 be

298 3439 434 3488 Gatterer.
461 3436 611 3487 Commeat.
637 3452 693 3488 soc.
712 3437 788 3488 Gett.
806 3440 840 3489 T.
890 3436 1144 3502 stiernmpellibrrs‘,
1164 3435 1362 3503 quaerentibus
1375 3428 1411 3480 ed-

297 3508 359 3558 XII.
383 3523 407 3572 p.
431 3507 490 3559 120.
522 3505 576 3556 Sed
591 3507 660 3557 bene
678 3506 728 3556 ille
747 3511 840 3559 tuetur
890 3512 1016 3558 suuntur=
1040 3513 1151 3571 pestere
1174 3512 1268 3560 aetate
1293 3509 1410 3557 castoreet

297 3576 446 3643 Sclrweigb.
471 3576 589 3641 itemque
606 3577 724 3628 Hecren.
744 3575 837 3629 Idceu.
887 3574 972 3640 pelles
987 3576 1023 3626 ad
1039 3576 1111 3628 hunc
1126 3592 1204 3628 usum
1223 3576 1354 3628 adbibitus
1368 3584 1411 3621 me·

296 3646 319 3696 I.
336 3648 361 3696 2.
375 3662 437 3713 pag.
450 3645 512 3709 304,
524 3660 584 3697 cum
598 3645 673 3697 nulla
686 3661 777 3697 eorum
790 3646 838 3697 eii·
888 3659 996 3711 guoque
1007 3645 1036 3695 in
1050 3649 1139 3710 pretio
1151 3646 1261 3698 habites
1273 3661 1344 3708 esse,
1357 3640 1409 3694 satit

296 3717 596 3769 cieudcrumsitcause
611 3716 694 3767 iuste.
710 3706 838 3779 ἐνύδριες
888 3719 1006 3766 constat.
1040 3715 1114 3769 Mela
1137 3717 1171 3767 de
1190 3715 1336 3769 Gelcuibus
1355 3712 1408 3762 beet

295 3790 361 3837 suut
370 3791 452 3838 lutrae
464 3783 555 3852 (oster,
570 3783 734 3850 Fiscirotter),
753 3790 785 3834 ut
796 3786 836 3846 II,
887 3784 973 3834 tradit
988 3784 1031 3848 11,
1048 3787 1076 3849 l,
1098 3785 1160 3838 130:
1180 3785 1296 3850 „Geloni
1311 3781 1410 3834 bestium

295 3856 339 3918 72,
358 3856 470 3907 minime
484 3873 560 3907 canes
575 3858 679 3914 marini,
701 3860 732 3905 ut
745 3854 837 3921 placet
887 3854 996 3905 cutibus
1007 3869 1091 3920 equos
1104 3870 1186 3919 seque
1199 3855 1306 3907 velante
1317 3851 1411 3902 illesre

294 3924 643 3990 MennertoIII.p.7.ldem
654 3924 755 3975 animal
765 3939 837 3975 cem·
886 3923 955 3989 liqui
970 3925 1107 3989 corperis,
1128 3940 1157 3974 ee
1168 3923 1317 3990 capitum¹¹
1334 3948 1363 3957 -
1376 3930 1407 3967 0·

294 3999 461 4046 memoratur
479 3993 552 4058 apud
563 3993 670 4044 Aeliau.
687 3995 719 4045 N.
738 3993 772 4046 A.
785 3994 835 4055 xl,
888 4005 992 4057 σνρνας
1002 4009 1062 4043 cum
1077 3994 1216 4045 Gronovic
1226 3993 1332 4059 scripsit
1344 3988 1407 4041 (tete

294 4061 341 4122 373
362 4054 488 4125 ἐνύδριες
505 4059 554 4111 καὶ
571 4055 706 4127 κάστορες
719 4064 836 4127 ἱσῃριια-
885 4062 956 4113 iord.
975 4079 1023 4128 pre
1038 4063 1111 4129 vulg.
1131 4055 1259 4128 σισύρας,
1277 4061 1344 4128 qued
1356 4056 1407 4109 Pte

294 4134 338 4181 tur
350 4146 456 4196 quoque
468 4132 498 4180 in
510 4131 651 4183 Aristotel.
664 4134 700 4182 H.
710 4133 743 4183 A.
757 4132 835 4194 VIII,
884 4133 1074 4198 rentiuue,a¹ii
1084 4134 1223 4199 praebent,
1234 4132 1350 4199 qnodque
1358 4140 1406 4177 cum

294 4199 627 4263 7,5,ubici.Schneider.
641 4201 737 4265 ρ.607.
757 4201 835 4264 Quod
886 4205 1001 4252 recentt.
1021 4202 1081 4254 edd.
1098 4203 1235 4254 revocavi.
1266 4199 1355 4253 Glosse
1364 4196 1406 4272 ile
1460 4197 1461 4214 ³

293 4266 329 4318 ad
342 4278 457 4321 caesores
470 4269 585 4331 attinet,
598 4271 737 4334 Koeppen.
749 4270 836 4321 Ncrd·
886 4270 1013 4323 rodotea:
1026 4262 1126 4336 σισύρα
1136 4289 1142 4301 ·
1154 4263 1321 4339 βαρβαρικὸς
1329 4278 1404 4332 zum,

293 4341 363 4402 gest.
381 4338 407 4389 d.
422 4340 501 4388 Pont.
519 4353 581 4403 pag.
596 4339 627 4388 17
647 4338 725 4389 effert
741 4340 835 4392 urbem
886 4356 937 4392 uec
953 4340 1033 4392 aliter
1046 4342 1158 4408 (ἕτερον,
1170 4341 1232 4392 Cer.
1245 4342 1277 4392 de
1288 4337 1347 4390 diet.
1357 4335 1404 4384 1⁰¹1·

291 4407 410 4471 Βούταν,
424 4408 442 4458 i.
454 4424 478 4457 e.
489 4416 628 4459 castoream
642 4408 734 4470 arbem,
747 4410 776 4459 in
786 4426 835 4474 gu·
885 4409 909 4472 5.
920 4411 979 4462 148.
992 4426 1018 4475 ρ.
1031 4410 1092 4464 540.
1111 4411 1152 4463 cf.
1162 4411 1243 4463 etiem
1253 4407 1346 4460 Herod.
1355 4402 1404 4462 Vll,

290 4477 386 4529 bernie
397 4477 549 4529 Wcrenesb
563 4477 658 4529 iisdem
675 4477 731 4530 iere
752 4480 781 4528 in
795 4495 835 4530 re·
885 4480 927 4531 07.
947 4484 987 4530 Ac
1001 4479 1083 4546 vulgo
1097 4482 1137 4532 ite
1151 4482 1324 4547 distinguunt,
1335 4478 1363 4525 nt
1371 4483 1403 4521 σι·
