3042 5125
493 263 560 327 AD
582 264 837 329 HERODOT.
857 266 923 344 111,
947 275 991 333 ιδ.
1248 267 1310 331 673

157 454 250 508 notis
260 470 311 525 pro
324 453 464 525 pyramide
478 454 613 527 accipere.
642 456 743 527 Neque
757 473 810 526 ego
824 460 914 510 tamen
928 455 1036 511 faciam.
1067 454 1225 510 Advertunt
1238 456 1309 511 enim

156 555 231 608 me,
255 555 326 610 quae
347 539 382 593 de
401 534 527 614 τριγώνῳ
544 540 573 593 in
593 540 644 593 hac
657 540 720 611 ipsa
733 540 896 611 religionum
911 547 990 613 parte
1005 541 1129 613 disputat
1142 540 1308 595 Plutarchus

157 623 200 677 de
219 623 298 677 Iside
315 628 343 677 et
358 623 471 679 Osiride
485 643 513 697 p.
528 627 580 681 373
595 643 653 696 seq.
669 643 698 695 p.
713 628 766 681 530
777 627 938 697 Wyttenb.,
957 627 1005 680 ubi
1019 643 1078 680 cum
1092 625 1146 679 alia
1158 626 1237 697 ponit
1250 633 1308 679 tum

156 725 240 762 vero
255 708 336 763 etiam
346 709 426 763 haec:
445 708 538 779 „linei
551 709 587 763 ad
600 715 704 764 rectum
719 709 849 779 angulum
861 711 940 766 alteri
955 711 1102 765 insistente
1116 728 1232 781 marem,
1245 709 1308 765 basi

159 793 315 862 feminam,
340 794 526 849 subtendente
542 790 608 865 (τὴν
628 790 659 849 dl
678 788 894 869 ὑποτείνουσαν)
915 797 1018 867 prolem
1037 796 1184 867 utriusque
1200 795 1308 865 siguifi-

158 878 251 932 cari“
266 876 327 934 aul
348 873 411 933 adr
432 873 643 951 μὲιιὌσιριι
662 872 706 942 ὥς
725 872 851 951 ἀρχὴν,
873 875 937 952 τὴν
958 869 1095 937 albore
1115 874 1309 944 ὁςὺιιοδο-

157 957 253 1033 χὴν,
267 956 330 1017 τὸν
348 953 501 1034 dl‘iioor
513 958 558 1027 de
573 958 807 1035 ἀποτέλεσμα.
835 966 883 1035 Et,
897 984 933 1020 ne
946 966 1039 1035 multa,
1053 966 1213 1021 Damusrius
1228 983 1307 1021 macr.

157 1048 194 1100 in
208 1047 337 1102 Platonis
353 1048 508 1104 Parmenid.
524 1049 554 1102 in
565 1049 625 1104 loco
641 1049 675 1103 de
690 1049 889 1121 Aegyptiorum
903 1050 1100 1122 hieroglyphis,
1116 1051 1164 1104 ubi
1179 1049 1259 1121 plura
1273 1049 1307 1104 de

158 1131 313 1202 triangulo
328 1138 356 1187 et
370 1134 561 1205 quadrangulo
576 1134 666 1204 habet,
683 1134 722 1187 ita
732 1135 843 1191 scribit:
859 1132 939 1190 aior
951 1128 1095 1207 Ἀθηνᾶς
1108 1130 1170 1206 plu
1183 1128 1220 1189 τὸ
1235 1136 1307 1202 τοί-

159 1236 309 1287 γοονον·
327 1211 453 1289 Ἑρμοῦ
470 1214 508 1274 di
526 1214 566 1274 τὸ
586 1213 827 1290 τετράγωνοι.
862 1219 954 1291 Atque
967 1220 1121 1275 Minervam
1135 1220 1209 1274 inter
1223 1224 1307 1290 atque

160 1302 313 1356 Osiridem
332 1303 511 1358 arctissimam
531 1304 764 1359 necessitudinem
782 1304 972 1375 intercedere,
996 1304 1041 1360 rel
1062 1306 1124 1379 ipse
1145 1302 1306 1358 Herodotus

160 1392 245 1441 tecte
258 1388 398 1457 significat
407 1389 454 1442 lib.
462 1389 500 1443 11.
508 1406 568 1460 cap.
581 1392 632 1443 270
646 1408 717 1461 seq,
730 1407 790 1443 cum
798 1389 933 1444 Osiridem
947 1390 997 1443 Sei
1007 1390 1037 1443 in
1051 1391 1112 1444 eius
1127 1389 1195 1443 deae
1206 1386 1306 1459 templo

162 1471 311 1543 sepultum
329 1473 403 1528 baud
422 1474 540 1528 obscure
558 1479 689 1529 memorat
710 1474 819 1528 eteius
841 1474 886 1528 dei
907 1476 1004 1529 mortis
1025 1474 1184 1545 spectacula
1208 1472 1307 1527 ibidem

161 1557 296 1611 exhiberi
315 1558 344 1612 in
365 1558 456 1612 scenis
478 1559 566 1612 sacris
585 1559 661 1613 dicit.
690 1559 768 1622 Quid
787 1559 921 1630 quaeris?
941 1559 1070 1613 Minerva
1084 1559 1205 1613 Osiridis
1227 1575 1306 1611 mam·

160 1642 269 1695 bratim
283 1642 397 1697 dissecti
415 1661 463 1697 cor
477 1649 638 1698 servaverat
653 1650 681 1698 et
695 1644 776 1697 unice
791 1649 949 1712 curaverat,
971 1663 1006 1698 ne
1027 1644 1071 1697 hic
1084 1644 1154 1697 deus
1168 1647 1266 1699 multus
1278 1643 1307 1697 irr

160 1736 263 1800 partes
281 1729 404 1784 dissemm
424 1747 533 1800 prorsus
553 1730 661 1801 periret.
694 1727 817 1782 Pettium
833 1730 1027 1785 multitudinem
1045 1729 1236 1783 vindicaverat
1256 1727 1305 1795 ita,

163 1818 202 1866 ut
221 1813 321 1868 uuicti
342 1831 390 1867 eus
409 1813 572 1867 restitueret
592 1820 620 1867 et
641 1812 779 1867 Osiridem
799 1832 884 1870 anum
901 1814 993 1867 denuo
1014 1812 1119 1866 salvum
1140 1815 1305 1883 praestaret.

164 1897 243 1950 Erat
257 1897 327 1951 enim
338 1896 431 1951 Osiris
446 1901 539 1953 muudi
549 1899 629 1969 quasi
644 1899 735 1952 anima
749 1917 799 1969 per
815 1899 962 1952 universae
978 1901 1093 1952 naturae
1109 1897 1201 1951 varias
1214 1906 1307 1970 partes

164 1982 323 2036 minutatim
338 1982 456 2050 diffusa,
481 1984 505 2035 h.
529 2002 553 2037 e.
580 1983 705 2037 omnibus
728 1982 757 2036 in
779 1984 863 2037 rebus
878 1983 971 2036 Osiris
991 1989 1052 2036 erat
1077 1983 1120 2036 vis
1141 1984 1258 2038 “catria
1279 1985 1307 2034 et

167 2069 267 2123 altrice
289 2067 405 2121 Hermes
414 2062 448 2135 *)·
459 2067 519 2121 sive
531 2068 690 2122 Mercurius
705 2076 766 2121 erat
779 2068 822 2121 ris
830 2069 924 2139 Μήτι
939 2085 970 2121 ac
984 2068 1081 2123 rectrix
1097 2074 1125 2121 et
1139 2068 1220 2145 quasi
1234 2085 1307 2122 mens

166 2153 274 2207 mundi·
303 2152 427 2223 Uterque
449 2158 538 2206 autem
559 2153 639 2206 adest
653 2151 774 2223 Osiridi,
795 2158 823 2206 et
836 2154 987 2209 Mercurius
1002 2157 1030 2205 et
1043 2153 1177 2208 Minerua.
1209 2152 1306 2223 ltaque

166 2237 213 2290 rei
227 2237 290 2307 ipsa
301 2236 370 2291 ratio
385 2236 522 2306 postulet,
537 2248 567 2294 ut
579 2239 714 2306 utriusque
728 2238 808 2293 etiam
818 2248 932 2294 tesserae
947 2231 1182 2307 (τετράγωνον
1197 2246 1223 2292 et
1234 2236 1307 2306 τρί-

167 2323 303 2391 γωνον)
318 2324 346 2376 in
363 2323 469 2377 Osiridis
481 2324 622 2378 simulacro
637 2323 721 2394 Apide
731 2325 915 2396 apparuerint,
948 2323 1029 2386 Quae
1043 2340 1103 2375 cum
1118 2323 1158 2375 ita
1172 2321 1238 2390 sint,
1254 2338 1306 2389 ego

168 2405 266 2459 nulius
281 2406 393 2475 dubito,
413 2408 519 2476 quinia
530 2409 718 2481 undetriginta
732 2410 801 2464 notis
814 2410 905 2480 Apidis
921 2417 947 2463 et
961 2409 1168 2480 quadrangulus
1182 2415 1208 2460 et
1221 2407 1308 2461 trian-

167 2494 256 2565 gulus
267 2494 370 2562 suerit,
398 2496 515 2562 adeoque
536 2495 566 2547 in
586 2494 640 2549 eius
652 2500 749 2565 fronte
765 2494 845 2547 etiam
865 2487 1092 2562 τετράγωνοι
1115 2501 1196 2547 notae
1213 2509 1308 2545 sacrae

169 2577 332 2649 dignitatem
348 2580 445 2633 itatem
457 2581 581 2651 potuerit.
611 2579 711 2650 Neque
727 2579 798 2632 enim
815 2597 848 2633 ex
865 2586 919 2631 tam
936 2594 1084 2648 paucorum
1100 2577 1265 2648 scriptorum
1280 2581 1308 2629 et

167 2668 406 2716 monumentorum
422 2662 548 2734 reliquiis
571 2681 628 2717 eam
650 2681 705 2717 rem
726 2663 835 2717 definiri
849 2681 900 2735 pro
916 2669 991 2715 certo
1007 2680 1090 2732 posse
1106 2665 1230 2732 apparet.
1259 2660 1306 2729 Et,

170 2748 197 2801 si
212 2748 369 2800 accuratius
388 2748 476 2802 omnia
490 2748 754 2819 circumspiciamus,
773 2747 841 2801 illud
861 2748 952 2819 ipsum
967 2746 1129 2818 quadratum
1147 2743 1229 2816 Apidi
1243 2743 1307 2797 iun-

170 2837 246 2885 ctum
257 2832 286 2885 in
303 2849 359 2885 uuo
373 2832 514 2904 alteroque
531 2840 704 2886 monumento
721 2832 869 2903 reperitur.
901 2831 941 2885 Ac
956 2849 1070 2901 reapse,
1086 2831 1177 2901 quiin
1193 2829 1307 2882 mumiae

169 2915 340 2970 Dresdensis
355 2918 472 2971 feminae
487 2916 631 2970 involucro
647 2918 738 2988 pictus
753 2916 856 2970 visitur
870 2916 952 2986 Apis,
974 2916 999 2969 is
1016 2933 1070 2968 non
1086 2916 1164 2970 modo
1180 2915 1306 2982 triangu-

170 3000 227 3053 lum
240 3001 317 3055 iuxta
332 3003 496 3072 sepositum
511 3002 601 3070 habet,
617 3019 711 3056 verum
721 3019 807 3072 supra
818 3001 929 3055 dorsum
944 3001 1024 3054 etiam
1039 3001 1209 3071 quadratum.
1231 2998 1308 3051 Haec

171 3086 244 3139 enim
262 3087 353 3155 figura
368 3086 538 3157 probabilior
552 3087 680 3141 videatur
696 3087 748 3156 iis,
769 3086 816 3158 qui
832 3086 968 3156 Augustei
984 3085 1045 3139 Vol.
1061 3086 1076 3138 Ι
1096 3085 1214 3138 tabulam
1228 3088 1245 3138 2
1260 3084 1307 3136 ad·

171 3171 307 3241 spiciunt,
323 3189 403 3244 quam
419 3172 479 3226 aris
494 3177 542 3226 aut
556 3172 606 3226 loti
616 3172 704 3226 floris.
730 3171 899 3226 Alterutrum
916 3171 986 3225 enim
997 3171 1139 3225 Beckerus
1155 3171 1174 3223 l.
1186 3169 1204 3222 l.
1221 3185 1308 3239 supra

171 3243 284 3310 doisum
306 3273 439 3327 apparere
462 3257 579 3312 dictitat.
608 3257 724 3325 Verum,
746 3263 810 3310 utut
830 3263 887 3326 est,
915 3257 965 3310 hoc
988 3271 1066 3309 nemo
1089 3255 1192 3309 infitias
1212 3253 1306 3321 iverit,

170 3335 345 3412 τετράγωνον
361 3341 406 3396 vel
420 3342 531 3396 maxime
545 3342 686 3413 pertinere
701 3341 737 3395 ad
754 3344 861 3396 Osiridis
873 3344 1051 3411 simulacrum,
1066 3340 1152 3410 Apim.

259 3426 334 3480 Satis
349 3428 384 3480 de
397 3422 569 3501 τετραγώνῳ.
599 3426 757 3480 Mutilatum
772 3432 861 3479 autem
877 3425 1012 3480 Herodoti
1029 3425 1118 3478 locum
1134 3423 1207 3476 dicat
1229 3421 1306 3492 quis·

171 3509 244 3582 piam
266 3511 319 3565 elia
334 3529 444 3584 quoque
460 3513 495 3567 de
510 3529 603 3566 causa.
635 3510 744 3565 Etenim
766 3527 836 3582 quas
849 3509 948 3581 Apidis
968 3508 1102 3578 imagines
1120 3506 1251 3562 exhibent
1264 3510 1306 3557 ta-

240 3727 268 3795 *)
284 3729 393 3794 „Locos
405 3728 459 3781 huc
477 3728 646 3795 pertinentes
664 3725 732 3779 alibi
751 3724 879 3790 laudari,
898 3729 926 3777 ot
936 3724 969 3776 de
984 3722 1117 3775 Mercurio
1130 3722 1308 3787 Aeqyptiorum

171 3800 267 3851 monui
279 3797 313 3850 ad
321 3799 479 3851 Ciceronem
486 3800 528 3850 De
538 3804 596 3850 nat.
610 3795 902 3863 asor.111,22.p.604
915 3809 989 3860 seqq.
1010 3790 1256 3856 Quostlokener.
1271 3789 1307 3841 sd

170 3868 308 3921 Herodoti
319 3869 424 3934 locum,
443 3884 523 3935 quem
539 3872 704 3935 tractamus,
723 3883 756 3919 ex
768 3865 918 3931 Porphyrio
932 3880 977 3931 sp.
987 3863 1089 3915 Eusab.
1102 3864 1235 3912 memorat
1249 3855 1308 3938 τρζ·

171 3952 262 4004 yaror
274 3944 403 4005 tauquam
418 3937 614 3991 foecunditatis
626 3937 773 4005 imaginem
792 3933 840 3985 did
856 3926 888 3984 τὸ
901 3924 1003 4000 μόριον
1014 3929 1065 3997 τῆς
1079 3928 1198 3997 θηλείας
1211 3936 1239 3981 st
1252 3944 1307 3993 φοι-

172 4009 242 4074 λητοι
251 4009 279 4059 iu
293 4009 449 4061 memoriam
463 4006 577 4075 redigit:
589 4024 641 4060 uec
653 4008 722 4059 haec
734 4004 857 4071 symbola
870 4020 888 4055 s
899 4001 1032 4071 trianguli
1041 4006 1069 4053 et
1083 4000 1210 4068 quadrati
1223 3998 1309 4065 signi-

169 4078 298 4130 ficatione
312 4079 341 4130 in
360 4079 434 4130 notis
446 4078 544 4145 Apidis
562 4076 730 4129 excludenda
744 4079 817 4126 sunt.
839 4074 908 4126 Vide
925 4090 994 4141 quaa
1007 4071 1044 4124 ad
1056 4069 1196 4123 Ciceronis
1208 4068 1227 4120 l.
1242 4068 1261 4121 1.
1274 4069 1308 4119 de

169 4149 305 4201 Mercurio
318 4147 432 4200 Phalete
450 4163 473 4198 s.
490 4145 670 4213 ithyphallico
685 4145 811 4212 apposui.
836 4145 873 4194 Et
889 4141 1137 4209 Hermaphroditus
1154 4140 1238 4192 etium
1254 4138 1309 4190 huc

170 4217 240 4271 facit
252 4217 452 4286 quodammodo
466 4233 499 4269 sc
514 4220 617 4301 Venus,
629 4216 673 4268 eui
687 4221 715 4268 et
731 4214 786 4280 ipsi
799 4217 979 4281 quaternarius
996 4227 1124 4263 numerus
1140 4210 1247 4261 dicatus
1257 4212 1307 4260 est.

170 4288 211 4340 Io.
223 4287 318 4355 Lydus
332 4288 375 4339 De
387 4302 487 4339 mensa.
521 4324 528 4339 .
540 4287 588 4338 87:
634 4277 687 4354 peip
699 4283 749 4336 τοῦ
759 4279 865 4342 παντὸς
878 4278 1020 4350 αἰσθητοῦ
1031 4273 1116 4347 φύσις
1125 4270 1156 4330 ia
1167 4274 1310 4346 τεσσάρων

171 4348 228 4407 iaci
242 4354 398 4425 στοιχείων,
411 4347 483 4423 arian}
499 4305 530 4407 d'
543 4344 581 4407 dr
593 4302 637 4422 alp
650 4346 721 4406 nard
735 4348 802 4413 roric
815 4343 1001 4421 φυσιολόγους
1012 4343 1190 4419 Ἀφροδίτη.“

212 4462 381 4509 monor.
401 4463 439 4509 11.
1056 4438 1097 4500 43
