3042 5125
471 364 797 428 MELPOMENE.
820 368 876 428 IV.
897 381 941 434 59.

1211 374 1272 436 421

143 550 299 641 βασιλήϊον
314 553 451 625 Σκύθαι
472 559 528 626 καὶ
546 561 595 651 τῷ
607 561 815 629 Ποσειδέωνι
833 559 966 630 θύουσι.
998 559 1213 653 οὕνομοὶζεται
1235 568 1272 638 dl

142 658 301 726 Σκυθιστὶ
312 653 411 748 Ἱστίη
424 660 487 749 μὲν
506 663 639 751 Tudici,
652 659 736 743 Ζεὺς
756 664 792 732 dl
802 659 970 752 ὀρθότατα
985 664 1069 736 κατὰ
1084 667 1222 759 γνώμην
1231 699 1270 759 γε

143 826 168 874 in
178 823 249 875 lama
262 827 355 891 gentis
368 827 504 894 indigena.
537 831 586 882 Gr.
599 846 677 896 prae·

142 898 209 944 terea
218 894 252 944 ad
262 895 333 946 haec
342 896 461 948 conferri
470 897 529 948 vult
538 900 675 951 Hummel.

142 963 280 1029 Compend.
295 966 426 1018 Deutsch.
438 968 555 1020 Alterth.
568 986 630 1036 cap.
642 972 676 1022 V.

138 1037 159 1098 ξ.
173 1035 196 1084 7.
208 1050 271 1100 pag.
285 1035 321 1087 80
334 1051 384 1101 seq
409 1042 437 1087 et
451 1038 604 1103 Inghirami
618 1041 675 1090 Μο-

139 1108 251 1154 numenti
264 1106 396 1156 etruschi.
427 1107 508 1172 Degli
521 1109 616 1173 spechi
627 1112 675 1160 mi-

138 1175 356 1226 uisitauvm.
395 1176 475 1228 ,len

167 1231 347 1308 οὖνομοὶζεται
361 1191 392 1294 dli
405 1245 557 1313 Σκοθιστί]
583 1248 614 1298 Si
628 1263 675 1298 ve-

137 1327 189 1361 rum
203 1319 257 1376 est,
279 1315 354 1379 qnod
370 1315 454 1380 paulo
474 1321 556 1368 antea
571 1318 674 1380 monui,

137 1381 256 1445 Scythica
272 1385 386 1435 numina
404 1401 437 1436 ex
450 1385 514 1436 heia
531 1388 620 1437 media
632 1403 674 1437 re-

137 1454 243 1514 petenda
254 1452 345 1504 videri
355 1460 383 1505 ot
396 1454 432 1504 ad
445 1460 533 1506 terrae
546 1472 563 1506 a
575 1457 673 1519 Medis,

726 848 753 896 p.
766 832 817 884 497
835 847 931 883 vocem
950 835 1060 886 Πανία
1074 841 1102 886 et
1123 838 1267 905 Thou-est,

726 916 781 966 qua
799 905 879 954 iustus
901 905 960 954 sive
980 904 1109 969 perfectus
1132 907 1269 961 indicetur

724 974 809 1037 ignis:
837 973 956 1038 itemque
981 976 1163 1042 Themiscyrena
1187 978 1218 1043 (i.
1242 996 1267 1031 e.

725 1040 866 1092 Themidis
881 1044 986 1106 urbem)
1007 1044 1130 1109 adeoque
1150 1048 1267 1100 Thermo-

724 1112 776 1162 don
794 1127 842 1175 pro
861 1114 1022 1165 Thomu-don
1047 1114 1199 1177 (Themidis
1217 1118 1267 1168 flu·

724 1181 821 1245 vium),
835 1198 896 1231 cum
907 1182 1017 1233 Themis
1030 1183 1124 1235 eadem
1136 1186 1266 1250 citatque

724 1251 818 1300 Vesta.
835 1251 973 1317 hnquetil,
984 1267 1062 1318 quem
1074 1253 1172 1304 laudat
1183 1255 1266 1306 (loer-

722 1335 767 1370 res
785 1320 988 1387 Mythengeseh.
1011 1324 1033 1372 I.
1054 1336 1116 1385 pag.
1136 1323 1185 1374 198
1207 1324 1265 1387 (no-

723 1391 802 1440 tente
817 1391 887 1453 Cn),
901 1395 929 1441 et
945 1391 1016 1441 hanc
1028 1407 1122 1441 vocem
1135 1397 1163 1442 et
1174 1401 1264 1446 caete-

721 1473 767 1508 ras
781 1458 902 1524 elingue
917 1475 996 1510 sacra
1006 1461 1148 1510 Persarum
1165 1463 1263 1527 (Zend)

136 1521 233 1583 Persis,
257 1522 322 1573 aliis
342 1523 484 1574 habitatas
505 1525 568 1575 olim
589 1528 672 1590 perti·
721 1528 858 1592 explicare
871 1529 986 1580 studuit.
1009 1530 1068 1590 Quo
1083 1536 1194 1582 auctore
1207 1533 1263 1582 Tu-

136 1605 203 1650 nere‚
220 1592 281 1656 ipsa
294 1609 404 1659 quoque
417 1595 528 1644 nomina
541 1594 671 1659 Scythica
720 1595 785 1662 pul,
798 1599 883 1661 zabad,
897 1601 914 1649 i.
927 1614 950 1648 e.
963 1598 1118 1659 calefactas,-
1131 1598 1263 1660 Παπαῖος

136 1659 172 1710 hie
189 1661 239 1711 diis
254 1663 361 1714 tributa
378 1678 410 1713 ex
427 1662 533 1713 illarum
547 1666 671 1729 gentium
719 1668 832 1726 aBaba,
845 1677 934 1735 putem
952 1657 1028 1714 'Auru
1042 1671 1114 1717 terra
1125 1669 1160 1717 ab
1168 1671 1260 1735 Aprsa,

134 1729 226 1794 linguis
242 1732 395 1796 repetenda
413 1738 507 1783 erunt:
531 1749 602 1798 quae
620 1735 670 1785 lin·
715 1740 816 1801 pulvis,-
833 1731 987 1813 Olcopvpoc
1000 1735 1096 1799 Apollo
1109 1752 1127 1786 a
1140 1740 1259 1800 nocuo-e,

135 1815 196 1864 guae
212 1817 272 1852 cum
289 1803 341 1853 vix
354 1803 512 1853 accuratius
529 1804 607 1853 nobis
625 1821 671 1854 co·
719 1807 738 1857 i.
749 1822 774 1855 e.
789 1810 891 1863 oculus,·
909 1801 1073 1868 Apu'pnuca
1085 1805 1178 1875 Venus
1190 1809 1260 1859 Ura·

134 1870 219 1933 gnitee
232 1872 300 1935 sint,
316 1875 387 1923 satia
402 1877 495 1937 patet,
507 1888 587 1937 quam
601 1873 670 1924 diffi-
719 1875 766 1924 nia
777 1874 827 1937 (ab
838 1873 979 1936 Arrpada),
997 1873 1015 1921 i.
1026 1889 1050 1925 e.
1060 1890 1150 1939 ruapnn
1161 1881 1258 1942 regina,

134 1938 226 1990 cilesit
242 1939 311 1992 hoec
325 1942 458 2007 Scythica
475 1943 585 1993 nomina
599 1959 671 1994 com·
719 1949 750 1993 ut
775 1943 846 2005 apud
869 1940 1027 2004 Mongolos;
1054 1939 1259 2006 Θαμιμασοίδνς

135 2010 203 2061 mode
216 2010 373 2074 explicare,
392 2013 508 2077 adquae
520 2016 572 2062 rite
585 2011 670 2078 expli·
716 2014 860 2074 Neptunus
871 2009 900 2072 (a
913 2009 1007 2061 Tarson
1018 2013 1122 2074 radet),
1133 2013 1152 2063 i.
1163 2029 1186 2065 e.
1192 2032 1259 2080 pcr-

134 2079 213 2129 canda
234 2095 289 2131 una
307 2082 431 2132 Zendica
453 2080 548 2147 lingua
570 2089 619 2132 aut
644 2082 668 2131 si
716 2090 765 2132 oue
791 2081 922 2130 adiuvans.
963 2080 1053 2130 Attuli
1076 2081 1158 2144 haec,
1187 2097 1258 2148 quse

134 2147 214 2211 placet
237 2150 420 2201 Sanscritana
452 2154 534 2201 etiam
564 2150 667 2216 aliquid
717 2163 797 2213 quem
814 2149 898 2198 dubia
918 2164 1052 2214 quamque
1071 2151 1175 2202 incerta
1192 2155 1256 2218 sint,

134 2218 344 2283 opispraestere
358 2222 472 2286 poterit:
498 2235 548 2270 nec
561 2220 666 2279 mirum,
716 2219 849 2267 neminem
867 2218 962 2283 sugere
980 2225 1084 2283 potest:
1107 2238 1158 2272 nec
1170 2223 1257 2288 magis

133 2302 186 2348 eos,
211 2290 258 2353 qui
275 2290 361 2340 aliam
380 2290 514 2356 Scythicis
538 2288 665 2352 gentibus
714 2289 769 2336 iem
782 2287 894 2337 afferam
906 2289 1020 2338 aliorum
1031 2290 1210 2355 opinationes
1221 2293 1257 2344 ad

133 2356 272 2409 tribuerent
281 2361 500 2426 originationem,
509 2370 600 2406 earum
611 2355 665 2406 dlis
713 2357 876 2417 Fennicam‚
898 2358 1049 2421 Slavieam,
1074 2361 1256 2424 Mongolieam

132 2441 229 2493 quoque
239 2429 325 2479 aliam
338 2430 468 2493 originem
484 2425 664 2487 adscripsisse
713 2426 825 2489 stirpem
837 2428 1058 2490 regredientium.
1074 2419 1177 2495 Ἰονίην
1189 2447 1256 2494 pau·

133 2494 230 2561 aliaque
256 2501 367 2549 ratione
391 2497 459 2545 haec
482 2493 593 2544 deorum
617 2510 663 2543 no·
711 2495 738 2544 lo
758 2501 822 2546 ante
840 2497 957 2547 diximus
979 2498 1014 2548 ad
1032 2501 1112 2564 ignem
1130 2506 1256 2566 spectare

133 2568 197 2618 nina
214 2570 350 2634 explicare
367 2564 514 2615 studuisse.
550 2564 611 2625 Sic,
630 2570 662 2613 ut
711 2567 824 2628 eiusque
842 2566 960 2629 cultum,
981 2584 1030 2632 per
1046 2571 1130 2620 Asiae
1150 2572 1256 2622 mediae

131 2635 191 2687 alios
211 2644 334 2697 mecam,
355 2632 549 2696 Dankowszky
567 2634 661 2699 (Frag-
712 2639 809 2698 gentes
827 2634 994 2687 celebratum
1013 2645 1040 2688 et
1054 2639 1117 2689 inde
1134 2639 1171 2689 ad
1189 2640 1254 2704 Scy·

132 2712 209 2756 mente
228 2724 250 2756 z.
270 2703 371 2756 Gesch.
391 2702 418 2753 d.
432 2702 536 2753 leker
552 2718 615 2768 ung.
634 2719 661 2755 u.
713 2705 787 2755 thiae
816 2711 912 2768 gentes
943 2705 1126 2757 translatum:
1157 2709 1254 2774 itaque

131 2773 246 2826 elevisch.
269 2776 375 2835 Zunge.
405 2772 541 2837 Presburg
568 2771 661 2837 1825),
711 2776 795 2825 Zeuss
813 2775 877 2835 (Die
896 2774 1027 2825 Deutsch.
1044 2791 1071 2825 u.
1090 2776 1148 2826 ihre
1165 2778 1255 2828 Nach-

130 2845 234 2908 itemque
244 2840 413 2892 Schaffarih:
423 2841 566 2892 Slavische
575 2841 663 2893 Alter·
712 2843 877 2894 barstiimme
892 2861 919 2909 p.
933 2845 996 2905 286)
1015 2859 1110 2895 vocem
1124 2843 1223 2912 Ταβιτὶ
1239 2863 1254 2898 e

132 2912 222 2963 thiimer
229 2912 252 2963 Ι.
262 2928 288 2976 p.
296 2910 349 2962 283
358 2926 415 2975 seq.
424 2910 558 2963 eSlavica
567 2911 660 2978 lingua
710 2914 823 2964 Persica
833 2913 924 2975 lingua
933 2914 1021 2979 repeti
1031 2914 1099 2977 vult,
1110 2917 1139 2965 in
1149 2931 1203 2981 qua
1213 2918 1254 2967 in·

130 2981 172 3031 has
182 2982 287 3031 deorum
305 2980 508 3046 appellationes
524 2982 661 3046 explicere
713 2983 820 3032 venitur
830 2983 932 3034 tibiales
944 2982 1116 3049 („leuchten,
1128 2984 1252 3050 gldnzen,

131 3051 306 3113 instituerunt,
336 3051 492 3101 eFennica
514 3067 536 3100 a.
558 3051 664 3103 Tschu-
711 3052 897 3116 erwdrrnen“)
914 3058 942 3103 et
963 3054 1099 3105 tdbdriden
1125 3054 1253 3119 (,‚louch·

130 3118 182 3169 dica
197 3122 283 3172 Kruse
306 3120 516 3185 (Urgeschichte
532 3121 558 3170 d.
577 3121 660 3172 Esth-
709 3128 772 3186 ten,
788 3122 905 3186 gliuzen
923 3122 1085 3187 machen“),
1101 3130 1252 3189 comparat·

129 3188 203 3239 niseh.
215 3190 411 3240 Volksstamm.
430 3207 456 3255 p.
470 3190 522 3241 278
533 3193 632 3255 seqq),
645 3208 660 3242 e
708 3207 761 3258 que
773 3193 842 3243 adeo
854 3193 968 3243 Latinas
982 3208 1077 3244 voees:
1092 3197 1201 3258 tepidus,
1215 3205 1251 3247 te·

130 3257 270 3323 Mongolioa
283 3261 429 3311 Neumann
448 3260 512 3326 (Die
526 3260 659 3312 Hellenen
707 3277 770 3327 per,
787 3272 887 3327 tepere,
910 3264 943 3313 de
957 3264 1054 3328 quibus
1067 3264 1148 3314 etiam
1160 3264 1251 3315 admo·

130 3326 159 3376 im
175 3329 376 3396 Skythenlande
398 3330 421 3381 1.
443 3345 468 3394 p.
492 3330 542 3382 187
559 3328 658 3396 seqq),
708 3332 771 3381 nuit
788 3332 941 3383 Ramshorn
966 3334 1007 3382 in:
1032 3333 1201 3398 Synonymik
1226 3334 1251 3386 d.

129 3397 194 3447 euius
218 3402 342 3451 rationes
367 3400 437 3450 satis
459 3399 599 3466 redarguit
625 3401 658 3450 A.
707 3402 771 3451 Lat.
786 3401 907 3464 Sprache
921 3403 959 3451 11.
975 3418 1000 3466 p.
1015 3401 1076 3453 614.
1108 3403 1251 3453 Cuiuevo·

130 3466 256 3521 Schielner
272 3470 292 3521 l.
305 3470 327 3522 l.
346 3485 410 3535 pag.
423 3468 474 3521 539
488 3485 564 3535 seqq.
591 3471 660 3533 Nos,
708 3472 747 3521 cis
761 3470 881 3522 radicem
893 3472 921 3521 in
933 3472 1115 3523 Senseritana
1127 3488 1195 3523 voce
1207 3483 1251 3539 tcp

131 3538 208 3589 missis
218 3539 259 3590 his
271 3540 409 3601 omnibus,
420 3539 606 3605 probabiliora
618 3555 659 3590 se·
708 3540 738 3605 (i.
758 3557 782 3591 e.
802 3541 902 3607 calere)
933 3543 1028 3606 quaeri
1052 3541 1115 3591 inde
1140 3541 1249 3602 volunt;

128 3620 228 3669 qnamur
252 3625 342 3675 eaque
370 3614 475 3661 tantum
504 3610 659 3672 afferamus,
708 3610 1250 3662 conf.Grimm:Geschichted.deutsch.

130 3692 189 3740 qnae
201 3679 233 3728 ad
244 3679 417 3730 Herodotum
428 3678 618 3744 explicandum
630 3685 659 3730 et
708 3679 829 3745 Sprache
847 3696 874 3745 p.
887 3680 948 3741 2:31,
967 3680 1071 3730 Bohlen
1087 3679 1187 3744 (Ueber
1199 3681 1251 3730 Zu-

129 3749 353 3812 comprobandum,
366 3754 496 3814 quantum
509 3750 537 3799 id
548 3751 661 3815 quidem·
705 3749 902 3813 sammenhang
912 3749 937 3800 d,
945 3749 1006 3799 Iud.
1014 3748 1134 3812 Sprache
1144 3749 1194 3798 mit
1203 3749 1250 3799 der

129 3813 178 3865 fieri
189 3820 294 3882 poterit,
307 3817 412 3883 aliquid
422 3819 539 3882 lecient3
553 3821 586 3870 de
597 3821 656 3885 ipso
706 3819 877 3870 Lithsnisch.
894 3819 935 3867 in:
954 3820 1060 3869 Histor.
1072 3834 1098 3868 u.
1111 3818 1186 3869 liter.
1196 3818 1250 3868 Ab·

130 3883 277 3949 Scytharum
297 3903 423 3940 sermone
444 3904 513 3954 quae
536 3890 615 3940 nobis
641 3907 656 3940 e
705 3886 1250 3940 handll.derdeutschilesellschzuKii·

131 3953 228 4008 Graecis
242 3958 422 4023 scriptoribus
439 3958 482 4009 vel
501 3960 657 4024 inscriptio·
705 3958 849 4024 sigeberg,
864 3974 919 4009 von
929 3958 1067 4008 Schuhart
1078 3958 1100 4008 1.
1113 3974 1154 4009 nr.
1164 3959 1212 4010 IV.
1222 3975 1249 4024 p.

130 4024 199 4076 uibus
209 4033 350 4091 constant,
366 4029 476 4079 nomina
494 4031 656 4095 praesertim
710 4029 757 4080 123
769 4026 868 4094 seqq),
882 4028 928 4093 qui
939 4023 1039 4093 Ταβιτὶ
1049 4028 1085 4077 ad
1095 4028 1249 4078 Senserite·

130 4097 234 4161 propris,
244 4115 276 4149 ea
288 4099 397 4164 collegit
406 4100 462 4150 fere
472 4100 563 4149 omnia
573 4104 657 4165 atque
706 4114 770 4148 nam
783 4114 878 4149 vocem
894 4098 988 4148 retulit
999 4097 1103 4163 culpmi,
1117 4098 1135 4151 i.
1147 4113 1170 4150 e.
1182 4101 1248 4150 cale

129 4164 252 4229 explicare
273 4169 379 4219 studuit
395 4168 505 4220 Boechh
527 4170 555 4219 in
574 4170 655 4233 Corp.
703 4170 845 4232 facientes.
876 4170 954 4230 Quae
971 4169 1062 4218 omnia
1074 4170 1140 4233 apte
1154 4169 1252 4221 referri

130 4232 253 4303 Inscriptt.
267 4238 379 4290 Graece·
397 4238 458 4291 Vol.
473 4240 511 4291 11.
527 4254 593 4305 pag.
607 4240 657 4291 110
707 4244 836 4303 poterunt
857 4237 893 4288 ad
915 4238 974 4289 eius
996 4237 1064 4288 deae
1084 4237 1249 4304 appellatio-

131 4316 193 4369 teqq.
707 4324 782 4368 nem,
798 4323 868 4374 quae
885 4310 986 4359 Vestam
997 4307 1120 4359 declarat
1131 4310 1249 4374 ipsisque

58 4372 60 4425 l
164 4373 267 4445 Ταβιτί]
291 4379 386 4429 Refert
405 4378 458 4429 huc
479 4378 522 4427 De
542 4378 658 4428 Brosses
707 4377 934 4443 significationem
944 4380 1074 4428 continet.
1087 4378 1185 4441 Itaque
1195 4393 1249 4428 non

130 4437 200 4494 Mem.
220 4446 250 4499 de
271 4448 378 4500 l'hcad.
400 4448 427 4500 d.
444 4449 530 4499 Inscr.
547 4447 657 4499 XXXV.
708 4452 783 4513 erat,
797 4463 846 4498 cnr
853 4447 1050 4498 Brandstaeter
1062 4447 1209 4513 (Scythice.
1220 4462 1248 4511 p.
