3042 5125
278 402 339 465 720
676 403 943 467 EXCURSUS
965 405 1014 465 XI

277 592 370 665 quivis
385 591 532 662 intelligit,
556 599 585 644 et
604 591 693 661 ipsius
715 591 878 644 recentioris
900 592 999 645 aetatis
1023 593 1112 646 simile
1133 594 1284 664 exemplum
1297 594 1405 665 protulit

278 677 392 731 Rennel.
411 676 428 728 Ι.
446 677 462 728 Ι.
480 694 543 747 pag.
558 679 618 730 703.
638 679 698 729 tut.
732 675 788 729 Sed
802 675 908 728 addunt
921 676 1010 746 ipsius
1026 677 1135 731 itineris
1148 678 1206 731 sire
1224 679 1404 749 navigationis

278 761 473 828 difficultates,
501 762 582 813 maris
607 761 727 837 fluctus,
755 767 898 813 ventorum
919 760 986 828 vim,
1012 762 1094 814 litora
1116 763 1301 832 periculorum
1322 764 1404 833 plena,

280 847 363 914 vada,
383 846 528 915 scopulos,
546 845 599 897 alia
618 846 644 896 id
659 861 766 913 genus3
790 845 939 917 mirumque
954 846 1074 916 denique
1091 847 1177 900 videri
1193 848 1305 915 dicunt,
1328 848 1404 917 qood,

278 948 350 1003 quae
368 936 424 982 tum
440 931 544 983 fuerint
563 930 684 996 detecta,
705 928 773 982 nulli
796 930 911 1000 amplius
928 930 1085 999 posteritati
1103 931 1208 985 fuerint
1230 932 1296 984 usui
1310 933 1405 1000 ipsios-

279 1034 334 1087 que
349 1015 533 1086 expeditionis
552 1013 677 1067 memoria
691 1021 744 1066 tam
758 1014 813 1065 cito
835 1015 960 1067 excidere
980 1014 1113 1085 potuerit.
1148 1016 1247 1087 ltaque
1271 1016 1314 1068 rel
1337 1016 1405 1083 vulgi

279 1119 312 1153 ex
328 1102 397 1152 lama
416 1100 460 1152 rel
481 1099 652 1152 sacerdotum
670 1097 812 1151 Herodoto
832 1100 916 1152 verba
932 1098 1055 1152 dantium
1078 1099 1144 1152 haec
1168 1099 1286 1152 fluxisse
1301 1108 1405 1153 conten-

280 1186 366 1250 dunt,
383 1201 452 1251 cum,
467 1185 516 1254 qul
535 1183 589 1236 tale
600 1182 744 1237 consilium
758 1183 867 1236 omnino
878 1183 1076 1252 Aegyptiorum
1091 1201 1140 1236 rex
1153 1184 1303 1253 concipere
1318 1194 1406 1253 potne-

280 1271 331 1337 rit,
346 1267 463 1336 intelligi
480 1274 615 1338 nequeat,
638 1283 727 1336 neque
740 1267 819 1320 etiam
836 1275 959 1337 tempus,
981 1269 1056 1338 quod
1070 1268 1104 1321 ad
1117 1269 1196 1320 istam
1213 1269 1407 1339 expeditionem

279 1354 444 1420 insumptum
459 1351 546 1404 fuisse
559 1351 687 1417 traditur,
699 1352 830 1405 sufficere
840 1351 973 1421 potuerit.
996 1352 1074 1415 Quae
1086 1369 1149 1404 num
1161 1354 1307 1406 sufficient
1318 1353 1407 1405 udlle-

279 1437 368 1489 rodoti
383 1437 565 1488 testimonium
582 1435 802 1501 infringendum,
818 1436 1037 1509 iamxvidesmus,
1050 1437 1084 1489 ad
1099 1454 1131 1490 ea
1149 1437 1231 1490 simul
1245 1437 1407 1506 ablegantes,

279 1521 393 1592 quaein
413 1520 486 1573 notis
507 1520 540 1572 ed
556 1519 666 1587 singula
678 1519 813 1573 Herodoti
836 1521 920 1573 verba
941 1518 1153 1591 adscripsimus:
1175 1522 1284 1591 quippe
1302 1540 1334 1576 ex
1347 1540 1408 1591 quo

280 1623 338 1658 rum
359 1605 433 1656 iusta
454 1604 683 1674 interpretatione
702 1610 785 1673 etque
805 1604 1004 1674 intelligentia,
1028 1605 1095 1675 quid
1118 1606 1153 1658 de
1169 1605 1294 1674 singulis
1308 1606 1408 1659 dubita·

279 1689 402 1742 tionibus
416 1688 592 1741 iudicandum
606 1688 653 1755 sit,
668 1687 765 1740 melius
777 1688 897 1758 perspici
911 1689 1011 1757 possit.
1042 1690 1095 1742 ch
1109 1690 1136 1742 in
1154 1689 1319 1744 uuiversum
1333 1707 1409 1761 quae·

279 1776 339 1827 dam
357 1775 542 1843 proferamus,
567 1774 650 1825 ducta
670 1789 703 1824 ex
726 1772 961 1843 disputationibus
983 1790 1076 1827 eorum
1095 1775 1233 1840 virorum,
1256 1776 1306 1844 qui
1322 1774 1408 1827 nostri

281 1870 308 1912 et
330 1867 438 1929 patrum
460 1857 585 1910 memorii
610 1856 745 1909 Herodoti
772 1874 881 1910 musam
909 1866 1095 1928 susceperunt
1122 1859 1262 1928 fidemque
1282 1859 1408 1913 Herodoti

280 1944 306 1995 in
325 1943 375 1996 hac
389 1943 547 1995 narratione
562 1941 661 2011 optime
681 1941 754 1993 tueri
776 1942 953 1995 studuerunt.
983 1942 1061 1995 luter
1076 1959 1147 2012 qnos
1166 1944 1320 2013 praecipue
1335 1942 1408 1996 nomi

279 2027 363 2080 nandi
381 2035 448 2080 suut
465 2028 585 2079 Gesner.
601 2024 677 2077 Diss.
693 2025 727 2077 de
743 2024 878 2093 narigstt.
899 2034 977 2078 extra
996 2025 1113 2081 column.
1129 2027 1212 2080 Herc.
1229 2026 1265 2081 P.
1282 2028 1295 2079 l
1313 2027 1408 2098 praeci·

280 2129 335 2182 pue
356 2116 382 2177 S.
397 2114 414 2164 6
432 2129 510 2181 seqq.
527 2110 655 2179 Orphicc.
680 2109 723 2162 ed.
739 2110 905 2177 Hermann,
920 2109 1036 2164 Renuel.
1058 2110 1076 2163 l.
1094 2111 1111 2163 Ι.
1136 2128 1200 2180 pag.
1216 2114 1273 2165 685
1288 2130 1347 2182 seq.
1363 2113 1409 2165 693

280 2214 375 2267 seqq„
389 2196 511 2248 Heeren.
528 2194 610 2247 ldeen
623 2200 676 2247 etc.
692 2193 721 2261 I,
743 2198 769 2246 2.
785 2211 848 2263 pag.
863 2198 895 2247 81
913 2211 992 2264 seqq.
1010 2202 1038 2248 et
1054 2195 1139 2248 Koes.
1154 2196 1181 2248 in
1199 2195 1354 2265 scriptione
1366 2213 1408 2265 pe·

280 2279 392 2345 culiari,
414 2295 484 2350 quas
500 2280 551 2330 hoc
564 2279 617 2331 sub
633 2276 714 2330 titulo
730 2278 847 2346 prodiit:
871 2277 1057 2348 „Disquisitio
1073 2281 1106 2332 de
1124 2280 1178 2333 lide
1189 2280 1344 2346 Herodoti,
1360 2294 1408 2348 qus

280 2364 406 2434 perhibet
426 2362 577 2415 Phoenices
596 2362 716 2417 Africam
739 2362 856 2415 naribus
877 2361 1074 2417 circumvectos
1093 2381 1170 2432 esse,
1197 2381 1262 2416 cum
1281 2363 1407 2417 recentio-

279 2465 338 2500 rum
351 2464 436 2516 super
446 2447 496 2499 hac
511 2464 541 2498 re
552 2447 700 2499 sententiis
712 2447 869 2500 excussis.“
891 2446 1018 2515 Gottiug.
1033 2450 1110 2501 1805.
1122 2453 1149 2505 4.
1170 2449 1223 2501 His
1235 2454 1407 2502 accesserunt

280 2532 310 2584 P.
327 2533 353 2585 J.
372 2531 480 2585 Junlter
495 2530 522 2584 in
539 2530 752 2599 dissertatione,
777 2547 847 2602 quea
864 2531 1043 2585 inscribitur:
1069 2533 1142 2601 „Die
1158 2533 1354 2601 Umschiffuog
1366 2531 1407 2584 Li·

279 2619 368 2685 byeus
384 2616 470 2669 durch
491 2616 535 2669 die
550 2615 737 2683 Phoeniker“,
758 2617 865 2669 inserta
878 2616 1024 2669 Annalibb.
1052 2617 1202 2687 philologg.
1224 2625 1255 2671 et
1278 2609 1406 2688 peedagg.

280 2702 420 2772 Lipsiens.
440 2700 538 2770 Suppl.
556 2700 620 2753 Vll.
635 2719 663 2770 p.
679 2703 728 2754 357
746 2718 836 2770 seqq,
855 2702 959 2752 Gruter
973 2701 1091 2770 History
1113 2703 1144 2754 of
1157 2703 1268 2756 Greece
1282 2703 1334 2755 lll.
1347 2717 1406 2771 pag.

279 2789 331 2840 378
347 2804 445 2854 seqq,
467 2785 610 2838 Wheeler=
636 2785 807 2854 Gangraphy
829 2786 861 2837 of
878 2784 1040 2839 Herodotus
1065 2804 1128 2856 pag.
1156 2789 1208 2841 336
1232 2805 1312 2856 seqq.
1340 2785 1407 2837 Reu-

280 2870 352 2923 nelio
372 2869 528 2923 adsentitur
544 2869 697 2923 Lercherus
720 2869 763 2940 (in
779 2875 849 2922 nott.
871 2868 904 2921 ad
919 2869 1052 2923 Herodot.
1067 2870 1086 2923 1.
1106 2870 1140 2938 Ι.)
1163 2870 1286 2940 itemque
1301 2870 1406 2924 Dureau

280 2956 314 3008 de
330 2955 356 3006 la
372 2954 470 3006 Mallez
486 2953 662 3023 Gangraphie
678 2952 815 3023 physiqne
827 2953 862 3006 de
875 2954 902 3006 la
915 2970 973 3007 mer
986 2954 1064 3007 noire
1079 2963 1131 3007 etc.
1148 2973 1211 3025 pag.
1227 2958 1264 3008 70
1280 2961 1355 3018 not,
1369 2959 1405 3004 st·

280 3056 334 3108 que
353 3038 432 3091 etiam
450 3038 645 3108 quodammodo
665 3038 760 3090 Ukert.
777 3038 882 3106 Geogr.
902 3037 929 3089 d.
949 3039 1000 3090 Gr.
1027 3045 1055 3091 et
1074 3040 1166 3093 Roem.
1191 3041 1220 3104 1,
1247 3042 1272 3092 l.
1294 3055 1357 3108 pag.
1376 3038 1406 3089 46

280 3141 355 3191 seq.;
373 3122 542 3189 argumentis
555 3120 625 3173 enim
641 3139 656 3172 a
672 3119 805 3174 Rennelio
824 3121 947 3191 prolatis,
963 3122 1040 3174 modo
1055 3140 1126 3192 quae
1142 3123 1187 3175 ille
1203 3124 1355 3194 sumpserit
1367 3138 1404 3172 sc·

279 3205 432 3275 cipiantur,
454 3205 523 3256 eatis
539 3204 651 3274 probari
669 3205 722 3272 ait,
747 3205 806 3257 lieri
823 3208 940 3276 potuisse
955 3206 1035 3259 talem
1051 3206 1269 3276 navigationem,
1289 3206 1405 3277 quamvis

279 3306 314 3341 an
335 3291 406 3341 facta
426 3287 511 3340 fuerit
531 3288 651 3341 dubitari
672 3290 772 3358 possit.
804 3289 846 3341 Ab
864 3290 999 3342 Herodoti
1020 3291 1175 3344 testimonio
1199 3291 1328 3344 standum
1347 3307 1405 3359 pro·

280 3373 388 3426 nuntiat
403 3389 514 3443 quoque
529 3372 736 3427 Schlichthorst.
753 3374 873 3443 (Geogr.
890 3374 976 3429 Afric.
992 3375 1095 3428 Herod.
1112 3395 1139 3444 p.
1157 3376 1230 3443 110),
1242 3383 1404 3444 arguments,

279 3457 381 3530 quibus
396 3457 581 3510 dubitationes
597 3477 613 3510 a
630 3457 775 3510 Mannerto
795 3458 919 3527 prolatae
939 3458 1007 3511 dilui
1026 3459 1149 3528 possint,
1171 3459 1216 3512 alii
1237 3459 1352 3529 tempori
1366 3475 1404 3508 re

280 3561 396 3597 servans
408 3543 579 3612 exponenda.
610 3542 693 3605 Quod
708 3548 804 3610 postea
816 3543 917 3594 fecisse
933 3550 1024 3612 putem
1035 3543 1152 3596 Heiiter.
1166 3545 1193 3596 in
1207 3545 1285 3596 iahn.
1303 3550 1330 3596 et
1344 3541 1403 3594 See

280 3628 343 3681 bod.
360 3627 468 3681 Annali.
487 3626 591 3697 philoll.
608 3627 706 3697 (1831)
722 3627 757 3692 11,
774 3630 800 3678 4.
820 3644 883 3695 pag.
896 3629 947 3679 428
964 3645 1052 3697 seqq„
1069 3628 1115 3699 qui
1130 3628 1255 3697 singulas
1270 3623 1403 3679 Mannerti

280 3711 467 3764 dubitationes
489 3719 617 3765 recenset
641 3718 724 3781 atque
745 3711 858 3764 refutet.
893 3712 966 3764 Idem
992 3729 1065 3764 nuno
1084 3712 1206 3765 instituit
1221 3712 1324 3768 lunker
1345 3710 1361 3761 l.
1376 3709 1402 3772 l.‚

208 3826 220 3848 0
280 3797 328 3865 qui
349 3796 462 3866 primum
484 3795 637 3848 Gesselinii
659 3795 846 3847 dubitationes
873 3812 906 3847 ac
927 3796 1027 3848 deinde
1048 3795 1188 3863 Maunerti
1213 3796 1315 3849 summi
1342 3792 1402 3845 curi

279 3879 361 3933 diluit
378 3896 594 3949 vanasqueesse
614 3877 831 3932 luculentissime
852 3878 946 3931 docuit
965 3896 1028 3949 pag.
1044 3883 1095 3934 359
1115 3899 1175 3950 seq.
1198 3888 1228 3933 et
1241 3879 1401 3949 potissimum

280 3981 343 4034 pag.
367 3967 418 4018 362
436 3983 514 4033 seqq.
549 3964 586 4015 Ut
604 3963 675 4016 enim
697 3969 798 4015 taceam
820 3980 918 4015 avere
933 3963 1039 4016 minime
1055 3963 1218 4029 abhorrere,
1246 3962 1400 4024 Phoenices,

280 4065 350 4117 quos
365 4047 447 4116 longe
465 4047 574 4118 lateque
595 4048 712 4101 navibus
735 4047 826 4100 orbem
847 4055 981 4101 terrarum
1006 4047 1191 4117 perlustrasse
1210 4055 1238 4101 et
1261 4048 1295 4101 ed
1310 4042 1399 4099 Baltici

280 4148 368 4202 usque
389 4132 470 4185 meris
491 4131 571 4185 litora
591 4133 754 4202 pervenisse
771 4131 941 4200 accepimus,
963 4133 1080 4185 Africam
1098 4150 1210 4203 quoque
1229 4127 1398 4185 circumnavi-

279 4231 376 4282 gasse,
395 4215 475 4267 cuius
493 4222 595 4284 partem
610 4223 684 4269 certe
698 4218 749 4269 iam
764 4222 845 4268 antee
858 4215 1014 4268 accuratius
1029 4223 1197 4285 cognorant,
1217 4216 1331 4286 eiusque
1342 4230 1398 4265 nar·

278 4298 395 4351 rationis
417 4304 514 4349 testem
535 4317 597 4351 esse
620 4301 781 4370 scriptorem
803 4299 857 4352 fide
882 4300 1086 4367 dignissimum,
1112 4299 1157 4352 cui
1178 4318 1234 4370 quo
1255 4300 1340 4354 minus
1359 4296 1398 4348 hic

279 4400 389 4454 qnoque
405 4382 535 4434 faciamus
558 4382 651 4449 fidem,
669 4382 743 4435 nulla
761 4385 886 4455 profecto
902 4384 992 4436 obstat
1010 4401 1093 4438 causa
1107 4384 1220 4453 idonea3
1242 4384 1289 4437 sed
1304 4384 1351 4434 hoc
1371 4383 1397 4431 ut

279 4467 413 4535 omittam,
434 4466 461 4519 in
483 4466 543 4536 ipsa
560 4465 693 4519 Herodoti
716 4468 874 4521 narratione
895 4468 962 4521 nihil
984 4475 1041 4536 est,
1067 4470 1142 4539 quod
1166 4469 1245 4524 ullam
1265 4461 1396 4521 commenti
