3042 5125
479 347 801 411 MELPOMENE.
825 350 880 411 IV.
901 360 945 414 45.
1215 352 1273 415 391

137 535 308 626 οόνόμοτοι
322 539 514 625 πυθέσθαι,
528 539 584 608 καὶ
594 534 678 608 ὅθεν
693 547 813 610 ἔθεντο
827 539 885 621 τὰς
899 544 1100 630 ἐπωνυμίας.
1122 539 1143 632 ἡ
1157 542 1199 633 δὴ
1212 544 1276 635 γὰρ

140 639 252 730 Λιβύη
265 640 328 728 μὲν
341 642 395 709 ἐπὶ
409 639 538 730 Λιβύης
552 645 683 730 λέγεται
697 640 763 714 ὑπὸ
777 649 846 715 τοῖν
858 649 993 715 πολλῶν
1007 640 1175 734 Ἑλλήνων
1189 655 1277 736 ἔχειν

138 743 174 814 τό
193 741 343 831 οὕνομα,
364 741 523 831 γυναικός
540 741 766 835 αὐτόχθονος,
787 744 808 837 ἡ
827 748 864 817 di
882 744 972 836 Ἀσίη
995 751 1049 817 ἐπὶ
1069 754 1125 838 τῆς
1138 759 1274 841 Προμη-

137 851 219 928 θέος
232 844 393 935 γυναικός
406 845 467 937 τὴν
480 851 683 939 ἐπωνυμίην.
720 854 777 921 καὶ
792 850 912 921 τούτου
928 851 991 939 μὲν
1004 854 1274 942 μεταλαμβάνω-

137 980 191 1020 eor
213 956 276 1020 τοῦ
302 945 485 1041 οὐνόματος
504 955 630 1039 Λυδοὶ,
660 953 805 1044 φάμενοι
825 957 880 1024 ἐπὶ
903 950 1034 1041 Ἀσίεω,
1056 960 1117 1025 τοῦ
1135 957 1275 1046 Κότυος,

91 1071 135 1123 611
143 1060 205 1125 τοῦ
219 1052 367 1136 Μάνεω,
389 1059 572 1142 κεκλῆσθαι
587 1054 649 1147 τὴν
667 1054 797 1148 Ἀσίην,
820 1054 896 1127 ἀλλ’
910 1055 972 1127 οὐκ
994 1061 1049 1128 ἐπὶ
1068 1064 1125 1147 τῆς
1139 1069 1275 1151 Προμη·

137 1258 202 1324 pido
215 1257 252 1309 ed
264 1257 364 1308 fretum
375 1256 428 1306 sito
439 1255 548 1319 dieitur,
560 1272 620 1307 cum
630 1255 682 1307 hoc
733 1258 787 1308 Sed
799 1258 901 1309 Dubois
918 1258 952 1308 de
962 1259 1143 1324 Montpdreur
1156 1258 1275 1326 (Voysg.

137 1329 199 1378 loeo
212 1327 305 1392 potius
317 1326 349 1376 de
366 1325 427 1390 ipso
442 1324 513 1378 freto
531 1326 683 1391 intelligeu·
733 1332 833 1378 autour
849 1328 874 1377 d.
891 1327 1013 1379 Csucaee
1029 1329 1078 1380 IV.
1098 1327 1124 1394 μ’.
1141 1327 1194 1380 380
1205 1329 1275 1395 seq.)

138 1398 203 1448 dum
225 1396 360 1446 videatur.
380 1421 413 1431 -
439 1395 482 1445 Ad
499 1395 611 1446 verbnm
629 1411 682 1444 πυ·
733 1412 767 1447 ex
787 1396 839 1449 hoc
856 1397 989 1447 Herodoti
1008 1397 1068 1449 loco
1091 1398 1185 1464 colligi
1205 1399 1275 1461 vuit,

138 1460 250 1516 θέσθαι
271 1480 305 1515 ex
326 1463 550 1515 antecedentibus
573 1469 683 1531 repetes
733 1468 822 1518 Acium
838 1467 1005 1532 primitivam
1025 1483 1080 1518 non
1101 1469 1130 1517 in
1150 1483 1184 1519 ea
1199 1470 1278 1532 Asia,

138 1529 202 1599 ἔχω.
236 1533 300 1584 Mox
314 1547 375 1583 cum
386 1533 473 1588 Gaist.
489 1535 592 1599 recepi,
611 1535 683 1601 qnod
733 1553 813 1603 quam
826 1539 944 1588 minorem
955 1536 1036 1601 vulgo
1046 1553 1277 1603 vocamusquem-

138 1602 473 1681 Schweighursposuerat,
487 1594 504 1667 ἡ
518 1599 554 1669 δὴ
568 1595 621 1670 γὰρ
634 1605 681 1653 Αι·
733 1622 785 1673 que
804 1607 831 1656 in
853 1610 942 1655 mente
960 1605 1104 1658 habuerint
1121 1606 1206 1672 Lydi,
1229 1609 1276 1659 aed

140 1664 194 1740 βόη
212 1688 263 1738 pro
285 1669 342 1737 ηδη
366 1663 419 1735 γὰρ
438 1669 528 1738 Λιβύη
547 1668 580 1752 μέ
600 1710 605 1722 .
650 1675 683 1724 In
734 1678 808 1726 circa
821 1675 937 1725 Caucasi
949 1675 1055 1727 radices
1073 1691 1133 1728 esse
1145 1691 1277 1740 quaereu-

138 1743 274 1794 Matthiae
293 1741 414 1792 editione
434 1745 526 1793 exstat
547 1740 603 1808 ηὸη
619 1734 683 1807 γὰρ,
734 1747 807 1798 dam.
837 1745 880 1794 De
895 1744 976 1794 Asiae
987 1760 1055 1796 voce
1070 1761 1087 1795 a
1103 1746 1212 1808 regione
1223 1747 1277 1810 Ly·

138 1812 338 1879 quodrecentt.
351 1809 411 1860 edd.
427 1812 606 1862 retinuerunt.
641 1812 684 1862 nd
734 1816 797 1865 diae
815 1828 899 1879 prope
910 1813 1054 1878 Caystrum
1072 1814 1108 1865 ad
1122 1815 1277 1865 universam

138 1881 215 1933 verbi
239 1872 287 1931 tut
311 1880 372 1944 (ubi
392 1879 503 1945 quidam
523 1882 602 1932 codd.
625 1870 683 1930 ότιό
734 1885 808 1935 orbis
818 1888 950 1933 terrarum
962 1888 1067 1948 partem
1080 1883 1208 1934 traducta
1219 1884 1276 1936 vid.

140 1954 231 2004 minus
248 1949 333 2015 recte)
350 1943 456 2017 Λιβίης
473 1950 547 2002 coni.
560 1954 629 2001 nott.
648 1950 684 2000 ad
733 1955 832 2019 Heyne
849 1952 980 2003 Observr.
1009 1952 1044 2002 ad
1062 1952 1174 2003 Homer.
1192 1952 1275 2005 Iliad.

137 2023 165 2084 I,
181 2022 223 2073 14.
243 2021 293 2084 94,
314 2020 412 2071 Struve
431 2019 546 2085 Specim.
570 2021 684 2082 Quaest.
734 2025 782 2075 Ν.
792 2038 854 2088 pag.
867 2021 926 2072 278.
951 2020 1014 2071 Alia
1029 2020 1062 2072 de
1072 2023 1155 2073 Asine
1169 2023 1278 2072 nomine

139 2095 192 2143 etc.
206 2091 231 2142 1.
244 2105 308 2157 pag.
318 2090 335 2140 5
346 2088 475 2154 (Opnscc.
487 2090 524 2142 ΙΙ.
536 2104 599 2155 pag.
611 2088 684 2154 262).
735 2092 771 2144 ed
780 2091 886 2156 Lydiae
898 2095 1000 2141 certam
1011 2091 1146 2156 quandum
1159 2092 1278 2157 particu-

137 2160 180 2213 ad
194 2161 294 2227 Lr'dyoe
312 2173 410 2209 nomen
423 2159 498 2210 conf.
515 2160 598 2210 etiam
613 2173 683 2224 quae
733 2164 789 2213 lam
806 2161 914 2226 proprie
932 2160 1087 2225 pertinente
1102 2165 1130 2212 et
1144 2161 1276 2227 paulatim

138 2231 252 2282 Servius
262 2229 366 2294 profert
376 2227 410 2279 nd
421 2227 628 2295 Virgil.Aen.I,
639 2227 682 2279 21.
733 2232 832 2284 deinde
855 2230 890 2281 ad
912 2234 1029 2281 tractum
1053 2230 1126 2283 orbis
1142 2236 1277 2283 terrarum

137 2299 223 2352 Plura
232 2298 290 2351 rid.
300 2297 373 2363 apud
382 2298 524 2364 Porhiger.
534 2298 646 2349 Handh.
656 2297 682 2348 d.
732 2303 889 2352 universum
911 2300 1039 2350 traducto
1065 2300 1170 2351 dabunt
1193 2302 1277 2352 Beru-

138 2370 186 2423 ait.
201 2368 357 2435 Geogruph.
372 2367 410 2418 11.
425 2384 488 2434 pag.
502 2367 562 2419 764.
733 2370 820 2436 hardy
832 2370 866 2422 ad
879 2371 994 2434 Dionys.
1005 2370 1110 2437 Perieg.
1119 2370 1178 2424 836.
1190 2386 1217 2435 p·
1225 2371 1276 2422 754

171 2462 190 2537 ἡ
204 2463 237 2520 δὲ
248 2461 321 2536 Ἀσίη
335 2461 381 2520 ἐπὶ
394 2467 445 2535 τῆς
454 2462 625 2536 Προμηθέος
637 2484 684 2533 γυ,
735 2456 773 2524 ac
780 2439 941 2491 Tnschucke
953 2440 987 2490 ad
1002 2440 1133 2504 Pompon.
1144 2439 1208 2491 Mel.
1218 2442 1247 2502 1,
1260 2443 1276 2489 2

138 2532 256 2607 κακός]
279 2541 411 2607 ΜΝ.
432 2542 499 2607 Byz·
521 2556 543 2592 ⁸·
563 2557 589 2592 v·
612 2530 685 2589 Ἀσία
734 2514 797 2561 ruit.
808 2513 877 2560 nott.
891 2524 986 2575 eregg.
998 2509 1060 2561 Vol.
1072 2510 1125 2564 ΙΙΙ,
1137 2511 1168 2560 P.
1179 2510 1201 2560 1.
1214 2525 1275 2575 pag.

136 2614 211 2663 inter
232 2611 289 2663 alia
305 2612 388 2663 etiam
404 2611 432 2662 id
452 2611 569 2675 profert,
591 2610 683 2661 Asiam
734 2580 816 2662 ΜΘ
828 2579 879 2661 ¹¹9⁰
892 2580 1001 2662 mmm?
1014 2581 1127 2662 ffiuffquss
1144 2582 1224 2661 yffi&
1241 2580 1277 2628 δῖ·

134 2685 267 2735 voemm
289 2697 348 2732 em
371 2681 406 2732 ,b
424 2681 506 2744 Μὴ,
531 2680 685 2732 Promethei
734 2649 910 2716 gmfleatrone
926 2663 1114 2714 copiosissime
1125 2647 1277 2714 disputans.

136 2767 240 2811 uxore;
252 2750 304 2801 alii
311 2751 404 2802 Asiam
415 2750 571 2803 Promethei
582 2762 684 2803 matrem
734 2718 805 2770 Add‘
822 2717 964 2783 F⁰¹big⁰¹²
975 2717 1090 2770 Hffldb‘
1107 2717 1133 2767 ἃ·
1146 2717 1195 2766 ‘lt'
1208 2718 1276 2768 (³⁸⁰⁸

136 2820 297 2904 νννν
317 2827 349 2871 ν
365 2821 493 2871 ναν·
515 2821 551 2871 ν
567 2821 683 2904 νῦν
734 2786 1277 2921 1111121111111

136 2888 611 3024 1112ἓῖ111111.ῗῖ1111
624 2890 685 3025 (11
735 2894 890 3010 siurone
905 2924 1159 3008 νανναααα

138 3021 301 3096 νααααα.
493 3030 523 3092 1,
540 3030 566 3079 α·
586 3029 602 3081 ³
623 3028 684 3093 να
735 2998 872 3118 teror
892 3010 1027 3116 νον
1046 2994 1277 3128 eruente

137 3100 212 3152 cont.
225 3101 317 3165 Heyn.
335 3099 468 3150 Observe.
486 3115 514 3164 p.
530 3099 562 3149 19
578 3103 606 3149 et
620 3097 683 3149 add.
733 3085 749 3120 v
766 3138 787 3187 t.
846 3101 883 3184 .,’
936 3081 953 3130 Ρ

138 3167 445 3234 Voelcker.h1ytholog.
459 3169 484 3219 d.
494 3168 584 3233 Iapet.
594 3184 620 3233 p.
631 3168 683 3220 375
733 3152 765 3187 ⁸⁸
779 3153 802 3186 ¹⁸
815 3151 855 3186 ⁰¹⁸¹
869 3169 877 3185 ‘

138 3237 241 3304 seqq),
257 3237 430 3304 Lycophron.
449 3237 525 3301 1283,
543 3237 632 3288 Schol.
647 3233 683 3287 ad
768 3228 888 3302 φάμενοι
902 3226 949 3285 ἐπὶ
966 3225 1073 3299 Ἀσίεω,
1091 3234 1141 3286 τοῦ
1158 3229 1275 3303 Κότυος,

138 3307 266 3373 ΔμοΙΙοο.
283 3307 370 3359 Rhod.
383 3307 406 3367 1,
418 3310 483 3370 444,
502 3323 520 3358 a
538 3307 637 3372 quihus
655 3310 683 3356 et
733 3305 784 3358 τοῦ
793 3297 911 3372 Μάνεω]
925 3304 967 3355 Cf.
979 3306 1106 3358 Eustath.
1116 3307 1151 3359 ad
1161 3309 1275 3373 Dionys.

138 3378 278 3430 Hesiodus
297 3377 439 3439 dissentit,
465 3378 511 3443 qui
529 3376 683 3441 Clymenen
733 3378 794 3430 620.
828 3378 967 3441 desupra
984 3376 1014 3437 1,
1033 3377 1048 3424 7
1065 3376 1136 3440 Lydi
1156 3393 1173 3428 s
1191 3381 1274 3443 Lydo,

138 3447 297 3499 Promethei
317 3451 431 3498 matrem
452 3447 521 3498 iecit
543 3446 682 3511 Theogon.
734 3449 809 3511 Arpis
826 3445 896 3506 filio,
915 3445 969 3495 orti
983 3444 1125 3508 dicuntur,
1144 3446 1190 3512 qni
1205 3449 1276 3498 idern

138 3517 191 3569 598
214 3534 288 3582 νειμ,
308 3521 337 3568 et
356 3515 483 3582 Aeschyl.
504 3516 531 3565 in
547 3514 683 3567 Prometh.
733 3518 803 3581 Atys
818 3516 847 3577 1,
862 3515 896 3566 94
912 3515 999 3566 hiante
1018 3516 1175 3579 perhibetur
1193 3516 1276 3579 filins,

139 3588 200 3638 217.
208 3587 271 3649 899,
281 3586 327 3637 uhi
335 3587 491 3640 Promethei
501 3590 614 3637 matrem
623 3583 682 3634 red·
733 3587 781 3652 qui
793 3585 819 3634 h.
831 3585 849 3635 1.
858 3587 974 3635 vocatur
986 3583 1079 3651 Cotys.
1102 3586 1145 3636 De
1155 3601 1208 3650 quo
1224 3586 1276 3636 dis-

139 3656 180 3706 dit
197 3658 316 3717 Theraim
334 3656 368 3706 de
380 3673 434 3723 qua
446 3653 557 3706 fabulae
570 3653 683 3705 diversi·
733 3670 816 3707 sensu
831 3656 886 3704 iam
899 3654 935 3704 ad
950 3654 979 3714 1,
990 3655 1034 3707 94.
1048 3671 1111 3719 pag.
1124 3654 1176 3705 210
1195 3659 1223 3704 et
1241 3656 1277 3705 ud

137 3730 196 3778 tate
213 3729 277 3776 utut
289 3725 410 3787 iudicas,
430 3727 458 3776 id
471 3739 575 3787 semper
590 3728 683 3774 tenen·
732 3727 755 3787 1,
767 3728 793 3775 7.
801 3738 827 3787 p.
841 3724 872 3775 18
886 3725 1039 3775 monuimus
1048 3725 1183 3775 Herodoti
1191 3723 1277 3774 verba

139 3796 218 3858 dum,
233 3810 295 3846 cnm
306 3795 482 3856 Prometheo,
500 3793 546 3859 qui
563 3793 683 3843 omnium

137 3865 279 3917 hominnm
291 3879 389 3929 perans
399 3863 514 3915 habetur
526 3865 553 3913 et
562 3861 683 3913 declara·

139 3940 198 3999 tur,
223 3934 266 3985 ita
283 3935 411 4001 coniungi
426 3933 534 3995 Asiam,
558 3937 591 3983 ut
612 3932 683 3982 hanc

139 4009 241 4056 terram
258 4004 427 4069 primitivam
447 4002 560 4053 humani
576 4002 683 4068 generis

139 4073 232 4127 sedem
251 4073 316 4125 inde
333 4073 483 4139 significari
502 4071 575 4123 hand
592 4073 684 4122 imme-

139 4146 190 4195 rito
216 4143 333 4208 colligat
350 4142 483 4195 Lesaulx:
508 4143 561 4193 Die
578 4142 684 4193 Prome·

140 4214 291 4277 theussege
313 4228 339 4277 p.
359 4214 377 4265 8
400 4211 610 4278 (diademische
631 4211 684 4260 Ab·

138 4282 242 4334 hendll.
252 4297 316 4347 pag.
323 4282 395 4349 321).
413 4284 502 4334 Asiam
511 4281 619 4332 heroim
630 4280 685 4329 He·

139 4368 230 4403 ruerus
239 4366 390 4414 agnoscere
399 4353 509 4403 videtur
518 4350 561 4402 lii.
574 4351 613 4412 ΙΙ,
622 4348 684 4411 461,

139 4422 188 4473 uhi
199 4420 277 4473 coni.
286 4421 375 4475 allata
385 4423 538 4488 aFreytag.
550 4435 614 4486 pag.
622 4418 685 4472 358.

733 3793 865 3844 mutanda
893 3807 953 3843 esse
974 3798 1115 3859 negantes.
1153 3795 1276 3857 Namque

734 3869 765 3915 ut
777 3861 885 3913 codices
897 3865 1005 3911 taceam
1022 3862 1207 3926 refragantes,
1228 3862 1277 3912 aiii

733 3946 840 3999 qnoque
855 3935 965 3982 exstant
976 3936 1075 3993 testes,
1092 3931 1205 3999 Cotyem
1216 3932 1276 3983 Me-

733 4004 777 4054 nis
803 4000 886 4052 filium
908 4001 955 4066 qui
976 4001 1132 4067 perhibent,
1156 4008 1187 4053 ut
1209 4017 1276 4054 sane

734 4070 854 4139 pioclive
866 4070 904 4121 sit
917 4071 1064 4138 quidquam
1077 4077 1191 4124 mutare.
1212 4073 1276 4124 Alie

734 4158 807 4192 nnnc
836 4141 993 4204 mittamns;
1021 4157 1103 4192 unum
1133 4141 1276 4195 audiamus

733 4213 830 4262 Ritter.
842 4210 970 4263 Vorhnlle
988 4228 1015 4278 p.
1025 4212 1077 4264 365
1093 4213 1204 4264 nomina
1216 4214 1276 4264 Μα-

734 4299 793 4340 nes,
808 4283 897 4347 Colpe,
913 4282 994 4347 Botye
1007 4280 1042 4333 nd
1056 4282 1189 4334 Graecam
1202 4283 1277 4333 indo·

735 4351 788 4401 lem
807 4351 900 4403 eificta
921 4355 1103 4414 statuentem,
1129 4367 1189 4402 cum
1211 4366 1276 4401 vere

736 4421 793 4471 sint
804 4421 927 4472 Asiatica
938 4436 953 4473 e
963 4422 1053 4486 prisco
1065 4420 1197 4472 Buddhae
1210 4425 1277 4470 tem·
