3042 5125
257 411 320 473 566
689 402 956 466 HERODOTI

259 605 406 690 φημίδης
426 602 494 666 τῶν
510 598 683 665 Μινυέων.
726 597 915 684 Χρεωμένῳ
938 593 975 662 dl
998 596 1046 684 τῷ
1065 598 1177 682 Γριῖνςο
1197 591 1418 682 τῷιβαοιλέῐεεῖ

260 708 328 773 ταῖν
342 709 499 790 Θηραίων
521 700 598 786 περὶ
614 695 726 767 ἄλλων
746 702 810 788 χρᾷ
832 694 851 786 ἡ
865 703 1000 783 Πυθίη,
1022 703 1144 778 κτίζειν
1158 696 1196 761 ἐν
1211 690 1319 779 Λιβύῃ
1332 690 1382 759 αό-

261 815 326 875 λιν.
362 801 432 873 ὁδὶ
452 800 607 890 ἀμείβετο
627 804 750 888 λέγων·
785 797 867 888 ’Qui
889 799 967 887 plo,
991 788 1096 884 ὦναξ,
1119 793 1337 884 πρεσβύτερός
1355 820 1383 862 τε

261 1003 313 1070 ων]
326 1005 376 1056 i.a.
389 1007 433 1070 qui
441 1019 534 1068 penere
546 999 768 1066 Euphenridosuit,
782 1013 805 1050 s.
857 1002 979 1049 veterum
993 997 1157 1062 scriptorum
1172 994 1328 1047 testimonia
1339 993 1386 1045 lan·

263 1094 277 1128 e
291 1076 403 1140 posteris
420 1073 554 1136 Euphemi,
576 1072 649 1121 ααίιιι
666 1087 680 1121 e
699 1068 804 1133 Minyis.
857 1068 957 1133 desque
967 1068 1001 1118 de
1011 1068 1062 1118 hae
1072 1067 1184 1132 regione
1192 1064 1311 1129 collegit,
1318 1061 1386 1129 q'nan

261 1143 388 1208 Plerique
416 1141 495 1218 codd.
524 1132 710 1216 Epidvpt‘dqc,
736 1149 806 1186 unns
856 1138 1077 1189 amoenissimam
1097 1142 1181 1201 atque
1202 1135 1232 1185 in
1246 1133 1387 1199 regionibus

263 1212 417 1265 Vindobon.
432 1207 618 1274 Eodqudqc.
644 1207 722 1270 Quod
735 1221 808 1256 nunc
857 1208 1012 1272 caeteroqui
1027 1207 1143 1257 desertis
1155 1211 1238 1269 atque
1251 1203 1332 1254 aridis
1345 1202 1387 1253 ier·

263 1281 345 1346 vulgo
368 1277 469 1344 legitur
492 1269 679 1342 Εὐφημίδης,
704 1292 718 1326 e
750 1275 808 1340 pal·
856 1276 1012 1326 tilissimam
1031 1275 1065 1325 ob
1082 1287 1216 1341 aquarum
1238 1273 1338 1338 copiam
1351 1274 1387 1321 ab

264 1351 353 1402 maria
371 1349 450 1398 duxit
471 1346 659 1397 emendatione
680 1344 809 1395 Palmarii
858 1347 949 1411 risque
972 1345 1163 1395 salubritatem
1182 1348 1290 1393 veteres
1309 1340 1388 1391 landa·

264 1419 409 1485 (Exercitt.
423 1417 547 1482 pag.23),
561 1415 685 1465 Simsono
695 1413 809 1479 (chron.
858 1421 934 1474 runt,
954 1416 1036 1480 inque
1053 1414 1095 1465 his
1113 1414 1261 1479 praecipue
1271 1411 1388 1461 Pindarus

265 1488 300 1539 ad
313 1503 376 1537 ann.
387 1485 484 1546 3389),
506 1484 641 1535 Bonherio
653 1483 738 1546 (Dias.
752 1484 809 1533 He·
857 1499 891 1534 ao
902 1484 1122 1549 Theophrastus,
1140 1488 1171 1533 ut
1187 1498 1256 1532 sana
1272 1480 1388 1543 intelliga-

265 1557 322 1608 rod.
345 1557 405 1617 12),
427 1553 581 1615 Larehero,
599 1553 729 1603 diuellere
747 1552 809 1616 (01·
859 1569 932 1617 mus,
951 1569 1000 1603 cur
1016 1568 1049 1604 eo
1061 1553 1235 1618 potissimum
1246 1550 1389 1600 deduxerint

266 1627 387 1678 ehomen.
401 1639 429 1688 p.
439 1622 518 1686 341),
532 1622 647 1686 Thrigio
660 1623 744 1686 (Hist.
759 1620 812 1685 Cy·

264 1711 322 1747 ran.
343 1710 369 1759 p.
391 1693 451 1756 38),
474 1691 537 1741 aliis
556 1691 680 1757 probata.
710 1692 811 1741 Fertur

265 1765 336 1815 enim
361 1763 433 1813 intas
455 1762 563 1811 Iasonis
589 1760 677 1810 socios
700 1761 809 1824 Minyas

266 1833 421 1898 Euphemes,
438 1835 508 1881 teste
523 1828 643 1880 Pindaro
662 1828 743 1893 Pyth.
760 1829 810 1890 lv,

265 1903 331 1963 455,
347 1901 394 1950 uhi
406 1900 459 1949 vid.
477 1898 567 1949 fichol.
586 1896 648 1949 coll.
663 1897 808 1961 spanhem.

266 1972 302 2022 ad
309 1968 467 2021 Callimach.
478 1969 515 2018 H.
523 1966 647 2032 inhpoll.
660 1967 692 2016 75
706 1973 733 2017 et
744 1968 812 2015 Bur·

266 2055 359 2091 mann.
378 2042 406 2087 in
420 2036 546 2101 catalog.
566 2037 717 2101 Argonaut.
739 2051 759 2084 s.
782 2051 810 2084 v.

266 2109 336 2160 edd.
356 2106 477 2158 Boeolsh.
501 2106 537 2156 ad
562 2105 640 2155 Pind.
661 2103 742 2169 Pyth.
760 2105 810 2154 lv.

267 2193 329 2244 pag.
344 2177 395 2228 255
404 2180 432 2226 et
445 2177 474 2225 in
487 2175 646 2225 Commeutt.
659 2174 745 2224 Acad.
759 2174 811 2222 Be-

267 2247 398 2298 rolineus.
412 2260 475 2296 ann.
492 2244 564 2294 18511.
579 2258 643 2308 pag.
655 2243 697 2292 48.
725 2242 811 2293 Cuius

267 2314 400 2380 Euphemi
418 2327 574 2377 compressu
597 2311 714 2376 gravida
734 2312 812 2361 iacta

266 2384 380 2435 Lemnia
392 2382 552 2448 puellacum
567 2381 643 2430 Batti
656 2381 812 2445 progenito·

267 2469 323 2504 rem
336 2458 416 2518 partu
426 2450 573 2512 edidisset,
588 2451 645 2499 iura
655 2449 699 2499 hic
713 2451 812 2499 Battns

269 2524 369 2575 dicitnr
390 2521 556 2588 Euphmnidn.
582 2520 621 2569 Ae
636 2518 812 2583 harcherum,

268 2592 340 2660 quod
354 2607 446 2642 omnes
460 2591 631 2655 Argonautas
644 2596 757 2640 vocatos
772 2589 814 2638 in-

267 2665 324 2714 isse
335 2663 446 2727 Minyas
460 2660 542 2725 [noni.
553 2661 629 2710 citat.
643 2659 677 2709 sd
691 2660 739 2722 lv,
751 2656 811 2724 150]

267 2731 423 2793 contendit,
452 2732 493 2781 ita
520 2736 550 2780 ut
569 2729 724 2781 Herodotus
745 2744 814 2778 voce

860 1622 994 1673 coloniam
1020 1623 1063 1672 vel
1090 1622 1182 1686 potius
1213 1622 1309 1671 dueere
1333 1618 1388 1668 inssi

860 1692 917 1742 siut
929 1692 963 1741 ab
977 1690 1111 1757 Apolline.
1137 1692 1197 1741 Nec
1215 1690 1304 1753 magis
1320 1690 1389 1738 nira-

859 1761 947 1810 bimur
955 1761 1071 1824 Libyam
1083 1761 1118 1810 ub
1130 1759 1245 1811 oraculo
1256 1756 1390 1824 praedicari
1436 1818 1441 1826 ο

860 1823 1038 1895 πολυήρατον
1050 1831 1099 1893 IV,
1116 1830 1174 1880 159.
1210 1829 1272 1878 Ηοο
1283 1843 1342 1878 vero
1352 1827 1389 1875 mi·

860 1914 959 1961 ramur,
972 1900 1130 1964 quaeregio
1142 1903 1187 1948 tot
1199 1898 1335 1962 tantisque
1343 1895 1388 1945 ian·

860 1967 939 2017 dibus
957 1969 1118 2033 scriptorum
1139 1973 1265 2038 potorum
1286 1964 1389 2017 unanimi

860 2038 918 2089 iere
933 2037 1086 2088 celebratur
1097 2052 1245 2100 consensu,
1258 2052 1315 2087 eam
1326 2050 1389 2099 qnar-

861 2112 890 2157 to
909 2110 973 2171 post
989 2107 1051 2157 Chr.
1065 2124 1091 2159 n.
1108 2108 1220 2158 saeculo
1234 2110 1263 2155 in
1280 2106 1389 2155 miseran·

861 2176 924 2226 dam
944 2176 1030 2226 inisse
1052 2176 1192 2227 redactam
1216 2175 1389 2231 conditionem,

861 2250 932 2294 teste
948 2244 1062 2309 synesio
1081 2245 1202 2311 itemque
1220 2247 1292 2295 sexti
1304 2241 1389 2294 saeculi

862 2313 995 2379 scriptore
1013 2315 1155 2380 Procopio.
1188 2317 1225 2365 ht
1246 2316 1291 2379 qui
1312 2319 1390 2361 nostra

862 2389 954 2453 aetate
968 2398 1033 2448 praa
1043 2383 1155 2449 reliquis
1168 2385 1324 2435 accuratius
1334 2382 1389 2430 haue

862 2453 1001 2516 regionem
1023 2452 1220 2517 perlustravit,
1249 2454 1271 2503 is
1296 2459 1321 2501 at
1343 2452 1390 2514 ipss

862 2521 1071 2586 pulcherrimam
1101 2528 1224 2575 testatur
1251 2537 1280 2574 se
1303 2519 1388 2573 vidism

862 2591 1009 2656 regionem,
1025 2592 1177 2655 montibus,
1192 2593 1317 2651 vallibus,
1330 2588 1389 2638 salti-

862 2661 913 2711 bus
932 2660 1107 2723 distinctam,
1132 2662 1278 2713 arboribus
1293 2658 1404 2724 plantis·'

864 2745 916 2795 qua
929 2731 1112 2781 abundantem
1123 2736 1152 2782 et
1162 2732 1286 2782 tontibus
1296 2732 1355 2780 bens
1364 2728 1390 2775 ir·
1455 2784 1456 2787 Ἴ

168 2850 172 2858 .
268 2800 325 2852 τῶν
338 2795 473 2851 Μινυέων
484 2799 593 2850 adiecta
606 2814 667 2848 enm
685 2798 815 2862 simplici·

863 2799 982 2864 rignam3
1005 2803 1051 2861 nt,
1070 2800 1095 2849 si
1112 2801 1163 2851 soii
1174 2802 1273 2864 optimi
1284 2802 1334 2849 iam
1347 2796 1389 2845 ulia
1455 2802 1456 2835 i

269 2878 311 2923 ter
330 2873 517 2936 Argonautam
539 2869 662 2919 indicare
687 2866 814 2928 voluerit,
864 2869 1007 2921 accederat
1019 2868 1139 2934 cultura,
1158 2871 1265 2921 coloni,
1280 2885 1310 2920 ιι
1322 2869 1390 2917 Euro·
1455 2912 1456 2925 2

270 2941 382 2992 missum
400 2940 548 2999 iaciamns3
569 2937 621 2988 hoc
638 2953 702 2990 vero
721 2944 814 2988 tenea·
864 2953 900 3003 pa
924 2937 988 2988 illuc
1013 2937 1137 2990 deductis
1165 2939 1239 2990 haud
1265 2939 1389 3002 dapum
1455 2930 1456 2987 i

269 3025 341 3072 mus,
360 3008 476 3074 posthac
488 3022 594 3073 quoqne
606 3008 633 3055 in
649 3007 752 3071 Cyrene
768 3008 815 3056 flo·
865 3008 945 3067 dum,
965 3008 1025 3057 iore
1047 3014 1077 3058 ut
1097 3008 1242 3072 pristinam
1257 3008 1389 3058 ubertatem
1455 3012 1456 3051 i

268 3079 356 3130 ruisse
366 3078 453 3128 videri
465 3077 536 3127 hano
545 3082 661 3141 gentem,
673 3078 696 3125 si
706 3077 813 3140 qnidam
864 3093 898 3127 ac
909 3077 1069 3128 felicitatem
1085 3083 1190 3129 tractus
1205 3078 1251 3128 ille
1266 3088 1390 3140 reeupera-

270 3147 360 3213 plnres
370 3145 504 3211 Enpbami
515 3145 622 3195 nomine
632 3146 751 3210 insignes
762 3146 815 3197 viri
865 3152 916 3197 rat.
932 3146 1012 3197 (loni.
1024 3147 1126 3211 'i'hriga
1135 3147 1153 3198 l.
1163 3146 1180 3197 l.
1192 3163 1219 3212 p.
1234 3149 1279 3198 112
1294 3151 1320 3196 et
1331 3155 1390 3209 qnae

270 3217 309 3267 ihi
325 3232 373 3281 per
395 3215 569 3280 insequentes
589 3219 696 3263 aetates
723 3230 817 3264 oecur-
866 3232 899 3268 ex
917 3216 998 3266 Delia
1016 3216 1108 3268 Cellae
1130 3216 1219 3266 diario
1240 3214 1389 3282 potissimum

270 3290 334 3337 saut
347 3291 418 3334 teste
431 3282 460 3333 C.
474 3284 506 3331 Ο.
524 3282 655 3333 Muellero
668 3282 686 3333 i.
699 3282 717 3334 i.
863 3285 977 3351 protulit
988 3287 1089 3336 Ritter:
1105 3286 1188 3337 Erdk.
1206 3287 1228 3336 Ι.
1244 3303 1269 3351 p.
1282 3284 1335 3336 tot.
1349 3279 1389 3331 ott

307 3346 462 3421 Χρεωμένῳ
480 3344 510 3401 dl
524 3350 561 3417 τῷ
576 3350 667 3414 Γοίνω
682 3379 718 3390 -
729 3349 784 3420 χρᾷ
793 3342 811 3417 ἡ
864 3370 940 3420 seqq.
955 3355 1006 3406 943
1019 3371 1076 3421 seq.
1090 3357 1162 3406 -ln
1173 3371 1251 3421 seqq.
1263 3347 1387 3415 verbodo·

270 3420 383 3487 Πυθίη]
399 3423 418 3473 i.
431 3438 455 3472 a.
470 3425 608 3473 sciscitanti
620 3423 699 3474 Griuo
711 3449 744 3459 —
753 3439 814 3473 ora·
865 3415 915 3486 ριἰς
924 3414 1208 3487 delpssdnthareher.
1221 3423 1318 3475 reddit:
1328 3433 1388 3471 cosr-

269 3498 349 3544 culum
368 3493 450 3543 edicit
465 3494 564 3558 Pythia.
595 3492 633 3541 Ut
651 3492 722 3541 enim
739 3490 815 3555 apud
864 3495 967 3545 besour
983 3495 1151 3557 Iepoidsdes
1165 3488 1387 3551 ana-Schweight

269 3566 398 3615 Nostrum
412 3563 523 3611 verbum
537 3558 608 3625 χρᾶν
623 3560 697 3611 valet
709 3578 815 3626 respon·
862 3565 950 3626 pravis
962 3566 997 3614 ad
1011 3566 1090 3613 moins
1107 3565 1235 3641 qraidpiam
1252 3560 1387 3614 metiendus.

269 3650 323 3684 ιιαιι
341 3634 406 3682 dore
421 3632 746 3683 oracutumecteeitantibus
763 3629 811 3691 (oi.
866 3632 918 3682 hoc
942 3632 1075 3682 adiiciens
1104 3630 1254 3695 αείρεσθαι
1277 3623 1387 3692 explicari

270 3702 333 3766 Vll,
345 3701 397 3751 220
408 3700 470 3752 coll.
481 3702 530 3764 IV,
546 3699 616 3763 155),
630 3703 670 3750 ita
687 3697 812 3763 χρᾶσθαι
864 3717 959 3766 posse:
979 3707 1033 3753 Ioco
1047 3717 1076 3751 ae
1089 3718 1188 3754 monere
1207 3700 1279 3767 (ooli.
1295 3698 1342 3759 lli,
1353 3696 1386 3749 5².

271 3778 314 3822 est
332 3774 471 3829 sciscitari,
490 3774 621 3823 consulere
631 3774 768 3825 oraculum,
782 3774 814 3819 ut
864 3771 913 3821 nbi
925 3761 1077 3836 ἀερθέντες
1091 3771 1161 3820 idem
1174 3771 1230 3822 iere
1244 3769 1311 3836 qnod
1322 3778 1385 3825 emt
1454 3782 1455 3785 ’

271 3843 299 3900 l,
318 3841 361 3891 45.
379 3840 422 3891 85.
444 3840 497 3902 IV,
523 3841 580 3891 151.
603 3840 660 3891 155.
683 3841 741 3890 157.
764 3837 813 3889 163
865 3837 991 3904 θέντες),
1004 3845 1033 3890 ut
1049 3856 1115 3890 sane
1130 3840 1173 3890 hie
1187 3839 1332 3891 ieretotins
1344 3829 1386 3883 ioci

271 3909 330 3974 (ubi
345 3909 401 3959 vid.
417 3908 508 3969 nott).
526 3910 559 3970 V,
569 3908 613 3959 82.
864 3910 901 3958 eit
927 3925 1036 3959 sensus:
1064 3911 1143 3973 „Ego
1175 3911 1280 3974 quidem
1309 3916 1384 3971 prors-
1454 3938 1455 3951 .

306 3976 408 4038 κτίζειν
426 3969 456 4026 ἐν
471 3969 560 4044 Λιβύῃ
578 3970 671 4043 πόλιν]
696 3977 813 4041 Libyam
864 3979 934 4029 otior
947 3980 1001 4028 iam
1014 3994 1073 4028 sum
1084 3984 1176 4029 aetate
1191 3980 1302 4044 indeque
1313 3975 1385 4024 minus
1454 3956 1455 3993 i

270 4046 305 4096 ab
317 4046 441 4110 Apolline
454 4053 631 4098 monstratam
645 4047 730 4097 fnisse
741 4046 814 4096 hand
865 4054 946 4112 aptus
960 4047 1087 4114 (gravis),
1101 4050 1146 4113 qni
1159 4050 1218 4100 loco
1231 4064 1271 4099 ma
1283 4055 1383 4095 moroan
1454 4064 1455 4101 i

271 4115 442 4175 mirabimur,
460 4118 499 4166 sit
516 4116 678 4181 Thrigel.l.
693 4132 755 4181 pag.
770 4118 815 4180 51,
865 4118 901 4168 ad
924 4118 977 4169 iter
1008 4118 1210 4183 suscipiendum
1238 4117 1384 4169 colonisnre
1454 4110 1455 4115 ’

271 4185 296 4234 si
308 4183 379 4235 hanc
392 4186 528 4249 regionam
547 4185 581 4234 ob
597 4187 721 4235 eximiam
737 4186 815 4236 uber·
865 4188 1062 4239 condendam.“
1090 4189 1129 4239 Ao
1148 4188 1247 4240 dandum
1266 4184 1385 4236 monuerat

270 4260 356 4304 tatem
369 4255 423 4303 iam
434 4254 551 4304 Homero
564 4254 625 4317 (Od.
639 4255 687 4315 lv,
698 4254 815 4318 85-85)
866 4257 1043 4322 wesseling,
1058 4257 1126 4308 haec
1140 4258 1223 4310 verba
1235 4257 1268 4309 sd
1282 4253 1341 4304 senii
1352 4251 1383 4298 in·

270 4323 411 4373 laudatam
424 4338 474 4373 nec
488 4323 600 4374 Graecis
612 4323 724 4388 reliquie
738 4324 815 4374 Batti
865 4327 1006 4376 commoda
1015 4333 1150 4392 spectare,
1162 4330 1259 4393 quibus
1270 4323 1383 4388 di'sflcalter

271 4398 393 4458 tempore
405 4393 485 4458 plane
497 4392 664 4458 incognitam
676 4393 760 4443 inisse
774 4410 815 4443 ra·
865 4396 910 4446 ilia
927 4398 1080 4461 erigebatur.
1110 4397 1186 4448 Idem
1199 4394 1309 4461 Hesyoh.
1326 4386 1381 4440 exci-

270 4468 406 4531 putemus.
430 4463 484 4527 Qui
499 4460 570 4513 idam
588 4477 652 4529 pag.
671 4462 720 4514 104
737 4477 814 4529 seqq.
865 4469 906 4515 tat
921 4450 1380 4532 [1.p.108,ubidetqopet·irosi·
