3042 5125
219 377 279 440 184
655 373 920 436 HERODOTI

217 565 397 638 οἰκεόντων
409 571 478 636 τόν
491 569 529 636 ἐν
541 571 583 656 τῇ
601 562 750 655 Ἐρυθρῇ
769 563 943 653 θαλάσσῃ,
961 567 999 634 ἐν
1018 569 1092 654 τῇσι
1114 561 1191 643 τούς
1204 560 1363 635 άνασιτά-

218 692 316 751 στους
336 673 557 759 καλεομένους
582 677 758 754 κατοικίζει
778 665 954 758 βασιλεὺς,
983 664 1049 736 άπὸ
1069 667 1199 738 τούτων
1220 667 1366 737 πάντων

219 773 370 858 ἑξακόσια
391 773 535 844 τάλαντα
554 776 681 862 ἐγίνετο
699 771 818 862 φόρος·
852 769 952 860 νομὸς
973 775 1126 862 τέταρτος
1147 775 1204 841 καὶ
1219 776 1364 851 δέκατος

218 869 323 958 οὗτος.
357 877 467 947 Σάκαι
484 878 520 947 δὲ
534 879 590 946 καὶ
604 877 750 947 Κάσπιοι
766 875 972 964 πεντήκοντα
986 878 1042 945 καὶ
1054 875 1207 964 διηκόσια
1220 872 1365 963 άγίνιον

218 1048 256 1098 ΙΙ.
272 1062 298 1112 p
316 1045 348 1097 16
360 1046 444 1097 scribi
460 1044 520 1095 vult
538 1041 614 1111 τῇσιτ
634 1061 688 1112 quo
700 1061 761 1097 mea
813 1045 968 1112 pertinent,
988 1057 1057 1108 quos
1077 1057 1151 1108 rpsos
1165 1044 1296 1094 Sacarum
1310 1060 1363 1093 no

218 1132 251 1166 er
263 1115 486 1167 sententiahaud
498 1129 575 1192 opus.
599 1115 641 1166 Ad
657 1115 762 1182 signifi·
813 1115 883 1165 mine
905 1111 977 1179 apud
997 1113 1096 1162 Persas
1116 1112 1254 1179 designari
1276 1117 1364 1165 testis

218 1187 353 1236 cntionem
373 1185 450 1236 verbi
464 1175 616 1234 οἰκεόντων
631 1185 667 1236 ct.
687 1189 757 1237 nott
812 1189 855 1235 est
881 1182 1037 1233 Herodotus
1064 1182 1133 1239 vn,
1161 1182 1203 1234 64.
1233 1186 1364 1250 Namque

217 1255 297 1309 adl
314 1258 358 1307 27.
370 1255 413 1316 ΙΙ,
428 1254 486 1306 lou.
512 1254 651 1304 Persici
628 1271 704 1306 smus
720 1256 760 1304 in·
810 1254 863 1304 hac
878 1252 1063 1318 appellatione
1078 1267 1212 1302 commum
1222 1259 1364 1319 quotquot

218 1323 305 1389 telligi
336 1323 456 1386 insulas,
487 1321 629 1389 plerasque
657 1340 760 1388 parvas
812 1328 907 1389 gentos
921 1321 1270 1388 perdesertailiamagua,
1286 1339 1363 1389 qnae

218 1394 339 1453 ambitu,
360 1393 393 1442 de
411 1392 510 1457 quibus
528 1393 610 1442 etiam
633 1394 701 1449 v11.
715 1394 760 1457 80,
811 1410 828 1444 a
842 1393 1028 1458 septentrione
1048 1392 1123 1457 regui
1136 1393 1239 1443 Persici
1264 1400 1363 1443 exten-

217 1464 263 1513 vix
271 1462 389 1513 dubium.
404 1462 481 1523 Quae
490 1461 596 1513 insulae
604 1462 759 1513 olimPhoe-
811 1463 927 1522 duntur,
951 1465 1088 1527 vagantur
1106 1477 1179 1512 more
1198 1462 1362 1517 nomadum.

218 1532 307 1583 uicum
329 1532 488 1582 commercio
505 1532 626 1598 insignes
648 1540 759 1597 postera
811 1531 1004 1597 comprehendi
1023 1531 1152 1582 credibile
1172 1538 1222 1582 est.
1249 1533 1360 1583 Addam

218 1607 308 1653 aetate
320 1602 432 1652 Venetis
451 1617 558 1667 quoque
575 1602 662 1652 sorum
682 1619 760 1668 prae·
810 1602 870 1661 hic,
893 1616 964 1666 quae
981 1602 1085 1651 Ritter:
1106 1601 1234 1652 Vorhalle
1256 1607 1310 1652 etc.
1329 1619 1360 1667 p.

217 1672 319 1722 bebant
338 1671 493 1722 Indicarum
515 1672 675 1736 praesertim
693 1688 759 1722 mer-

217 1742 289 1792 cium
302 1740 355 1792 buc
369 1741 546 1793 advectamm
559 1741 676 1807 indeque
691 1741 761 1792 ulte-

216 1812 272 1861 rius
284 1815 540 1875 transportaturum.
560 1811 725 1862 Mamerti.
740 1812 758 1861 l.

217 1896 280 1947 pag.
295 1882 324 1933 ll
339 1882 445 1931 Persici
457 1882 533 1932 sinna
547 1881 650 1933 insulas
664 1879 707 1931 bic
721 1883 760 1931 iu-

217 1951 304 2017 telligi
319 1956 418 2016 negat,
435 1951 535 2016 quippe
551 1951 659 2017 longius
675 1967 761 2001 remo·

216 2026 260 2072 tas
272 2022 307 2071 ab
319 2021 354 2072 iis
370 2021 517 2086 gentibus,
535 2020 568 2072 de
588 2021 687 2086 quibus
699 2021 725 2072 b.
739 2019 759 2074 Ι.

216 2106 303 2142 sermo
317 2091 366 2150 sit3
382 2106 465 2155 qnare
479 2090 582 2142 insulas
595 2091 662 2142 ludo
679 2091 760 2141 fluvio

216 2162 356 2227 propiores
371 2160 415 2212 rel
432 2161 461 2210 in
477 2161 537 2226 ipso
548 2161 617 2211 ludo
634 2162 702 2211 sitas
721 2161 761 2210 in-

216 2230 380 2296 telligendas
401 2245 461 2281 esse
481 2229 630 2281 contendit.
657 2258 692 2267 —
717 2231 760 2281 De

215 2301 294 2351 rutro
317 2302 381 2349 mart
413 2314 435 2348 s.
459 2299 657 2351 sinu-Persico
684 2301 756 2350 coni.

811 1672 871 1722 264.
894 1671 944 1721 265
961 1670 1090 1736 protulit,
1108 1671 1239 1721 Sacarum
1259 1687 1358 1722 nomen

812 1740 847 1791 ab
873 1740 953 1790 initio
980 1739 1054 1790 haud
1076 1739 1157 1791 dubie
1181 1756 1235 1791 non
1265 1743 1359 1807 gentis

812 1811 910 1871 fuisse,
930 1809 978 1860 sed
997 1809 1031 1859 ad
1044 1807 1201 1875 religionem
1216 1816 1360 1876 spectasse

811 1878 982 1943 cultumque,
1007 1880 1047 1928 ita
1071 1884 1102 1928 ut
1117 1885 1212 1944 gentes
1231 1881 1357 1945 hostiles,

812 1948 1024 2014 septentrionem
1050 1953 1077 1997 et
1102 1949 1272 2001 occidentem
1295 1967 1358 2001 rer·

812 2035 873 2081 sus,
890 2033 961 2083 quae
972 2018 1073 2069 sensim
1087 2020 1244 2085 sensimque
1256 2022 1292 2071 ad
1303 2021 1358 2070 Ta·

811 2090 974 2154 nainnsqne
992 2087 1188 2152 pertinuerint,
1207 2093 1358 2140 communi-

811 2158 863 2209 bus
875 2158 963 2209 sacris
981 2162 1104 2215 utentes,
1125 2161 1262 2209 communi
1276 2162 1357 2212 Saru-

810 2246 865 2278 αισα
886 2228 994 2278 nomine
1014 2228 1108 2277 vocati
1133 2244 1165 2279 ac
1190 2228 1357 2280 Gelonorum

811 2298 940 2363 stirpem,
967 2296 1149 2359 Bodincum,
1179 2299 1359 2349 Sauromata-

131 3973 138 3982 .
209 3932 302 3983 baris'
294 3950 322 3983 ιιι
336 3939 435 3984 terram
450 3931 663 3986 coutinentcm'
655 3952 751 3986 nrum·

810 2382 878 2429 rum,
890 2367 1005 2418 aliorum
1015 2364 1148 2431 complexi
1159 2368 1269 2419 tuerint.
1287 2370 1358 2419 Con·

809 2442 853 2488 tra
864 2439 968 2488 ‘Furcas
979 2438 1103 2490 Soranus
1116 2438 1225 2488 nomine
1236 2434 1355 2503 (Satria)

809 2506 959 2573 significari
969 2511 1050 2574 putat
1062 2507 1084 2556 1.
1098 2507 1132 2557 de
1146 2509 1291 2559 Hammer:
1304 2509 1355 2560 Ge-

810 2577 934 2629 schichte
953 2577 979 2628 d.
1001 2576 1093 2643 goldn.
1114 2578 1207 2629 Horde
1219 2594 1246 2643 p.
1266 2579 1292 2631 7.
1322 2580 1354 2630 ln
1422 2633 1426 2640 ,

216 2372 284 2420 nott.
301 2367 337 2417 ad
353 2367 381 2421 1.
398 2366 409 2417 l
424 2372 452 2419 et
467 2368 517 2420 186
538 2368 700 2435 Suspicatur
712 2384 758 2419 au-

216 2442 270 2488 tem
280 2435 404 2499 Bennoi,
418 2439 542 2488 cumbae
556 2437 661 2489 insulae
674 2439 757 2488 mino-

215 2522 258 2558 res
276 2506 345 2569 sint,
365 2506 504 2571 satrapiae
520 2509 689 2558 notationem
708 2509 756 2559 im-

215 2575 364 2643 perfectam
390 2591 464 2640 esse,
492 2578 591 2644 quippe
617 2580 652 2630 ad
677 2595 759 2645 quam

215 2648 299 2698 etiam
316 2647 441 2712 regiones
462 2648 574 2699 Persico
592 2649 664 2700 sinui
684 2649 758 2700 adia·

214 2723 306 2769 centes
321 2718 510 2783 pertinuerint

809 2648 897 2698 tribus
909 2646 1134 2713 inscriptionibus
1149 2649 1288 2699 invenitur
1301 2655 1354 2699 ter-

808 2733 840 2768 ra
853 2718 938 2780 Soka,
957 2732 1040 2783 quam
1054 2732 1071 2766 a
1084 2717 1193 2782 Scyllia
1208 2717 1281 2768 hand
1301 2718 1355 2768 dit·

809 2788 880 2839 ferre
898 2788 998 2837 statuit
1011 2787 1123 2851 Oppert.
1143 2787 1161 2836 l.
1177 2787 1195 2837 l.
1214 2803 1279 2853 pag.
1292 2788 1353 2850 ²83,

807 2873 905 2908 nomeu
924 2857 1010 2921 ipsum
1031 2855 1120 2906 adhuc
1136 2862 1274 2908 serratum
1294 2874 1356 2910 esse

808 2926 940 2978 adiiciens
952 2927 980 2975 in
991 2927 1050 2977 eins
1059 2931 1147 2977 terrae
1158 2928 1275 2978 nomine.
1284 2943 1354 2994 qnae

807 3012 879 3047 nunc
901 2997 1024 3061 Segesten
1047 2996 1217 3060 (Sakastane)
1241 2997 1353 3048 dicitur.

807 3066 979 3118 Condalium
992 3066 1165 3117 ltawliusonl
1182 3066 1201 3117 Ι.
1214 3083 1277 3132 pag.
1295 3068 1353 3118 170.

805 3138 905 3201 ltaque
929 3135 980 3185 boc
1006 3135 1138 3185 Herodoti
1164 3134 1225 3186 loco
1251 3138 1353 3188 tribum

805 3205 941 3272 quandam
959 3206 1081 3254 Saramene
1094 3221 1115 3256 s.
1130 3207 1281 3270 Septimum
1289 3208 1354 3259 Per·

805 3276 844 3326 sis
857 3275 996 3325 subditam
1014 3281 1088 3338 (cum
1107 3275 1213 3340 reliqna
1227 3292 1296 3341 gens
1310 3293 1354 3328 sa-

806 3346 842 3395 tis
861 3345 945 3396 tuerit
960 3342 1059 3407 libera)
1079 3344 1234 3409 intelligere
1248 3346 1352 3410 malim,

806 3429 886 3481 quam
897 3413 1010 3465 Rennel.
1025 3412 1042 3462 l.
1057 3414 1076 3463 l.
1090 3430 1116 3478 p.
1130 3416 1353 3480 5151n80gdir-

805 3499 841 3533 na
857 3484 982 3536 orientali
997 3486 1069 3533 intra
1089 3484 1244 3549 superiores
1258 3487 1310 3535 oxi
1326 3492 1354 3536 ct

804 3554 925 3604 Iaxartis
942 3554 1083 3618 regiones,
1106 3555 1134 3602 in
1153 3559 1226 3605 terra
1247 3555 1352 3606 Kotlan

805 3629 833 3675 et
851 3623 990 3688 Saganian
1006 3624 1080 3672 circa
1095 3623 1164 3673 lurai
1183 3628 1292 3676 montes
1306 3625 1354 3676 lra-

804 3694 910 3744 bitasse
923 3699 1016 3744 censet
1026 3693 1182 3744 Bactrianis
1195 3694 1349 3745 finitimam

804 3763 872 3813 Add.
888 3761 1043 3813 ereelerl.
1058 3763 1075 3812 l
1091 3778 1117 3827 p.
1134 3763 1195 3813 titt.

841 3823 977 3897 Κάσπιοι]
995 3832 1040 3883 Sic
1058 3847 1151 3883 omnes
1166 3833 1244 3895 libri,
1265 3834 1349 3898 plane

803 3907 832 3951 ut
847 3902 908 3962 VIl,
922 3901 964 3953 86
989 3903 1049 3964 Quo
1068 3905 1183 3967 utruque
1201 3870 1263 3954 1οόο
1277 3919 1350 3969 cum,

803 3971 848 4036 qui
859 3986 940 4035 snpra
956 3971 1013 4032 ΙΙΙ,
1031 3971 1065 4020 tu
1082 3977 1110 4022 et
1123 3973 1192 4034 Vll,
1203 3972 1236 4022 97
1247 3989 1350 4025 socan

802 4045 846 4090 tur
859 4040 963 4106 Caspii,
977 4010 1094 4106 intelligi
1109 4047 1255 4107 nequeant,
1270 4043 1349 4094 Reiz.

800 4110 904 4174 (Praei
927 4127 953 4175 p.
973 4111 1036 4161 XVI
1058 4111 1131 4177 seq.)
1149 4113 1268 4163 correxit
1290 4106 1348 4163 Xcr'

206 4179 275 4259 Μ’
801 4193 956 4243 euripos,
950 4180 1161 4247 StephaniByz.
1178 4182 1347 4234 auctoritate

801 4250 888 4299 fretus
896 4251 969 4314 q,ui
984 4266 1016 4301 ex
1033 4251 1165 4301 Herodoti
1178 4250 1248 4303 libro
1262 4254 1347 4305 tertio

241 4301 345 4377 Σάκαι]
366 4314 407 4363 lie
421 4315 496 4365 Sacis
516 4315 573 4366 vid.
589 4316 618 4375 Ι,
637 4315 749 4366 tutibi-
802 4288 977 4382 Κάστειρον
998 4320 1159 4371 Partborum
1172 4322 1279 4385 urbem
1301 4325 1347 4374 ln

205 4398 256 4447 que
269 4385 337 4431 nott
348 4383 410 4446 v11,
425 4383 459 4433 64
477 4385 510 4435 uu
522 4384 582 4434 coll
598 4386 645 4449 lV,
659 4387 683 4436 6.
699 4388 747 4450 vl,
800 4389 862 4440 diae
874 4390 1014 4439 finitimam
1029 4391 1111 4451 citat,
1126 4391 1179 4440 nisi
1194 4391 1218 4440 is
1234 4392 1267 4442 de
1281 4394 1346 4444 Cas

206 4451 262 4504 113
280 4452 329 4516 IX,
343 4453 385 4504 ΙΙ.
408 4453 449 4503 Ad
460 4453 622 4517 Scytharum
635 4456 748 4521 stirpem
798 4468 892 4525 patyro
914 4461 964 4527 (cf.
986 4460 1043 4523 ΙΙΙ,
1070 4461 1131 4525 102)
1149 4462 1240 4526 potins
1262 4477 1345 4527 qnam

248 2811 314 2879 τοὺς
338 2810 537 2880 ἀνασπάστους
559 2815 757 2890 καλεομένους]

214 2880 391 2941 άνάσιταστοι
409 2890 551 2954 dicuntur,
569 2894 616 2958 qui
634 2908 649 2942 e
665 2893 756 2959 patrio

214 2961 272 3011 solo
295 2960 424 3012 aliorsum
444 2962 618 3013 abducuntur
638 2968 666 3013 et
688 2962 755 3013 rele-

213 3036 313 3095 gantur
326 3046 375 3095 pro
389 3047 421 3081 eo
433 3048 518 3094 more,
538 3031 584 3096 qui
602 3047 649 3097 per
668 3034 755 3085 orien-

212 3105 268 3149 tem
281 3099 417 3161 obtinuit,
437 3100 480 3149 rel
499 3099 622 3165 singulos
635 3104 710 3152 viros
723 3102 755 3152 ΙΙ-

212 3169 327 3226 lustres,
342 3168 384 3219 vel
399 3169 521 3232 integras
537 3171 663 3220 nationes
680 3172 754 3222 devi-

213 3243 289 3299 ctas,
303 3237 413 3288 sedibus
425 3239 526 3302 patriis
539 3243 641 3294 motas,
656 3240 713 3290 alia
726 3242 753 3290 in

211 3307 273 3357 loca
289 3305 374 3357 multo
396 3308 543 3357 remotiora
560 3308 754 3360 transferendi.

212 3378 255 3426 'Pu
265 3376 321 3425 vid.
337 3376 439 3427 Herod.
455 3378 507 3438 lv,
522 3377 582 3428 204.
604 3379 710 3436 v1,·12.
726 3378 752 3429 6.

211 3445 254 3498 32.
271 3445 394 3504 v11‚80.
417 3445 490 3496 Ctea.
506 3448 623 3497 Persicc.
642 3448 709 3499 Exc.
727 3451 752 3512 6.

210 3514 235 3564 9.
254 3515 297 3565 46.
320 3514 497 3568 Demosthen.
519 3516 637 3581 Philipp.
657 3519 704 3567 IV.
728 3521 751 3579 ς.

210 3584 253 3636 32.
280 3584 394 3634 ΙΙοινΙΙΙ.
421 3584 456 3634 ad
474 3585 577 3636 Charit.
603 3602 666 3650 pag.
691 3586 752 3638 363.

211 3653 309 3704 (lesen.
323 3654 358 3703 ad
370 3656 452 3705 lessi.
466 3656 597 3717 XXXVI,
613 3656 700 3706 16-
713 3657 753 3708 Ac

209 3723 303 3773 mirari
313 3723 397 3786 subit,
408 3724 476 3774 haec
486 3725 547 3790 ipsa
554 3725 625 3787 loca,
636 3727 671 3776 ad
683 3742 753 3792 quac

210 3792 345 3859 relegatos
363 3794 543 3846 detrudebant
560 3796 674 3858 Persae,
694 3811 752 3846 sae-

209 3863 269 3914 culo
287 3865 336 3914 der
338 3864 392 3915 imo
405 3864 488 3915 tertio
498 3868 561 3930 post
575 3865 636 3915 Glrr
650 3881 676 3915 n
692 3865 752 3915 bar·

208 4003 352 4065 pentibus,
379 4004 512 4071 refugium
534 4005 718 4069 praebuisse
711 4022 751 4054 m·

207 4070 274 4121 colis
293 4077 383 4122 terrae
401 4075 584 4135 continentis,
609 4076 656 4139 qui
676 4076 748 4125 insu·

205 4137 274 4202 lam,
294 4142 339 4191 cui
355 4157 453 4193 nomen
468 4145 579 4208 Orruuz,
599 4160 748 4208 occupave-
