3042 5125
264 339 324 404 178
695 333 963 398 HERODO'I‘I

263 534 410 600 Δαδίκαι
424 554 460 597 τε
474 529 531 598 καὶ
550 524 747 617 Ἀπαρύται,
772 529 805 607 ἐς
818 521 925 595 τώυτὸ
937 526 1153 613 τεταγμένοι,
1176 522 1391 614 ἑβδομήκοντα

261 732 377 784 stitutus
391 727 479 780 videri
497 735 597 795 queat,
616 728 807 794 ignorantibus
858 725 988 776 Larcher.
1011 730 1068 774 tum
1090 726 1120 774 in
1141 723 1392 787 not.adV11,ttti,

262 800 370 853 scilieet
381 798 503 849 rationes
516 796 715 864 geographicas
725 796 807 847 alias·
860 801 917 846 tum
929 796 957 845 in
969 794 1026 844 tab.
1039 794 1189 859 geograph.
1203 792 1343 845 Strabonis
1354 810 1394 861 po·

261 887 309 934 ve,
327 884 398 935 qnae
410 867 596 931 Herodotum,
615 871 646 917 ut
664 867 717 919 boc
735 867 807 932 ipso,
858 865 993 917 tissimum
1018 863 1053 915 ob
1072 868 1270 915 auctoritatem
1292 864 1348 915 XV.
1370 880 1392 930 p.

262 956 312 992 nec
325 938 380 989 alio
399 937 478 987 modo
497 937 526 987 in
542 936 702 988 enarrandis
715 937 808 1001 singu·
859 934 910 986 6911
921 950 943 985 s.
963 951 989 1001 p.
1004 933 1072 986 1024
1084 934 1136 997 A„
1156 948 1213 1001 qua
1224 932 1342 984 Indicam
1354 948 1394 999 po·

261 1008 296 1061 lis
318 1006 468 1073 provinciis
488 1007 664 1071 procederet,
692 1020 809 1057 eommo-
859 1007 915 1056 tius
928 1008 1021 1055 censet
1040 1009 1151 1070 gentem
1169 1018 1247 1067 esse,
1267 1003 1341 1053 cuins
1358 1018 1394 1054 se

262 1093 326 1130 vere
340 1076 490 1143 potuerint.
507 1077 602 1141 Neque
615 1075 687 1126 enim
698 1074 809 1127 credere
860 1076 908 1127 des
918 1073 954 1125 sd
963 1074 1062 1125 ludum
1075 1073 1192 1124 fluvium
1204 1074 1262 1125 sint
1278 1088 1395 1138 quaeren-

262 1163 374 1216 possum
394 1147 476 1213 (quae
491 1145 627 1196 Wheeleri
644 1150 687 1195 est
703 1150 808 1197 senten·
859 1145 921 1196 dae.
956 1146 994 1195 Et
1017 1141 1100 1193 Wahl
1126 1142 1346 1207 (Erdbesehreih.
1371 1157 1394 1192 v.

262 1218 303 1269 tia
315 1216 431 1282 lI.·pag.
443 1216 518 1279 205),
531 1215 703 1265 Herodotum
713 1216 742 1265 in
753 1217 808 1265 sin·
861 1213 969 1265 Ostind.
987 1229 1014 1279 p.
1027 1212 1076 1265 461
1094 1227 1153 1279 seq.
1172 1211 1237 1277 465)
1256 1211 1334 1279 longa
1348 1211 1395 1261 dis-

262 1286 335 1353 gulis
368 1285 499 1349 satrapiis
530 1283 706 1336 recensendis
736 1282 810 1333 haud
861 1284 1004 1351 putatione
1027 1281 1139 1334 efficere
1158 1283 1281 1345 studuit,
1305 1283 1396 1332 oann-

263 1370 357 1422 presss
372 1358 497 1405 secutum
515 1369 576 1405 esse
597 1370 658 1406 eum
678 1353 810 1416 ordinem,
860 1358 956 1407 riorum
967 1357 1078 1419 gentem
1091 1351 1396 1418 Gmdmicmpueregio

263 1441 318 1491 quo
337 1424 516 1475 haecomnia
531 1424 559 1473 in
579 1424 751 1474 documentis
762 1438 811 1488 pu·
861 1440 922 1475 nem
951 1438 1005 1473 non
1030 1421 1114 1473 aliam
1140 1438 1204 1474 esse
1229 1426 1310 1487 atque
1334 1436 1394 1480 earo,

263 1494 358 1556 blicis,
375 1493 503 1558 equibus
520 1492 629 1556 bausit,
649 1492 753 1543 tradita
771 1493 811 1542 in·
862 1509 943 1559 quam
954 1508 1026 1544 nunc
1036 1493 1253 1543 vocantlr'utwer
1264 1492 1394 1547 etBeloart

264 1565 383 1625 venerit,
406 1563 453 1613 sed
476 1568 575 1628 sponte
594 1566 716 1614 munseo
735 1561 810 1612 illum
862 1562 939 1614 cuius
953 1563 1045 1627 gentis
1060 1562 1150 1612 tribus
1172 1561 1304 1628 quasdam
1321 1559 1395 1610 videri

263 1640 346 1699 atque
357 1631 432 1682 nullo
443 1631 599 1683 discrimino
609 1632 713 1695 habito,
720 1632 812 1697 prouti
863 1635 978 1684 Dadicoa
995 1637 1023 1682 et
1035 1631 1190 1698 Aporytos,
1210 1636 1260 1682 aut
1275 1634 1343 1682 certe
1356 1644 1394 1678 ae·

263 1704 319 1769 ipsi
334 1702 482 1752 convenire
494 1702 646 1765 videretur,
660 1702 709 1752 bas
724 1706 812 1752 satra·
863 1701 939 1754 eolus
953 1717 986 1752 ea
1002 1702 1029 1752 in
1043 1703 1175 1766 regione,
1192 1717 1262 1767 quae
1273 1717 1291 1752 a
1303 1698 1394 1750 Buchs·

264 1774 325 1838 pisa
334 1771 514 1823 recensuisse.
527 1772 571 1824 Cf.
579 1777 649 1822 nott.
662 1772 812 1834 aedilhild.

301 1833 521 1905 Σατταγύδαι-
533 1831 693 1907 Ἀπαρύται]
708 1842 812 1892 Gonda-

264 1914 300 1963 rs'r'
315 1916 342 1962 et
356 1913 472 1962 Dudieue
494 1909 567 1961 inira
584 1916 730 1963 occurrunt
748 1910 812 1973 VII,

265 1980 308 2032 66.
329 1982 487 2047 Smappuae
506 1986 533 2030 et
546 1980 681 2048 Aparptoe
701 1979 811 2031 aliunde

265 2066 319 2102 non
330 2051 444 2115 cogniti.
468 2051 526 2100 Has
539 2067 604 2102 vero
619 2056 715 2116 gentes
727 2050 813 2100 omni·

265 2136 299 2171 uo
310 2121 345 2170 ad
356 2118 502 2170 orientales
514 2118 608 2186 plagas
617 2119 812 2185 ultraSogdia·

266 2205 328 2240 nam
345 2205 441 2240 versus
459 2188 521 2238 ludi
537 2190 627 2242 sontes
646 2195 673 2241 et
690 2189 812 2255 superio·

265 2274 320 2309 rem
343 2257 425 2308 huius
450 2259 539 2308 amnis
555 2275 665 2310 censum
686 2263 812 2324 spectare

266 2327 372 2377 dixerat
391 2326 555 2378 llillerbecls.
577 2326 698 2396 liitficill.
717 2344 812 2393 geogr.

266 2397 313 2446 Aa.
337 2410 399 2460 pag.
431 2394 476 2456 16,
502 2396 673 2460 improbante
694 2398 813 2460 Gatian,

267 2466 314 2531 qui
332 2463 368 2514 ad
391 2465 536 2527 superiora
563 2464 623 2515 loca
642 2468 763 2517 Iaxartis
785 2471 812 2516 et

267 2534 382 2586 Oxihas
394 2536 490 2599 gentes
506 2533 599 2586 refert.
617 2535 749 2587 liennelio
761 2536 778 2588 l.
793 2536 812 2588 l.

266 2621 329 2672 pag.
345 2603 396 2656 513
416 2618 472 2669 seq.
486 2602 553 2655 haec
573 2607 698 2671 satrapis
719 2607 753 2656 ab
770 2622 812 2668 aa,

267 2690 338 2742 quac
352 2673 459 2725 decima
470 2678 550 2724 sexta
562 2679 604 2724 est
618 2675 644 2724 in
657 2676 708 2726 boe
722 2692 814 2727 recen·

268 2761 309 2806 su,
317 2744 405 2794 tribus
418 2743 543 2808 portibus
553 2744 591 2794 itu
602 2745 712 2795 videtur
721 2745 814 2796 cincta

268 2815 367 2876 luisse,
390 2818 421 2863 ut
437 2814 606 2864 occidentem
625 2830 720 2866 versus
735 2816 814 2865 sedes

266 2883 429 2936 Parthorum
454 2885 626 2947 primitivas,
653 2886 814 2949 septentrio·

268 2970 328 3004 nem
343 2968 438 3004 versus
447 2953 750 3018 desertaChornsmiae‚
763 2972 816 3005 me·

267 3023 362 3074 ridiem
372 3024 575 3084 versushriam,
582 3023 713 3073 orientem
721 3037 815 3075 versus

268 3092 407 3142 Bactriani
416 3096 552 3156 tangeret;
561 3092 606 3156 qni
615 3093 668 3156 ipsi
676 3093 741 3143 fines
752 3098 817 3144 snut

268 3161 438 3224 Murpicane,
452 3175 532 3225 qnam
546 3162 699 3224 regionem,
716 3162 771 3213 iam
785 3162 816 3213 li·

267 3230 316 3280 bro
329 3227 474 3278 Vendidad
489 3231 570 3279 tertio
580 3229 640 3280 1000
655 3247 814 3282 commemo·

267 3303 357 3349 ratam
373 3297 509 3363 (Moto-u),
524 3301 623 3349 Noster
635 3301 754 3364 ignorat.
771 3302 813 3353 Ad

269 3368 414 3419 Gurdinios
424 3369 563 3431 pertinere
583 3368 641 3418 vult
655 3370 748 3420 urbem
765 3373 814 3422 Go-

267 3438 331 3500 dnr,
357 3436 393 3486 ad
410 3436 543 3504 Apurptos
559 3438 652 3490 urbem
676 3440 814 3505 Apaturii·

267 3522 335 3569 ema,
356 3513 501 3572 utramque
513 3508 548 3558 ab
558 3508 665 3560 isidoro
681 3526 813 3561 memora·

268 3580 325 3625 tam
341 3581 369 3626 et
390 3576 463 3627 intra
482 3578 610 3628 Nisaeum
630 3578 723 3645 (quam
743 3580 814 3630 Reu-

269 3644 322 3697 nel.
338 3645 421 3696 habat
437 3663 487 3713 pro
508 3652 582 3698 terra
598 3648 767 3713 Naisabour)
786 3654 813 3700 et

862 1773 904 1822 ria
914 1787 999 1837 parva
1011 1787 1098 1836 usque
1110 1771 1149 1821 ad
1159 1772 1286 1822 Tibetum
1296 1782 1394 1835 mnam

862 1843 1012 1908 pertineat3
1025 1842 1114 1907 ipsum
1130 1856 1230 1891 nomeu
1247 1856 1306 1892 cum
1319 1838 1394 1889 Perai-

863 1912 903 1962 cis
925 1911 1071 1963 convenire
1090 1911 1210 1961 vocibus
1228 1910 1358 1961 Gcadoker
1374 1921 1393 1956 a

864 1982 1015 2041 Gaadoker,
1040 1981 1187 2032 Guadreme
1208 1995 1230 2030 s.
1254 1980 1394 2031 oasam:
1474 2006 1475 2009 =

864 2051 963 2117 quibus
978 2050 1102 2101 omnibus
1118 2051 1216 2112 sortem
1229 2049 1356 2099 bominem
1366 2045 1395 2095 si·

862 2120 988 2186 gnifiesri
999 2135 1032 2171 sc
1044 2121 1200 2172 bellicosius.
1225 2117 1395 2171 6061000101-

862 2191 958 2241 cherus
973 2190 1008 2240 ab
1027 2189 1133 2241 oriente
1149 2190 1313 2241 Bactrianae
1326 2190 1351 2237 et
1365 2184 1394 2234 ab

862 2260 1003 2311 occidente
1029 2260 1235 2311 Gandariorum
1259 2256 1394 2309 collocare

863 2333 921 2391 rat,
937 2331 959 2381 1.
973 2330 1006 2380 de
1017 2330 1158 2382 Hammer.
1177 2328 1296 2395 (Annali.
1309 2326 1394 2376 Vieun.

863 2400 961 2450 XLVI.
971 2416 998 2465 p.
1008 2398 1058 2449 120
1070 2399 1132 2449 coll.
1145 2400 1224 2451 LIII.
1234 2414 1261 2464 p.
1271 2396 1314 2461 25)
1328 2404 1393 2444 trans

864 2470 951 2519 Oxum
963 2469 1326 2534 inragioneBnchara,qnaa
1333 2476 1393 2514 nuuc

863 2543 992 2601 vocatur,
1005 2554 1022 2589 a
1035 2543 1116 2604 gente
1127 2538 1269 2591 Tadschih
1282 2535 1393 2587 habitata

864 2625 897 2658 ac
921 2609 1062 2674 primitiva
1088 2609 1285 2661 Germanorum
1308 2605 1393 2671 penis,

864 2677 991 2729 collocat.
1007 2678 1095 2744 [Idem
1105 2680 1149 2730 vir
1160 2679 1295 2730 doctuein
1310 2674 1394 2726 iisdem

866 2747 1014 2798 Annalibus
1031 2747 1102 2812 (Vol.
1119 2750 1199 2801 LIll.
1217 2765 1278 2815 pag.
1296 2745 1337 2808 ⁶25)
1352 2742 1393 2792 1101

865 2813 993 2873 Audiens
1005 2816 1106 2869 diserte
1116 2819 1311 2871 Germanorum
1322 2813 1394 2864 maio

867 2902 909 2938 ros
926 2884 1036 2949 diust).
1057 2885 1119 2950 Cn]
1151 2888 1223 2940 Ado.
1240 2888 1338 2938 Hister.
1353 2882 1394 2930 Oe

867 2971 937 3005 inan.
955 2954 979 3006 I.
994 2969 1020 3019 p.
1039 2956 1100 3006 tlt.
1121 2957 1162 3007 Ac
1180 2959 1293 3023 denique
1310 2951 1392 3003 Mitte

866 3025 936 3075 brun
947 3022 1164 3087 (ennelinouv.
1177 3027 1215 3079 11.
1229 3042 1254 3091 p.
1262 3024 1319 3078 337.
1329 3017 1393 3082 338).

866 3094 914 3159 qni
940 3094 992 3145 hae
1016 3096 1141 3160 satrapis
1162 3100 1258 3160 gentes
1279 3089 1393 3143 nomades

867 3169 1008 3215 montosae
1021 3180 1038 3214 a
1050 3165 1142 3216 Persis
1154 3167 1285 3216 orientem
1297 3159 1393 3211 010001-

867 3234 976 3284 dentem
992 3249 1088 3284 versus
1098 3236 1231 3286 contineri
1244 3230 1393 3285 Gandarios·

866 3318 917 3369 que
936 3303 971 3353 ad
985 3305 1144 3368 Paetyicanr
1162 3303 1308 3356 australem
1320 3295 1390 3364 (cont

864 3379 933 3423 nott.
948 3373 982 3422 ad
996 3374 1046 3435 lll,
1059 3372 1120 3436 102)
1130 3390 1160 3425 se
1170 3372 1323 3426 extendisse
1335 3364 1392 3424 ruit·

864 3445 978 3493 nouem
990 3452 1072 3508 atque
1086 3446 1159 3497 Daos
1172 3444 1285 3495 eandem
1294 3452 1349 3491 esse
1357 3450 1394 3483 tr·

863 3511 982 3563 bitrstur
1003 3517 1127 3578 gentem,
1144 3528 1216 3580 quae
1233 3519 1316 3563 terras
1333 3508 1392 3556 13⁸0·

865 3581 935 3631 triae
949 3582 1056 3634 vicinas
1071 3585 1203 3646 tenuerit,
1214 3572 1392 3646 antequamtd

865 3651 994 3716 Caspium
1008 3669 1082 3704 mare
1091 3654 1259 3720 migraverit.
1274 3651 1392 3716 Apameae

267 3715 443 3767 Antiochiam
461 3717 632 3783 Margianam
649 3717 742 3784 (qnam
763 3734 813 3784 pro
865 3721 1045 3785 probabiliter
1074 3739 1134 3775 esse
1163 3730 1244 3790 putat
1269 3719 1392 3783 Parystss

269 3790 342 3836 terra
360 3787 437 3837 Meru
458 3785 552 3850 habet)
572 3785 745 3840 collocatam.
773 3790 813 3840 ile
865 3790 1028 3851 l'tolemaei;
1047 3797 1202 3860 Sanmites
1218 3807 1281 3844 vero
1295 3796 1392 3854 prorsus

267 3854 384 3920 denique
393 3857 487 3907 urbem
499 3856 611 3907 (landar
622 3858 736 3910 eandem
749 3875 814 3909 con·
864 3861 993 3925 ignorari.
1013 3863 1171 3930 Satmppdae
1183 3865 1212 3914 in
1224 3851 1393 3922 inscriptioni·

268 3924 358 3975 tendit
368 3940 441 3989 esse,
457 3941 526 3992 quae
541 3926 568 3976 in
581 3928 814 3994 Dachingischani
864 3930 916 3981 bus
940 3930 994 3982 illis
1014 3933 1102 3984 tribus
1122 3934 1274 3984 indicantur
1296 3922 1391 3978 notuite

268 3993 385 4045 historia
398 3998 508 4047 nomine
521 3998 646 4049 Kaendm·
658 3998 753 4049 crebro
766 4014 813 4062 ap·
868 4001 1008 4066 tumeam
1022 4003 1050 4052 iu
1060 4003 1267 4069 Persepolitana
1276 4002 1303 4049 et
1314 3988 1391 4058 sepul·

267 4061 394 4128 pelletur.
427 4066 470 4117 De
495 4067 634 4118 dandamis
657 4067 814 4134 obloquitur
864 4070 932 4120 crali
948 4076 1092 4136 practerea
1112 4074 1235 4125 Gaudere
1252 4066 1388 4120 invenitur:

317 4263 413 4313 *thud
432 4264 555 4307 inutili.
615 4281 629 4305 r.
645 4267 689 4309 1111.
705 4267 771 4310 Lxx.
787 4283 807 4331 p.
819 4270 852 4311 31.
869 4271 963 4312 Lxxul.
995 4273 1048 4313 .22.
1068 4274 1185 4317 lxxxix.
1199 4287 1220 4328 p.
1234 4272 1252 4312 7.
1279 4264 1386 4310 Sauum·

267 4315 456 4356 marocenorum
475 4317 501 4356 ab
520 4317 554 4358 bis
567 4279 654 4359 Badius
671 4331 689 4358 s·
704 4319 812 4361 Tsdsclnk
832 4324 855 4370 (i.
871 4335 890 4362 o.
907 4323 978 4364 Persis
1005 4327 1112 4377 repetenti
1134 4331 1190 4366 reete
1211 4323 1260 4365 oble
1275 4321 1328 4359 nilnr
1341 4315 1388 4354 Poll·

266 4365 394 4469 sslyliftpfilog·
414 4366 546 4418 Foraehung.
567 4367 594 4408 ll.
613 4383 633 4422 p.
648 4371 686 4411 616
699 4383 745 4424 seq.
773 4371 800 4412 Et
821 4374 878 4416 cons.
896 4386 983 4426 quoqne
1002 4376 1088 4417 Journal
1108 4377 1129 4416 d.
1150 4334 1320 4430 11110ςο01611
1338 4361 1388 4405 Jnill.
