3042 5125
268 362 331 425 222

701 359 969 421 HERODOTI

271 552 376 622 duvdv
397 581 472 621 τινα
493 555 673 622 καλέεσθαι
697 552 780 641 πρὸς
799 549 983 640 βαρβάρων
1003 545 1154 638 ποταμὸν
1176 549 1345 619 ἐκδιδόντα
1363 555 1391 633 ἐς

269 754 327 803 rilr:
340 753 416 804 Slav.
429 752 545 804 Altertb.
562 754 584 802 1.
597 770 623 817 p.
640 754 697 815 105,
707 751 810 802 Ulrert:
862 749 955 799 mania
966 754 1018 799 ete.
1027 764 1054 813 p.
1062 747 1105 810 81,
1118 747 1233 814 Dilthey
1244 751 1272 799 in
1286 756 1350 802 nott.
1359 751 1389 799 ad

270 824 367 888 Georgr.
388 824 413 872 d.
433 822 541 873 Griech.
561 838 587 873 u.
603 825 698 873 Roern.
712 821 770 883 111,
784 823 809 870 2.
862 818 1389 884 TacitiGerm.l.i.p.291seq.etinscri·

269 908 332 957 pag.
346 894 407 943 238.
446 894 485 943 Ac
506 898 580 942 reete
604 893 688 942 etiam
706 891 811 940 monuit
861 890 956 953 ptione
972 887 1104 953 peculiari
1119 887 1154 937 de
1174 888 1276 938 electro
1293 897 1319 939 et
1336 891 1386 939 Eri-

270 963 426 1013 Groteicnd.
436 962 499 1023 (Zur
507 962 640 1027 Geogru.
649 960 810 1012 Geseh.v0n
862 960 944 1020 dano,
957 973 1026 1022 quae
1035 958 1139 1022 prodiit
1151 958 1308 1008 Darmstad.
1324 960 1389 1020 1821,

270 1031 428 1083 Alt-ltalien
437 1031 461 1080 1.
472 1046 498 1095 p.
511 1032 548 1095 7),
560 1030 720 1093 Eridanum,
733 1031 810 1080 ouius
860 1028 968 1076 Heeren
981 1028 1074 1077 ldeen.
1090 1028 1117 1088 l,
1130 1030 1157 1077 2.
1171 1043 1236 1093 pag.
1250 1030 1292 1078 70.
1307 1030 1345 1079 71.
1358 1030 1389 1090 11,

269 1102 311 1151 vel
329 1106 394 1151 ante
412 1101 579 1150 Herodotum
599 1101 652 1149 iam
674 1100 810 1150 Hesiodus
864 1098 886 1147 l.
899 1113 961 1162 pag.
976 1096 1033 1146 118.
1046 1098 1085 1146 Ac
1096 1095 1219 1162 Dilthey.
1231 1096 1249 1148 l.
1264 1097 1280 1146 l.
1294 1114 1349 1162 pag.
1365 1101 1389 1148 li

270 1173 357 1221 saciat
369 1171 678 1234 mentionernTheogeu.
690 1169 750 1232 338,
762 1171 811 1218 mi-
861 1167 996 1217 Herodoti
1010 1167 1101 1215 locum
1115 1166 1151 1216 ad
1169 1173 1255 1216 totam
1267 1183 1319 1217 rem
1329 1169 1389 1217 diiu-

270 1243 341 1290 nime
358 1241 393 1289 ad
413 1239 517 1289 Padum
533 1239 629 1289 referri
646 1254 740 1303 posse,
762 1239 811 1288 sed
861 1235 1004 1285 dicandam
1020 1236 1079 1285 iure
1092 1242 1189 1286 censet
1204 1238 1388 1301 gravissimum,

268 1312 359 1360 fictum
372 1325 431 1358 esse
448 1309 558 1358 flurium
574 1309 602 1357 in
616 1309 742 1373 Europae
756 1313 811 1357 tra·
861 1306 961 1370 quippe
974 1322 1007 1356 ex
1020 1320 1073 1370 quo
1085 1311 1199 1370 pateat,
1212 1306 1351 1356 Eridanum
1362 1322 1389 1355 ex

268 1381 359 1429 ctibua
386 1378 558 1428 borealibus:
588 1393 667 1443 quem
695 1378 809 1428 eundem
860 1376 1045 1439 antiquiorum
1071 1374 1239 1425 Graecorum
1265 1378 1388 1426 sententia

270 1451 341 1513 quod
361 1449 388 1497 in
401 1448 557 1498 Herodotee
575 1446 636 1497 loco
653 1463 702 1512 pro
722 1449 809 1498 lilerio
861 1445 889 1493 in
908 1446 1036 1494 extremis
1049 1445 1177 1510 Europae
1196 1445 1293 1495 finibus
1308 1447 1339 1495 ad
1355 1462 1388 1495 se-

269 1518 363 1567 haberi
388 1517 447 1566 vult
469 1517 540 1566 idem
559 1518 601 1566 vir
618 1516 715 1567 doctus
739 1518 768 1579 (l.
789 1515 807 1564 l.
860 1516 1042 1579 ptentrionem
1069 1529 1167 1564 versus
1200 1515 1300 1577 inisse,
1328 1515 1388 1565 unde

268 1603 330 1652 pag.
353 1585 410 1648 15),
430 1601 527 1636 vereor
546 1591 578 1635 ut
597 1587 727 1636 assentiri
747 1599 809 1649 pos·
859 1583 986 1633 electrum
1011 1583 1200 1634 adveheretur.
1228 1586 1280 1646 Qui
1303 1585 1386 1634 durius

267 1658 327 1707 sim.
359 1658 416 1706 Nee
436 1656 523 1720 magis
546 1657 675 1706 accedere
698 1670 809 1721 possum
858 1669 954 1717 parum
978 1655 1103 1718 cognitus
1127 1670 1190 1703 cum
1217 1670 1234 1703 a
1253 1655 1386 1705 serioribnr

268 1727 372 1777 Uherto
387 1725 415 1791 (l.
430 1726 447 1775 l.
459 1727 497 1787 11,
508 1728 534 1776 2.
546 1740 608 1790 pag.
619 1727 679 1792 17),
698 1726 745 1790 qui
757 1726 809 1775 }le-
859 1738 1000 1788 perperam
1015 1738 1064 1788 pro
1076 1723 1155 1773 Pado
1167 1723 1321 1786 haberetur,
1331 1722 1387 1772 mul-

266 1796 380 1846 rbdotea
391 1795 457 1846 haee
474 1796 506 1845 de
519 1794 639 1845 Eridano
651 1795 739 1846 relata
750 1794 809 1846 vult
858 1794 949 1857 tisque
961 1792 1062 1843 rabulis
1075 1792 1143 1843 haec
1158 1809 1202 1844 res
1215 1800 1385 1852 exornaretur,

268 1866 302 1915 ad
315 1882 361 1928 ea,
387 1881 457 1930 quae
477 1866 510 1915 de
524 1864 630 1915 Galliae
647 1865 752 1926 fluviis,
774 1864 808 1914 de
858 1862 1026 1925 probabilius
1038 1862 1146 1911 videtur
1160 1863 1296 1928 Diltheyo,
1313 1866 1384 1913 Virtu-

267 1936 420 1999 Garumna,
431 1935 537 1999 Ligeri,
557 1934 620 1983 aliis
633 1934 707 1985 iamt
720 1935 808 1984 Hero·
856 1936 905 1981 laur
917 1931 1032 1981 Eridani
1043 1932 1153 1981 nomine
1165 1933 1327 1982 celebratam
1335 1946 1386 1981 esse

267 2006 332 2055 doto
351 2004 535 2064 innotuerint,
556 2006 601 2053 cui
618 2005 714 2054 merito
732 2003 808 2053 oblo-
859 2002 934 2067 (ρας.
961 2001 1023 2064 22),
1047 2001 1081 2050 sd
1106 2003 1187 2053 euius
1209 2004 1281 2052 ostia
1303 2017 1384 2065 nempe

266 2078 359 2140 quitur
371 2076 471 2125 Kruse:
485 2072 679 2138 Urgesehiehte
690 2073 715 2124 d.
726 2073 808 2123 Eath-
857 2086 923 2121 vora
934 2071 1027 2120 electri
1038 2072 1130 2136 patrio
1141 2072 1305 2133 inveniatur,
1317 2085 1385 2136 quae,

266 2144 353 2194 nisch.
365 2143 582 2195 Volksstammes
596 2158 659 2208 pag.
678 2142 738 2194 308.
767 2145 806 2191 Ac
858 2140 947 2190 missis
962 2140 1075 2190 aliorum
1089 2141 1205 2205 sabulis,
1220 2145 1247 2192 in
1260 2142 1322 2191 mari
1330 2139 1383 2190 Bal·

266 2214 366 2264 dndum
382 2218 464 2263 antea
482 2214 536 2261 iam
552 2213 580 2261 in
594 2227 642 2274 ea,
661 2228 730 2277 quae
747 2212 773 2261 h.
787 2211 806 2262 l.
857 2210 913 2259 tieo
926 2211 1039 2274 eiusque
1051 2212 1105 2259 oris
1117 2212 1155 2259 sit
1169 2212 1327 2276 quaerenda.
1345 2211 1384 2259 st-

266 2283 300 2332 de
323 2283 444 2332 Eridano
469 2288 550 2347 atque
583 2281 684 2332 electro
706 2282 807 2332 Noster
857 2294 910 2344 que
919 2278 969 2329 hoc
982 2281 1070 2344 ipsum
1083 2295 1158 2330 mare
1171 2282 1305 2332 Balticum
1318 2282 1383 2341 (nom

266 2352 390 2416 scripsit,
418 2352 619 2416 inquisiverunt
642 2351 695 2400 viri
720 2351 805 2413 docti,

264 2422 335 2471 inter
347 2436 415 2485 quos
436 2420 555 2470 sufficiat
569 2420 723 2471 nominasse
740 2421 806 2470 Ges·

265 2506 322 2542 ner.
336 2492 364 2539 in
376 2490 568 2541 Commentatt.
581 2490 642 2540 Soc.
660 2491 726 2554 lieg.
739 2490 805 2540 Got-

856 2348 955 2412 Oalsee)
967 2350 1082 2399 Eridano
1094 2350 1178 2401 fluvio
1189 2352 1302 2401 indicari
1312 2350 1382 2412 longa

854 2419 1040 2483 disputatione
1068 2420 1176 2470 edicere
1202 2421 1293 2472 studet
1314 2420 1338 2469 J.
1355 2417 1382 2467 G.

855 2488 945 2538 llasse
962 2489 992 2537 in
1011 2488 1096 2538 libro:
1120 2490 1177 2539 Der
1196 2488 1383 2555 anigeiundene

264 2560 332 2626 ling.
350 2561 382 2612 Τ.
399 2560 452 2610 111.
470 2577 497 2625 p.
509 2561 542 2610 dt
554 2566 581 2610 et
591 2559 714 2625 inprimis
726 2577 753 2625 p.
769 2561 803 2611 88

264 2646 339 2695 seqq.
352 2638 379 2680 et
390 2631 480 2680 Beier.
494 2631 522 2680 in
533 2631 726 2681 Commentatt.
735 2632 803 2680 Aea-

264 2701 331 2751 dem.
342 2699 501 2764 Petropolit.
509 2701 541 2749 '1·.
550 2699 612 2750 Vll.
620 2716 647 2764 p.
656 2699 707 2752 3411
716 2715 803 2765 seqq,

263 2771 308 2835 qui
323 2786 428 2820 amnem
443 2772 519 2819 Drino
532 2771 571 2833 (p.
586 2769 651 2833 351)
663 2785 746 2834 prope
759 2770 803 2818 lti-

264 2855 325 2900 [μω
351 2839 524 2900 hodiernam,
553 2840 598 2889 cui
622 2840 705 2890 fluvio
729 2839 803 2903 apud

262 2910 396 2960 Mareiau.
407 2908 563 2960 Heracleot.
576 2909 676 2973 Peripl.
685 2909 721 2959 11.
736 2911 760 2972 ξ.
769 2909 804 2959 39

262 2969 498 3042 αοιηααῬούδων,
511 2977 644 3028 Herodoti
655 2978 803 3028 Eridanum

262 3064 322 3098 esse
342 3049 441 3098 statuit
455 3048 690 3113 assentientesque
704 3052 804 3099 nactus

262 3123 303 3168 est
329 3123 437 3166 nostrae
468 3118 571 3165 aetatis
596 3118 670 3167 viros
696 3118 802 3179 doctos,

260 3187 428 3236 Seliaffarik:
440 3185 802 3238 stavischeslterthumerv.

856 2557 990 2609 Eridanus
1021 2558 1087 2609 oder
1116 2575 1187 2612 neue
1220 2557 1382 2611 Auiachliisse

854 2629 921 2679 iiber
937 2629 1093 2694 Ursprnng,
1110 2630 1261 2681 Vaterland
1276 2629 1327 2680 und
1339 2628 1382 2677 (le-

853 2697 975 2748 schichte
989 2698 1036 2747 des
1047 2700 1207 2751 Bernsteins
1218 2702 1300 2765 (Rigs
1312 2695 1380 2758 17911)

854 2768 1038 2832 psgbtseqq.
1048 2768 1165 2834 83seqq.
1181 2765 1381 2821 Adcuiusmaris

853 2837 936 2886 litora
946 2853 1006 2886 enm
1020 2838 1170 2889 Phoenices
1186 2839 1334 2905 pervenisse
1344 2851 1382 2883 ne·

854 2912 900 2971 get
912 2906 1045 2968 Redalob,
1059 2915 1138 2958 entra
1155 2909 1207 2959 hoc
1219 2910 1246 2958 in
1258 2906 1381 2958 Cimbrica

854 2974 1012 3041 peninsula,
1028 2977 1057 3025 in
1073 2976 1177 3028 ducatu
1193 2972 1381 3028 Slesrico-Hol·

853 3047 942 3095 satico
961 3046 1055 3096 electri
1071 3047 1189 3110 patriam
1206 3047 1329 3098 collocari
1338 3044 1381 3092 ibi·

853 3124 905 3179 que
932 3117 1014 3164 etiam
1040 3117 1190 3167 Eridanum
1218 3118 1308 3183 quaeri
1330 3112 1379 3162 vult

852 3185 1379 3251 idemvirdoetus:vid.Thule,diephoe·

261 3256 376 3306 Wnttlre
393 3257 416 3306 Ι.
434 3270 461 3319 p.
481 3255 540 3306 103.
561 3254 620 3318 105,
639 3256 729 3305 Kruse
746 3256 765 3306 l.
785 3256 804 3309 1.

261 3341 325 3390 pag.
341 3325 401 3375 2117.
416 3325 482 3386 316,
500 3324 582 3374 alios:
601 3340 617 3374 a
634 3326 733 3389 quibus
747 3326 803 3376 dis·
856 3324 931 3387 1855)
945 3340 1004 3388 cap.
1016 3325 1053 3384 Il.
1068 3341 1094 3391 p.
1104 3326 1136 3377 13
1148 3342 1206 3392 seq.
1221 3326 1305 3376 etlll.
1319 3319 1377 3387 pii

260 3397 346 3444 sensit
370 3395 424 3444 iarn
446 3394 656 3458 Wesselingius‚
678 3394 725 3459 qui
743 3396 802 3460 ipse
853 3409 910 3458 seq.
930 3394 1064 3459 Equidem
1076 3401 1106 3444 ut
1120 3397 1267 3446 Eridanum
1280 3394 1377 3444 flurium

260 3480 320 3513 cum
340 3461 402 3514 aliis
415 3463 549 3513 Herodoti
559 3465 713 3524 Eridanum,
732 3480 801 3530 quae
852 3462 954 3512 fabulis
964 3467 1106 3528 poetarum
1117 3464 1238 3516 sollertia
1248 3459 1377 3531 postmodo

260 3534 366 3583 Graeca
391 3536 429 3582 sit
452 3549 519 3596 vox,
543 3532 658 3583 relatum
683 3534 741 3586 vult
766 3535 800 3585 ad
851 3534 997 3598 praecipue
1015 3534 1161 3584 celebratis
1181 3533 1376 3586 adscribendum

259 3604 414 3654 Rhodoussa
442 3604 567 3664 fluvium,
599 3603 648 3669 qui
675 3603 802 3655 vistulae
853 3618 912 3653 esse
925 3619 1085 3669 persuasum
1103 3604 1206 3668 habeo,
1224 3607 1262 3655 ita
1280 3603 1324 3669 qui
1339 3614 1377 3648 re·

257 3672 331 3722 haud
342 3673 421 3738 lenge
431 3688 448 3722 a
460 3673 573 3723 Gedano
588 3673 744 3738 misceatur,
755 3675 803 3724 ubi
851 3688 910 3722 rum
928 3674 986 3723 eius
997 3674 1080 3723 situm
1094 3674 1226 3739 indagare
1235 3674 1313 3735 velit,
1324 3683 1376 3718 eum

258 3743 406 3792 etiamnum
418 3742 522 3792 sirceini
532 3758 631 3807 magna
642 3747 733 3808 copia,
746 3759 800 3809 qna
850 3745 896 3792 vix
911 3743 1056 3808 quidquam
1070 3744 1253 3808 profecturum
1271 3756 1325 3793 esse
1336 3751 1376 3803 pu·

257 3813 500 3863 omninoPrussiae
510 3827 558 3862 ora
570 3814 706 3863 maritima
716 3814 800 3864 abun·
849 3817 913 3862 tem.
950 3813 1074 3878 Namque
1096 3814 1227 3864 electrum
1252 3827 1310 3863 eum
1335 3807 1375 3856 ri¹

257 3882 313 3932 det.
322 3883 404 3932 Cuius
411 3883 591 3933 fluviinomen
598 3884 674 3932 varie
681 3898 798 3948 pronun·
849 3882 959 3932 aliunde
971 3884 1026 3933 nisi
1039 3899 1071 3932 ex
1082 3885 1267 3950 orisEuropae
1279 3883 1375 3945 septen·

256 3953 356 4001 tiatum
376 3956 513 4016 peperisse
539 3952 640 4003 statuit
662 3954 796 4003 Graecum
847 3952 972 4002 trionalis
986 3953 1146 4016 maritimis,
1164 3954 1211 4003 ubi
1226 3952 1374 4012 adhucpro·

251 4014 414 4084 Ἠριδανόν.
463 4021 673 4096 Wesselinginm
708 4023 795 4072 secuti
845 4022 936 4084 venit,
959 4021 994 4071 ad
1014 4023 1134 4073 Graecos
1150 4022 1241 4074 afferri
1256 4017 1371 4087 potnerit

256 4090 795 4154 auntLareherusinnott,adh.l.,Ren-
844 4090 1009 4155 Phoenices,
1035 4093 1082 4156 qni
1098 4093 1142 4142 rel
1162 4097 1247 4143 totam
1262 4089 1370 4140 Africam

255 4158 310 4209 nel.
325 4159 341 4208 l.
351 4160 369 4208 1.
380 4175 435 4224 pag
444 4157 504 4218 397,
515 4160 602 4210 italus
610 4160 743 4210 Herodoti
753 4162 793 4210 in·
845 4162 1096 4226 circumnavigasse
1108 4161 1249 4223 dicuntur,
1258 4161 1305 4209 has
1315 4170 1370 4220 quo·

255 4234 368 4292 terpres,
377 4229 433 4278 alii.
456 4229 623 4290 Quibuscum
633 4229 706 4279 conl.
720 4231 742 4280 1.
756 4231 791 4279 H.
844 4245 896 4294 que
907 4230 1037 4280 Prussiae
1056 4231 1180 4296 regiones
1197 4230 1308 4283 navibus
1319 4223 1369 4274 adi-

254 4297 348 4348 Vossii
365 4298 506 4362 disputata
522 4299 564 4348 in:
583 4298 747 4350 Welthunde
765 4300 791 4352 d.
842 4300 896 4350 isse
914 4300 1031 4364 indeque
1043 4300 1173 4351 electrum
1188 4317 1276 4352 secum
1289 4297 1369 4347 abstu-

253 4366 334 4416 Alten
352 4365 552 4432 (Ephemeridd.
574 4370 696 4419 Ienenss.
714 4367 793 4431 1804)
843 4368 922 4429 lissa,
939 4385 956 4419 a
972 4385 1036 4419 vero
1048 4385 1103 4420 nou
1120 4386 1229 4436 prorsus
1245 4365 1368 4419 abhorret

254 4451 281 4502 p.
297 4437 387 4486 XXXI
397 4451 482 4503 seqq,
495 4437 791 4490 A.B.Wilhelm:Ger-
842 4438 920 4489 Goni.
946 4439 1067 4504 Dilthey.
1094 4439 1112 4489 l.
1137 4439 1156 4490 1.
1184 4458 1246 4508 pag.
1268 4439 1307 4488 21.
1329 4431 1365 4481 22·

853 3254 992 3305 nicischen
1010 3255 1213 3322 Handelswege
1229 3263 1280 3307 etc.
1302 3255 1378 3318 (Lips.
