3042 5125
471 393 799 457 MELPOMENE.
819 394 876 455 IV.
899 403 960 458 180.
1218 387 1279 452 623

132 580 306 671 Ἕλληνας.
339 580 407 670 Τὴν
422 582 459 652 di
472 580 655 672 Ἀθηναίην
668 585 750 672 φασὶ
763 585 995 662 Ποσειδέωνος
1009 581 1095 652 εἶναι
1107 586 1280 671 θυγατέρα

141 689 269 774 καὶτῆς
288 690 490 775 Τριτωνίδος
510 694 643 776 λίμνης·
675 696 734 756 καί
751 714 810 775 μιν
827 684 1043 777 μεμφθεῖσάν
1061 714 1093 755 τι
1113 690 1161 778 τῷ
1180 688 1281 773 πατρὶ

141 793 263 857 δοῦναι
282 788 411 877 ἑωυτὴν
433 794 481 881 τῷ
502 798 580 878 Διῒ,
610 787 669 858 τὸν
699 790 736 859 dt
757 797 826 859 Δία
851 793 978 861 ἑωυτοῦ
996 818 1055 879 μιν
1075 787 1280 878 ποιήσασθαι

139 895 323 981 θυγατέρα.
357 892 546 981 ταῦταμὲν
570 895 713 981 λέγουσι.
753 897 862 977 Mitte
882 894 920 964 dt
940 896 1111 964 ἐπίκοινον
1130 896 1198 961 τοῖν
1218 921 1278 980 γυ-

177 1047 241 1122 Τὴν
258 1050 289 1105 dl
302 1048 456 1122 Ἀθηναίην
474 1053 546 1120 φασί
564 1071 590 1105 κ.
612 1071 636 1107 s.
649 1053 684 1120 t]
737 1060 914 1110 Monuments
927 1084 961 1095 —
972 1057 1068 1110 Vases.
1089 1059 1137 1110 Νι,
1154 1059 1178 1108 Ι.
1193 1055 1235 1108 Pl.
1254 1057 1279 1109 l.

137 1127 243 1191 Attigit
257 1126 415 1178 Herodotus
434 1126 563 1177 Eustuth.
583 1124 618 1175 ad
629 1126 688 1175 Ho-
737 1131 763 1179 2.
785 1127 810 1178 3.
829 1145 855 1193 p.
875 1128 902 1191 3,
923 1126 1085 1193 InghiremI:
1112 1126 1281 1176 Monumenti

138 1196 454 1260 mer.1n.p.1216,47
473 1212 496 1247 s.
515 1195 596 1258 1296,
609 1194 643 1245 38
659 1198 687 1245 et
737 1197 867 1249 Etrusehi
886 1197 921 1248 ad
939 1197 996 1247 tub.
1012 1197 1133 1247 XXXIII
1156 1197 1197 1246 de’
1215 1195 1283 1247 Vaei

138 1266 421 1332 adDionys.PerIeg.
435 1263 556 1316 2670011.
567 1266 685 1316 Pausan.
737 1267 812 1318 fittili
831 1282 894 1333 pag.
915 1265 976 1319 348.
1008 1266 1141 1332 Equidem
1160 1265 1226 1330 quid
1248 1263 1282 1316 de

139 1337 163 1399 l,
178 1336 221 1385 14.
237 1338 263 1397 g.
276 1337 302 1387 5.
328 1336 400 1385 Hine
412 1337 473 1400 ipsa
482 1336 615 1397 Minerva,
629 1331 687 1383 filia
739 1336 859 1388 Minerua
872 1336 924 1387 hae
938 1337 1067 1399 sentinus,
1081 1350 1164 1402 supra
1178 1333 1282 1384 indies-

137 1404 278 1469 nymphae
295 1403 373 1456 lueus
385 1403 537 1455 Tritonidis
549 1404 604 1468 (ita
616 1403 687 1454 enirn
737 1407 779 1456 ri:
798 1406 833 1457 ad
845 1407 984 1471 Neptunum
1002 1405 1076 1470 quod
1088 1406 1203 1467 attinet,
1220 1418 1282 1453 euru

138 1475 267 1539 intelligo
279 1489 373 1526 voees:
388 1469 437 1523 καί
451 1471 502 1538 τῆς
513 1470 687 1538 Τριτωνίδος
738 1491 790 1541 quo
801 1478 841 1527 sie
852 1475 1026 1540 coniungitur
1034 1476 1168 1537 Minerva,
1180 1479 1213 1523 nt
1224 1474 1283 1523 eius

139 1543 267 1608 λίμνης),
293 1543 369 1595 diota
393 1542 474 1608 vulgo
496 1537 686 1607 Τριτογένεια,
737 1546 795 1595 filia
818 1545 1008 1609 perhibeatur,
1039 1544 1095 1594 noli
1121 1544 1150 1593 id
1175 1543 1282 1604 miiari3
1352 1589 1356 1598 ,

139 1614 221 1664 euius
240 1615 409 1678 cognominis
427 1627 497 1678 quae
513 1613 609 1662 variae
622 1610 687 1662 uffe—
737 1630 855 1680 namque
871 1615 1029 1679 Neptunus,
1047 1615 1093 1679 qui
1109 1617 1180 1664 teste
1197 1613 1283 1662 Hero-

138 1688 239 1733 rnntnr
257 1684 392 1745 rationes,
415 1682 574 1732 indicabunt
590 1683 687 1744 Heyne
739 1684 804 1734 doto
816 1684 860 1745 II,
880 1683 915 1733 bO
929 1699 993 1734 vere
1005 1683 1125 1746 Libycus
1143 1681 1211 1733 dens
1230 1687 1283 1744 est,

139 1753 178 1802 ad
190 1751 350 1816 Apollodor.
367 1752 427 1814 III,
446 1753 492 1813 12,
506 1752 531 1803 3.
550 1766 614 1816 pag.
626 1751 688 1811 297,
737 1768 826 1818 nsque
842 1753 905 1802 inde
923 1768 956 1802 ex
968 1752 1110 1818 Aegypto,
1128 1756 1160 1802 ut
1171 1750 1282 1816 quidum

140 1824 240 1874 Tzetn.
260 1823 296 1871 ad
315 1820 451 1887 Lycopbr.
470 1822 530 1872 519.
550 1836 613 1885 pag.
635 1818 687 1872 666
737 1823 833 1874 volunt
858 1820 911 1885 (of.
936 1822 1038 1872 Roath:
1065 1821 1228 1872 Gesehiehte
1255 1819 1281 1869 d.

141 1906 217 1955 seq,
236 1891 362 1942 Oreuzer.
381 1889 486 1941 Ilelett.
508 1891 531 1940 1.
555 1905 620 1955 pag.
643 1887 688 1949 23,
738 1889 901 1943 ubendlitnd.
924 1890 1082 1956 Philosoph.
1107 1891 1130 1942 I.
1156 1893 1226 1940 nott.
1255 1904 1282 1954 p.

141 1963 190 2026 qui
216 1959 288 2010 idern
307 1959 427 2025 Symbol.
449 1960 502 2010 III.
528 1975 554 2023 p.
575 1959 626 2010 317
644 1956 687 2010 ed.
738 1960 818 2025 202),
836 1960 1013 2025 repetendus,
1033 1975 1087 2010 non
1104 1959 1175 2009 allus
1187 1960 1283 2024 utique

140 2033 206 2081 tert.
227 2029 261 2081 de
278 2029 357 2079 huius
375 2028 486 2080 fabulae
503 2044 584 2080 seusu
596 2042 689 2078 reeon·
740 2031 807 2081 deus
820 2044 880 2080 esse
892 2028 1002 2078 videtur
1014 2034 1097 2094 atque
1107 2029 1226 2080 Punicus
1238 2027 1283 2078 ills

141 2098 239 2149 ditiori
252 2099 416 2163 disputavit,
436 2100 465 2148 in
484 2113 562 2163 quern
575 2098 689 2148 eandem
738 2102 823 2159 Baat,
850 2114 930 2163 quern
956 2095 1106 2149 Phoenices
1140 2096 1283 2162 Carthagi·

33 2186 34 2191 ¹
141 2169 302 2233 disquisivit
317 2168 457 2219 Voeloker.
471 2168 490 2218 l.
506 2167 522 2216 l.
539 2168 599 2217 coll.
616 2165 690 2216 Wel·
739 2170 901 2232 niensesque
940 2170 1103 2235 nuvIgantes
1140 2168 1284 2219 coluerunt

142 2240 220 2289 eker.
236 2237 338 2303 Trilog.
352 2238 377 2288 d.
391 2236 517 2300 nesehyI.
532 2253 558 2302 p.
570 2235 621 2286 282
632 2250 688 2300 seq.
739 2238 878 2304 murisque
912 2237 991 2288 deum
1023 2253 1130 2304 qnoque
1158 2236 1284 2288 venerati

142 2309 223 2370 Quae
235 2308 306 2358 enim
321 2308 372 2357 hoe
384 2308 443 2357 loeo
461 2312 538 2370 patre
551 2307 689 2371 Neptuno,
741 2313 819 2358 aunt:
840 2306 874 2357 de
887 2321 938 2372 quo
957 2307 1012 2360 vid.
1027 2309 1136 2358 Movere
1153 2307 1171 2359 l.
1187 2307 1205 2358 l.
1220 2321 1283 2373 pag.

142 2383 232 2428 matre
252 2376 395 2427 Tritonide
416 2375 536 2441 nymphe
561 2380 627 2425 natu
648 2373 690 2423 Io·
739 2378 792 2428 468
811 2391 886 2441 seqq.
911 2377 990 2427 Hune
1008 2377 1091 2442 igitur
1108 2378 1191 2428 muris
1205 2378 1285 2427 deum

142 2463 206 2498 vem
227 2446 329 2497 adiisse
346 2446 424 2496 stab
444 2443 691 2510 eoadoptatuler·
741 2448 802 2498 sive
813 2447 945 2496 Punicum
962 2448 1021 2498 sive
1039 2447 1173 2511 Libycum
1187 2446 1285 2498 Graeci

144 2516 336 2576 terlitium,
357 2515 415 2566 eius
436 2518 542 2580 patrem
558 2514 608 2564 ulii
623 2527 691 2562 nun·
740 2517 897 2581 Neptunum
913 2522 1104 2581 nuncuparunt
1116 2517 1284 2582 eundemque

144 2590 250 2651 eupant
265 2588 409 2646 Peliaden,
430 2587 517 2650 ipsius
533 2582 690 2649 virginitati
740 2601 802 2636 eum
814 2586 948 2648 Miuerva,
961 2601 1033 2651 quse
1043 2587 1116 2637 lovis
1128 2589 1219 2652 eapite
1228 2585 1286 2637 vul·

144 2656 324 2706 insidiantem
341 2654 456 2720 ideoque
471 2655 505 2703 ab
520 2655 581 2718 ipsu
592 2654 691 2703 Miner·
740 2671 775 2720 ρο
785 2660 846 2705 orts
855 2654 1008 2717 dicebatur,
1024 2657 1064 2706 ite
1076 2659 1284 2716 coniunxerunt,

33 2797 35 2800 Ι
142 2741 181 2778 us
213 2724 396 2776 interiectum.
435 2726 519 2786 Quem
549 2721 689 2773 Palladem
740 2730 773 2774 ut
788 2725 938 2775 Minervam
953 2726 1080 2790 Neptuno
1101 2731 1203 2790 ortam,
1227 2724 1284 2785 sed,

144 2795 221 2845 haud
233 2795 316 2844 alium
328 2798 480 2858 essentque
490 2794 577 2857 ipsum
588 2795 691 2856 Neptu·
741 2810 801 2844 eum
824 2794 857 2844 de
878 2799 958 2859 patre
985 2800 1154 2860 quereretur,
1178 2811 1195 2843 a
1219 2794 1285 2843 Iove

144 2879 210 2914 num
223 2865 328 2914 monuit
342 2864 473 2923 Creuzer3
492 2878 510 2911 a
523 2877 576 2928 quo
587 2862 691 2926 Neptu·
740 2865 903 2928 adoptatum
921 2864 1052 2916 dicerent,
1074 2865 1184 2915 Etenim
1200 2865 1286 2914 Hero·

145 2949 182 2984 ne
194 2951 229 2985 ex
239 2933 382 2984 Tritonide
396 2934 547 2983 Minervam
562 2931 633 2996 quod
645 2945 692 2995 ge·
742 2933 800 2983 doti
814 2933 914 2985 verbu:
932 2932 984 2982 καί
998 2949 1047 2999 μιν
1064 2924 1246 2998 μεμφθεῖσάν
1258 2946 1285 2980 τι

144 3005 234 3054 uitam
250 3004 353 3066 dieunt,
369 3002 420 3052 hoe
433 3002 525 3067 prisca
535 3000 583 3050 illa
598 3017 631 3051 ex
645 2999 692 3049 do·
743 3000 781 3070 τῷ
795 2999 881 3066 πατρί
901 2999 932 3065 (i.
947 3019 971 3054 e.
991 3021 1044 3053 eum
1058 3005 1162 3055 baberet
1181 3001 1285 3069 αίὶηαίιί,

145 3074 236 3124 ctrina
263 3072 452 3137 repetendum,
487 3086 541 3137 qua
564 3070 692 3121 Oeeanus
742 3073 811 3139 quod
822 3072 855 3121 de
862 3079 938 3136 patre
947 3084 1158 3138 conquerentem
1169 3073 1205 3124 ef.
1213 3075 1285 3122 nott.

146 3159 181 3193 ae
195 3142 300 3206 Tethys
314 3143 344 3209 (i.
359 3158 382 3192 e.
395 3158 461 3207 aqua
473 3148 499 3191 et
511 3140 593 3205 turo)
606 3140 691 3190 omni·
742 3141 777 3192 ad
787 3140 839 3204 lll,
852 3142 877 3206 l)
889 3156 921 3190 eo
931 3143 1202 3207 spectarevidentur‚
1214 3140 1285 3207 quod

146 3228 192 3262 nm
205 3228 295 3263 rerum
307 3213 432 3263 ferantur
441 3214 578 3275 parentes.
592 3211 692 3260 Miner·
741 3215 821 3277 pater
834 3209 908 3261 filiae
923 3214 1108 3278 virginitatem
1122 3212 1227 3263 violare
1242 3225 1286 3261 ee-

145 3298 182 3332 vs
202 3287 308 3344 autem,
336 3296 407 3347 quse
426 3286 468 3331 est
485 3281 573 3344 ipsius
593 3284 692 3330 natura
742 3285 824 3331 natus
843 3281 960 3346 indeque
980 3299 997 3333 a
1012 3281 1069 3332 filia
1084 3285 1146 3347 ipse
1160 3282 1286 3332 interem-

146 3352 182 3401 ad
194 3352 287 3402 lunam
302 3351 444 3415 lueemque
459 3350 582 3400 lunarem
600 3348 691 3414 prexi-
743 3354 806 3416 ptus
820 3349 976 3401 dicebatur:
989 3352 1045 3403 vid.
1061 3352 1157 3402 Cicero
1174 3352 1216 3402 De
1227 3355 1285 3400 nat.

147 3436 190 3472 me
204 3425 346 3487 spectans,
366 3436 426 3471 eum
445 3418 577 3485 nequead
592 3424 692 3468 terram
729 3419 818 3469 deor.
837 3420 895 3483 lll,
909 3422 958 3484 23,
971 3420 1018 3470 ubi
1030 3420 1149 3487 reliquos
1163 3427 1285 3471 ueterum

146 3506 235 3557 neque
247 3491 283 3541 ed
293 3505 392 3557 aquarn
403 3493 547 3555 pertIneut,
561 3489 596 3538 ad
607 3488 692 3550 Iovis,
743 3488 776 3539 de
791 3488 843 3539 hae
861 3504 890 3538 re
908 3488 984 3541 locos
999 3490 1132 3540 indicavit
1143 3489 1285 3548 Creusam

147 3564 166 3613 i.
177 3576 200 3612 e.
215 3560 287 3611 Solis
298 3562 407 3625 igneam
422 3561 475 3609 rim
486 3574 520 3609 ao
530 3558 650 3609 lucidam
663 3572 693 3607 se
743 3556 806 3608 add.
823 3559 932 3608 Morere
945 3559 964 3610 l.
977 3559 995 3611 l.
1010 3560 1078 3610 bene
1092 3573 1221 3619 monens,
1235 3556 1287 3606 boo

147 3630 257 3681 confert
274 3635 302 3679 et
320 3632 348 3678 in
372 3645 405 3679 ea
421 3629 461 3678 ita
478 3629 644 3693 aoquieaeit,
660 3632 692 3676 ut
742 3626 823 3676 modo
835 3628 904 3677 scite
918 3627 978 3678 tolli
993 3644 1053 3679 eam
1066 3627 1286 3692 discrepantiam,

147 3701 203 3750 iam
213 3696 692 3761 eoelestialumina,etSoletLuna,
743 3695 816 3762 quod
839 3696 964 3748 Minerva
989 3697 1037 3747 illa
1062 3695 1141 3745 modo
1166 3694 1288 3759 Neptuni

148 3771 297 3820 eeniunota
310 3766 521 3834 quodammodo,
537 3773 567 3815 ut
579 3781 628 3831 par
640 3769 692 3827 est,
743 3764 909 3815 moduleris
927 3765 985 3815 filia
1001 3765 1203 3830 perhibebatur.
1232 3763 1288 3813 Ali·

147 3840 331 3903 reperiantur.
357 3838 471 3901 Speetat
490 3836 575 3900 igitur
588 3833 692 3897 fabula,
743 3841 786 3885 ter
810 3834 843 3885 de
861 3833 903 3885 his
920 3836 1018 3886 statuit
1038 3832 1167 3885 Mueller:
1192 3832 1288 3884 Kleine

147 3907 358 3960 reconditiorern
372 3908 431 3957 eius
444 3920 555 3957 sensum
566 3905 589 3954 si
605 3908 693 3955 seete·
743 3902 882 3954 Dentsehe
892 3903 1005 3971 Schrift.
1017 3904 1054 3955 11.
1069 3920 1096 3967 p.
1106 3904 1155 3954 187
1166 3918 1223 3968 seq.
1236 3901 1288 3953 226

148 3979 202 4040 ris,
236 3978 270 4027 ad
297 3977 448 4027 doctrinam
476 3976 693 4037 cosmogonioam
744 3989 802 4038 seq.
830 3972 887 4022 alla
917 3975 1023 4026 ratione
1049 3974 1201 4025 Minervam
1226 3987 1288 4023 eum

148 4047 274 4111 adeoque
286 4045 503 4111 philosophicum
515 4042 627 4104 deSole,
640 4044 694 4092 Ln·
742 4045 871 4106 Neptuno
890 4058 907 4092 a
924 4045 1063 4095 veteribus
1079 4043 1131 4094 bae
1146 4044 1175 4093 in
1193 4041 1289 4094 tabula

148 4133 186 4166 na
196 4116 335 4180 astrisque
346 4130 483 4180 uunquam
493 4111 693 4164 intereuntibus
743 4112 818 4176 iungi
828 4115 913 4163 ratus.

149 4202 200 4236 nee
210 4187 348 4235 suamvim
357 4184 532 4249 perdentibus
541 4180 695 4248 igneamlu·
777 4177 827 4231 τὸν
852 4174 883 4230 dl
903 4180 960 4231 Δία
980 4170 1084 4231 ἑαυτοῦ
1104 4197 1153 4246 μιν
1170 4172 1287 4249 ποιήσα-

149 4255 304 4319 eidemque,
319 4269 398 4319 quam
409 4253 544 4305 illibatam
556 4260 640 4318 atque
654 4252 695 4301 in·
744 4250 815 4301 σθαι
826 4248 980 4333 θνηατέρα]
994 4252 1288 4317 ‚promunturium

148 4330 253 4390 tegram
269 4325 374 4375 servari
393 4325 510 4374 maxime
530 4327 572 4373 est
595 4335 693 4372 conve·
740 4313 878 4371 υίόντινα
890 4317 1068 4386 ποιήσασθαι
1078 4321 1206 4387 frequens
1216 4322 1288 4385 apud

147 4396 237 4446 nlens.
259 4395 335 4444 Haee
349 4390 692 4459 Cr.,quiposteuudseri·
744 4396 881 4453 oratores3
917 4386 1060 4455 θυγατέρα
1099 4382 1286 4455 ποιήσασθαι,

148 4464 221 4530 psit:
252 4462 395 4529 Millingen
420 4464 538 4515 Antient
565 4459 693 4512 unsdited
744 4462 790 4526 qui
802 4466 912 4527 praeter
921 4461 1092 4513 Herodotum
1109 4460 1223 4523 dixerit,
1242 4474 1287 4509 ne-
