3042 5125
267 429 333 494 450
704 424 977 490 HERODOTI

269 618 412 709 τρόπον,
433 618 521 689 εἶναι
539 615 643 688 αὐτὸν
659 614 883 708 Ἰδανθύρσου
904 620 965 687 τοῦ
984 615 1152 686 Σκυθίαν
1171 615 1309 703 βασιλέος
1326 610 1377 680 πά·
1452 596 1464 687 δ

199 777 201 781 ,
270 750 376 814 τρων,
399 727 504 792 παῖδα
528 723 565 791 δὲ
587 722 673 792 εἶναι
695 720 866 812 Γνούρου,
887 726 947 790 τοῦ
960 718 1094 806 Λύκου,
1117 723 1176 787 τοῦ
1189 723 1377 805 Σααρηαπεί-
1462 780 1463 791 2

271 839 359 906 θεος.
393 830 425 895 εί
444 817 492 895 niv
512 824 634 914 ταύτης
654 816 697 913 ἦν
714 831 771 914 τῆς
785 820 922 912 οίκίηςὸ
942 821 1154 912 Ἀνάχαρσις,
1175 832 1250 891 tcto
1262 817 1322 890 ὑπὸ
1334 823 1382 887 τοῦ
1447 844 1462 916 η

271 928 440 1017 ἀδελφεοῦ
454 926 653 1000 ἀποθανών·
686 927 905 1017 Ἰδάνθυρσος
918 925 982 1018 γάρ
992 917 1035 1015 ἦν
1049 942 1126 1006 παῖς
1135 933 1296 1011 Σαυλίου,
1308 921 1382 991 Σαί-

227 1044 344 1113 77λιος
358 1034 396 1102 δὲ
415 1023 459 1122 ἦν
478 1029 709 1113 ὁάποιιτείνας
727 1030 934 1122 Ἀνάχαρσιν.
975 1037 1095 1114 Καίτοι
1107 1027 1183 1099 τινὰ
1201 1026 1262 1117 ἤδη
1280 1025 1384 1115 ἤκουσα

274 1137 375 1235 λόγον
388 1132 491 1206 ἄλλον
504 1133 570 1207 ὑπὸ
584 1145 868 1227 Πελοποννησίων
881 1132 1078 1226 λεγόμενον,
1103 1129 1147 1214 ὡς
1161 1128 1225 1202 ὑπὸ
1243 1136 1299 1201 τοῦ
1310 1139 1384 1198 Σαυ-

273 1244 367 1310 θίων
379 1243 533 1328 βασιλέος
550 1239 743 1329 Ἀνάχαρσις
758 1238 993 1330 ἀποπεμφθεὶς
1016 1242 1073 1326 τῆς
1089 1232 1243 1315 Ἑλλάδος
1261 1231 1386 1326 μαθητὴς

274 1347 420 1431 γένοιτο,
442 1339 548 1414 ὀπίσω
568 1372 605 1415 τε
624 1342 854 1435 ἀπονοστήσας
877 1350 960 1432 φαίη
979 1340 1062 1430 πρὸς
1082 1337 1143 1410 τὸν
1159 1337 1386 1429 &mimmii

263 1444 427 1535 Ἕλληνας
440 1445 567 1528 πάντας
582 1445 743 1537 ἀσχόλους
766 1449 852 1520 εἶναι
873 1451 906 1528 ἐς
919 1451 1031 1516 πᾶσαν
1043 1450 1185 1534 σοφίην,
1205 1441 1290 1533 πλὴν
1302 1449 1387 1511 Aac·

275 1662 332 1698 nou
344 1656 464 1710 εαεονιαο,
481 1649 530 1701 sed
541 1651 646 1702 villicum
662 1648 748 1702 luisse
760 1649 820 1700 vult
869 1662 933 1712 pag.
948 1646 1091 1712 daccipitr
1110 1636 1321 1697 Anacharsidem
1335 1657 1391 1693 are

275 1732 360 1782 eoque
381 1717 465 1767 refert
487 1721 543 1768 vim
557 1719 635 1771 vocis
655 1709 819 1784 ἐπιτρόπου,
871 1731 905 1781 ge
925 1717 955 1767 iu
966 1716 1109 1768 Graeciam
1127 1717 1244 1767 missum
1259 1730 1315 1765 esse
1329 1712 1392 1777 quasi

276 1786 410 1853 probante
434 1786 503 1839 adeo
524 1788 738 1840 Braudstaetaro
755 1788 822 1853 Scy·
870 1789 1069 1850 spendetorem,
1091 1787 1132 1836 ita
1145 1784 1391 1838 meliusvertiratus

275 1856 357 1907 thicc.
369 1871 395 1921 p.
411 1854 470 1917 104,
485 1858 617 1910 accedere
633 1872 747 1980 nequeo,
758 1873 821 1909 cum
871 1855 910 1919 (p.
927 1853 1004 1918 103),
1023 1870 1106 1921 quarn
1125 1856 1150 1906 si
1161 1846 1295 1920 μαθητὴν
1307 1850 1392 1903 intelle

275 1925 341 1976 talis
358 1924 525 1991 significatio
548 1944 565 1977 a
582 1944 650 1979 voce
680 1919 821 1992 πιτρόαου
871 1925 1194 1990 rerisdircipulwn,oum
1207 1920 1394 1975 minimevidee

276 1995 327 2046 hoc
349 1995 410 2046 loco
435 1995 578 2048 abhorrere
602 1998 670 2049 mihi
685 1998 820 2048 videatur.
870 1998 915 2043 tur
929 1992 1080 2058 probabile,
1091 2008 1109 2043 a
1120 1993 1284 2059 Scytharum
1294 2007 1349 2058 rege
1358 2004 1393 2055 pt·

276 2065 418 2131 Lycurgus
442 2056 645 2131 ίαιτροπεάσας
666 2059 819 2134 Λεωβώτεω
870 2064 984 2113 triorum
1021 2064 1211 2113 institutorum
1244 2064 1395 2113 tenaciseiuo

277 2135 379 2185 dicitur
388 2135 411 2197 1,
425 2134 468 2187 65.
498 2137 610 2188 Rectius
626 2136 660 2187 de
668 2137 712 2189 his
723 2137 824 2189 statuit
871 2132 984 2183 fratrem
997 2133 1027 2183 iu
1041 2132 1189 2184 Graeciam
1204 2136 1313 2198 propter
1321 2131 1394 2180 litere

275 2204 768 2274 HanseurOstenrop.p.123seq.-
780 2208 822 2257 De
872 2217 932 2253 rum
944 2203 1037 2254 studia
1050 2203 1163 2253 missum
1176 2216 1246 2253 esse.
1272 2199 1323 2252 Sed
1333 2199 1362 2250 ob
1371 2197 1394 2247 li·

276 2274 331 2353 lpci
351 2278 490 2326 structura
507 2276 536 2324 in
558 2277 649 2327 verbis
670 2270 707 2335 ὡς
724 2268 754 2325 δ’
771 2266 823 2339 ἐγὼ
872 2279 992 2324 terarum
1003 2272 1096 2323 studia
1110 2274 1140 2322 iu
1150 2272 1294 2324 Graeciam
1305 2271 1396 2320 missurn

277 2354 386 2408 ηκουσα
397 2358 422 2392 α.
432 2359 455 2394 τ.
466 2345 499 2408 λ,
514 2360 595 2410 qnam
606 2347 703 2412 attigit
715 2346 748 2398 G.
756 2347 824 2396 Her·
873 2347 934 2395 eise
955 2341 1187 2405 Anacharsidem,
1219 2342 1326 2391 minime
1345 2338 1397 2387 dicit

277 2426 368 2463 mann.
381 2410 416 2460 ad
426 2413 517 2479 Vigor.
530 2429 594 2480 pag.
607 2415 670 2480 750,
684 2415 740 2466 vid.
752 2421 822 2465 nott.
872 2412 1046 2476 Herodotus,
1072 2411 1120 2464 sad
1145 2412 1175 2462 id
1202 2416 1320 2463 tantum:
1342 2409 1398 2459 eu-

277 2480 313 2531 ad
330 2480 463 2534 Herodot.
479 2482 533 2545 IV,
551 2485 576 2534 h.
602 2483 644 2534 Ad
661 2499 757 2536 vocem
769 2475 823 2535 τιά-
873 2481 1043 2544 charsidern,
1062 2498 1125 2533 cum
1145 2496 1162 2532 a
1182 2481 1270 2532 fratre
1287 2482 1353 2531 esset
1369 2477 1400 2526 di·
1462 2480 1465 2489 '

277 2549 441 2673 :ltili
457 2553 824 2676 t‘fllreiilrlrtt
872 2551 1103 2690 lilith?
1116 2549 1399 2685 trecitini*

370 2657 378 2682 ‚
432 2660 438 2672 ‚
585 2660 592 2673 ἡ
1394 2645 1402 2654 .

279 2697 354 2743 totns
366 2690 444 2744 locus
459 2660 529 2745 satis
546 2693 686 2746 declarare
705 2695 822 2759 videtur,
874 2693 931 2742 tiae
942 2693 1081 2744 exstitisse
1098 2691 1268 2758 discipulum
1288 2708 1310 2743 s.
1326 2688 1400 2754 μυθη-

276 2761 447 2813 Herodotum
463 2778 519 2814 nou
532 2768 639 2814 tantum
654 2765 743 2829 ipsam
757 2765 823 2829 Scy·
874 2755 940 2827 τὴν,
960 2778 1014 2828 qna
1028 2778 1097 2813 voce
1110 2777 1175 2813 num
1191 2765 1334 2828 speculator
1348 2756 1402 2808 desi·

276 2831 385 2882 thurum
395 2837 496 2883 terram
507 2833 626 2899 adiisse,
637 2834 685 2887 sed
696 2840 825 2887 accurate
874 2832 953 2897 gnari
970 2833 1106 2898 potnerit,
1127 2831 1210 2883 valde
1231 2830 1350 2898 equidem
1366 2826 1402 2876 dc·

278 2900 386 2967 singula
405 2903 488 2953 etiam
511 2905 652 2969 exquirere
671 2905 823 2957 studuisse:
873 2901 943 2952 bilo.
967 2902 1009 2953 Ad
1022 2893 1112 2952 ὀπίσω
1128 2916 1157 2952 τε
1170 2891 1362 2966 ἀπονοστήσας
1371 2894 1397 2946 σί.

278 2971 324 3036 qui
343 2986 406 3021 num
425 2972 452 3021 in
465 2973 605 3024 interioris
617 2974 761 3040 Scythicae
774 2979 826 3025 ter·
874 2975 944 3022 nott.
957 2971 995 3022 ad
1006 2972 1063 3036 111,
1076 2971 1118 3023 16.

278 3054 325 3091 rae
342 3045 448 3092 tractus
461 3042 600 3107 proiectus
622 3044 659 3095 sit
674 3045 766 3111 ibique
778 3046 826 3095 Ti·
909 3031 1018 3099 πάντας
1037 3031 1174 3106 άσιόλθυς
1194 3031 1269 3091 εἶναι
1293 3056 1318 3090 ¹¹·
1337 3054 1357 3087 1·
1374 3032 1401 3099 t]

278 3124 368 3158 mnam
390 3112 565 3175 convenerit,
594 3113 706 3164 dubium
729 3116 826 3181 utique
874 3111 1018 3162 Sententia
1037 3116 1093 3163 est:
1117 3129 1204 3164 ornnes
1221 3112 1333 3163 θταεεοε
1352 3107 1402 3160 enti

278 3177 400 3228 videtur:
411 3176 510 3232 Olbiae
521 3180 564 3233 vel
575 3182 603 3231 in
615 3182 671 3235 alio
681 3199 734 3249 qno
742 3186 826 3237 Grae·
874 3185 1017 3246 sapientiae
1027 3184 1143 3242 stude-e,
1160 3185 1280 3246 exceptis
1292 3179 1403 3232 δανείου

215 3271 220 3280 ·
279 3261 371 3328 corum
398 3250 499 3314 oppido
533 3257 667 3316 portuque
700 3255 825 3305 Timnam
873 3254 975 3311 moniis,
997 3255 1040 3318 συὶ
1055 3254 1106 3303 ⁸011
1123 3252 1299 3311 &dabereth
1320 3258 1403 3313 espre-

278 3330 375 3380 opinor
389 3319 517 3370 couvenit
529 3323 612 3386 atque
622 3337 682 3372 eum
697 3339 729 3375 eo
741 3324 824 3376 collo·
873 3323 963 3373 denter
975 3337 1112 3373 sunnonem
1125 3323 1220 3372 δαιτί
1230 3324 1403 3385 reciperentque

279 3388 359 3435 cutus
372 3389 423 3438 est.
875 3407 912 3454 s.,
934 3395 964 3440 ut
983 3389 1136 3456 Schweigh.
1156 3391 1293 3454 reddidit,
1314 3398 1340 3440 αι
1352 3403 1403 3453 pni-

313 3450 378 3503 ἴστω
398 3481 431 3492 -
448 3449 621 3523 ἀποθανών]
636 3459 654 3513 i.
675 3475 698 3512 e.
717 3464 783 3514 neiat
796 3481 824 3515 ce
873 3462 937 3512 dena
949 3464 1076 3513 comiliwn
1089 3460 1190 3512 erdere
1202 3458 1403 3524 persentiente·

278 3540 295 3573 ο
304 3525 392 3587 fratre
403 3526 559 3589 interfectura
576 3545 639 3581 erse.
670 3531 823 3585 Herodote·
868 3547 942 3595 pere.
964 3530 1006 3580 Ad
1021 3532 1175 3593 Laconum,
1189 3531 1298 3596 opinor,
1312 3527 1404 3595 spectet

279 3610 322 3643 am
344 3594 453 3647 dicendi
472 3595 615 3648 formulam
632 3601 756 3652 imitatus
782 3609 824 3654 est
873 3615 988 3664 morem,
1016 3602 1062 3666 qni
1080 3600 1177 3665 paucis
1191 3602 1301 3664 verbis,
1321 3598 1363 3650 ced
1377 3595 1403 3644 iit

278 3664 397 3716 Pansan.
410 3666 433 3728 l,
447 3666 473 3717 6.
483 3669 508 3729 fl.
519 3665 550 3730 8,
565 3667 613 3718 nbi
625 3669 682 3721 vid.
696 3671 824 3736 Siebelis,
874 3670 989 3721 maxime
1003 3669 1133 3734 definitis,
1143 3670 1312 3737 respondere
1323 3666 1405 3718 anici-

278 3749 332 3798 qno
341 3741 467 3787 monente
478 3738 571 3801 potins
586 3740 758 3792 vertendum:
776 3746 824 3794 νει·-
874 3754 927 3804 que
947 3754 1027 3792 sensa
1046 3741 1152 3806 aperire
1172 3740 1284 3793 soleant
1305 3736 1404 3805 pruden-

278 3821 326 3868 que
337 3805 451 3867 asratre
463 3807 611 3870 interfectus
622 3819 668 3861 est.
685 3838 718 3848 -
731 3813 823 3863 More
873 3815 970 3875 terque
981 3810 1009 3860 in
1019 3809 1144 3861 omuibus
1156 3809 1240 3862 rebus
1253 3814 1346 3875 agant,
1357 3806 1405 3856 lite

278 3873 409 3924 Gronovii
421 3876 610 3928 emendatione
623 3877 700 3931 libris
712 3883 822 3947 optimis
873 3894 964 3931 rarum
973 3878 1072 3932 studiis
1086 3880 1213 3946 quamvis
1236 3896 1293 3931 non
1309 3873 1405 3931 exculti

278 3943 393 4024 probata
407 3945 507 4010 scripsi
522 3940 664 4010 άδελφεοδ
676 3966 725 4016 pro
740 3944 820 4001 α’δελ-
873 3948 905 3998 ld
924 3949 1009 4015 igitur
1024 3965 1086 4000 cum
1106 3950 1172 4002 solis
1193 3944 1406 4002 Lacedaemoniis

278 4008 389 4073 φιδεον.
428 4015 497 4066 Nam
521 4031 603 4067 menn
624 4018 718 4071 fratris
741 4023 822 4086 periit
872 4017 1004 4070 tribueret
1015 4018 1183 4071 Anacharsis
1195 4035 1300 4086 eosque
1312 4019 1360 4069 hac
1370 4028 1405 4064 re·
1466 4049 1467 4084 ι

276 4079 457 4148 Anacharsis,
473 4089 588 4149 patruus
601 4088 770 4156 Idanthyrsi.
871 4088 947 4139 tione
956 4084 1405 4156 caeterisGraecispraafermthos
1466 4113 1467 4116 =

873 4163 966 4209 tamen
981 4160 1057 4226 ipsos
1074 4161 1148 4211 omni
1163 4160 1252 4212 omnis
1265 4157 1406 4226 sapientiae

442 4253 509 4306 οη,
528 4256 666 4309 mvn
872 4228 966 4280 studio
979 4245 1073 4282 cerere
1086 4229 1174 4282 noluit
1183 4230 1269 4352 idque
1285 4223 1405 4294 expressit

253 4331 258 4342 ·
337 4344 343 4362 ,
507 4347 514 4365 ,
871 4290 1211 4364 νεεοίεεάσχόλονςείναι
1237 4297 1405 4359 eudemo·

312 4352 394 4417 ²⁰t⁰²¹
405 4382 438 4436 ,-
451 4356 611 4440 tayocquv]
625 4360 704 4440 θοαί.
714 4362 763 4429 IV,
778 4365 819 4417 12.
871 4366 957 4433 φίην,
977 4386 1047 4435 qnae
1064 4369 1149 4422 verba
1162 4370 1192 4424 G.
1208 4371 1242 4420 0.
1259 4367 1368 4420 Mueller
1382 4364 1405 4412 in

276 4421 381 4507 Verba:
404 4440 442 4483 roe
458 4451 494 4463 -
508 4441 560 4493 της
583 4426 707 4489 Ελλαδος
723 4433 819 4499 liniq
870 4437 1002 4502 disputat.
1026 4440 1060 4491 de
1086 4455 1137 4492 usu
1163 4439 1294 4492 vocabuli
1314 4438 1405 4490 selom

276 4507 327 4558 τηε
341 4507 449 4559 γενοιτο
466 4497 662 4552 Braudstaeter
679 4501 817 4569 Scythice.
870 4506 898 4556 in
921 4507 1008 4559 Indic.
1036 4508 1132 4562 scholi.
1158 4510 1285 4578 Gottiug.
1315 4504 1404 4559 aestiv-
