3042 5125
511 393 715 455 THALIA.
739 395 798 456 ΠΙ.
822 404 864 460 tl.
1198 397 1257 459 193

136 587 242 672 ἐβένου
255 586 311 653 καὶ
331 587 428 655 πέντε
447 591 571 666 παῖδας
585 590 754 664 Αἰθίοπας
770 587 826 654 καὶ
847 588 1027 673 ἐλέφαντος
1046 584 1185 668 ὀδόντας
1198 616 1255 678 με·

135 686 244 774 γάλους
270 698 382 758 εἴκοσι.
429 688 554 778 Κόλχοι
575 689 619 782 tlh
648 687 805 772 ἐτάξαντο
834 692 867 768 ἐς
893 687 955 777 τὴν
983 688 1114 779 δωρεὴν
1142 694 1198 760 nal
1224 698 1260 761 οί

133 796 294 880 προσεχέες
309 796 405 882 μέχρι
419 798 479 862 τοῦ
492 790 684 872 Καυκάσιος
698 788 829 882 οὔρεος·
857 795 891 871 ἐς
903 797 1002 860 τοῦτο
1021 791 1085 882 γὰρ
1105 791 1142 862 τὸ
1155 786 1255 885 οὖρος

132 891 188 963 hub
199 900 346 985 Πέρσῃσι
365 894 515 986 ἄρχεται·
542 896 583 965 τὰ
606 895 643 964 δὲ
659 893 742 983 πρὸς
757 897 881 984 βορέην
900 893 1026 984 ἄνεμον
1043 901 1103 966 τοῦ
1117 897 1252 968 Καυκά-

131 1019 191 1079 σιος
209 1003 367 1088 Περσέων
387 996 489 1069 οὐδὲν
514 1007 562 1069 ἔτι
583 1008 760 1087 φροντίζει.
793 987 887 1067 οὗτοι
907 989 955 1067 ὦν
977 1004 1087 1089 δῶρα,
1116 1000 1156 1070 τὰ
1180 1002 1252 1071 ἐτά-

131 1108 233 1189 ξαντο,
254 1110 301 1172 ἔτι
315 1105 372 1171 καὶ
387 1105 421 1182 ἐς
433 1103 489 1191 ἐμὲ
505 1100 561 1171 διὰ
573 1106 807 1190 πεντετηρίδος
821 1098 975 1189 ἀγίνεον,
998 1102 1117 1173 ἑκατὸν
1130 1111 1253 1186 παῖδας

131 1268 241 1336 peranda
260 1284 323 1319 cnm
349 1270 399 1331 iis,
426 1284 496 1334 quae
514 1269 587 1334 spud
606 1268 661 1319 No·
710 1268 756 1318 Ita
766 1267 881 1321 Wessel.
893 1270 1051 1332 subiiciens,
1065 1271 1136 1321 ferre
1147 1272 1188 1323 sic
1198 1288 1253 1324 mo·

132 1341 195 1389 nium
204 1354 263 1403 pag.
275 1337 327 1388 163
337 1337 479 1403 leguntur:
494 1340 661 1403 „Phalanom
711 1353 769 1388 rem
783 1340 812 1389 in
823 1339 948 1390 ultronea
964 1339 1062 1389 tributi
1081 1345 1109 1391 et
1120 1341 1252 1393 donorum

129 1409 241 1456 licuntur
251 1406 342 1457 instes
356 1412 456 1459 teretes
470 1408 543 1459 etc.“
558 1407 661 1472 Sponte
711 1407 873 1472 collatione,
886 1414 917 1459 nt
929 1409 1016 1459 inira:
1030 1398 1108 1460 οὖτοι
1122 1399 1162 1461 ὧν
1175 1409 1253 1477 δῶρα

129 1478 268 1526 inmentem
281 1476 660 1530 renitnostrumlesken.-
710 1471 745 1526 τὰ
765 1472 899 1538 ἐτάξαντο
917 1483 945 1529 et
963 1494 1047 1544 snpra
1069 1480 1101 1532 13
1120 1481 1178 1545 (ubi
1194 1483 1252 1533 vid.

129 1545 220 1609 Scripsi
231 1536 340 1612 ἐβένου,
356 1562 417 1597 cnm
427 1546 498 1598 salso
511 1546 660 1598 exhibeant
710 1546 793 1611 nott.)
803 1548 851 1613 IV,
862 1550 904 1600 35.
918 1548 976 1601 165.
996 1549 1040 1599 Τσ
1049 1551 1123 1602 conl.
1134 1556 1204 1602 nott.
1217 1552 1252 1602 ad

129 1614 224 1680 quidam
234 1613 297 1665 libri
310 1608 458 1682 ἐβέννους
471 1616 528 1669 vid.
540 1616 659 1668 Bredov.
709 1617 764 1680 111,
779 1618 820 1669 13.

130 1684 192 1749 pil.
205 1713 235 1721 -
246 1683 356 1743 παῖδας
362 1681 505 1745 Αἰθίοπας
517 1686 590 1737 hsud
601 1686 658 1738 scio
746 1677 909 1744 Καυκάσιος
925 1675 1035 1754 οὔρεος]
1051 1688 1085 1738 In
1096 1688 1201 1740 <luobus
1221 1689 1252 1739 li-

129 1769 158 1803 σσ
173 1756 267 1805 Noster
291 1755 465 1808 intellexerit
482 1765 611 1809 coenatos
635 1771 658 1807 s.
710 1756 766 1807 bris
785 1751 946 1806 Καυνάσοιο
971 1757 1056 1823 (quod
1083 1758 1149 1808 ferri
1172 1774 1252 1823 posse

129 1825 244 1876 ennachos.
326 1883 372 1903 Η
523 1884 530 1902 Ι
709 1831 794 1892 neget
806 1827 924 1878 Bredov.
942 1843 970 1892 p.
983 1827 1034 1878 233
1054 1827 1125 1893 seq.)
1146 1820 1252 1878 alico-

156 1885 297 1955 ἐλέφαντος
317 1890 440 1952 οδοντας
460 1895 598 1961 populove
620 1890 659 1943 εἴ·
709 1909 812 1959 acccc,
830 1897 902 1963 quod
915 1898 1054 1948 invenitur
1067 1898 1095 1957 1,
1116 1896 1177 1948 203.
1191 1899 1251 1949 204.

127 1960 189 2027 anot]
202 1963 304 2015 Plinius
314 1964 546 2029 11.N.v111,3‚4:
558 1965 659 2030 „Prae
709 1968 758 2029 IV,
770 1967 802 2016 12
821 1966 887 2030 etl,
900 1967 949 2016 104
958 1958 989 2015 τὸ
1001 1959 1165 2015 Καυκάσιον
1177 1954 1251 2031 ὅρος,

128 2031 179 2081 dam
196 2033 247 2097 ipsi
262 2035 292 2084 in
313 2049 346 2084 se
364 2035 543 2100 expetendam
567 2034 658 2086 sciunt
710 2035 790 2096 Quod
800 2040 893 2086 nostro
906 2034 966 2087 loco
976 2027 1253 2101 legitnrlluvaolutoc,

127 2101 199 2151 solam
208 2104 305 2155 easein
322 2106 407 2154 armis
420 2106 491 2169 suris,
505 2119 575 2171 qnae
587 2103 658 2154 Iuba
708 2105 777 2155 satis
803 2109 896 2155 tuetur
919 2105 1063 2171 inscriptio
1090 2105 1197 2157 Graeca
1223 2105 1252 2153 in

126 2188 208 2223 εοησισ
234 2173 375 2239 appellat,
399 2174 555 2225 Herodotus
576 2178 657 2224 tanto
708 2175 795 2225 Inscr.
809 2174 856 2225 Gr.
867 2174 950 2226 Thes.
965 2191 1006 2225 nr.
1022 2174 1090 2225 2102
1103 2189 1175 2227 vers.
1194 2176 1252 2225 ‹lct

127 2243 251 2307 antiquior
264 2249 292 2295 et
303 2244 477 2296 consuetudo
488 2243 584 2295 melius
597 2245 657 2295 den·
708 2243 865 2309 Stephanus
873 2245 1060 2309 Byzantinus,
1079 2246 1126 2310 qni
1142 2249 1253 2322 praeter

125 2313 182 2363 σοι’*
204 2314 245 2363 Ad
266 2329 351 2380 quem
369 2313 458 2365 locum
473 2330 545 2365 nnnc
565 2318 658 2364 monet
710 2306 861 2371 Καύκασος
883 2319 911 2364 et
928 2315 991 2366 inde
1007 2314 1119 2366 ductum
1139 2313 1252 2363 Καυκα-

126 2379 285 2434 ‹loctissimus
304 2384 418 2435 Cuvier.
439 2383 514 2450 (pag.
531 2384 583 2434 407
597 2398 655 2448 seq.
709 2396 770 2441 σιος
789 2384 904 2434 formam
924 2377 1070 2442 Καύκασις
1088 2383 1173 2449 (unde
1191 2384 1218 2436 h.
1231 2383 1250 2434 1.

126 2452 153 2500 T.
167 2452 202 2502 VI
214 2453 256 2506 ed.
268 2453 479 2518 renchonem),
498 2458 658 2505 controver-
708 2455 846 2520 genitivus
861 2446 1034 2519 Καυκάσιος)
1051 2470 1159 2521 quoque
1180 2469 1252 2505 com·

126 2520 183 2572 siam
204 2523 236 2574 de
254 2529 359 2574 natura
379 2522 502 2575 dentium
524 2524 657 2574 maiorum
708 2528 849 2576 memorat.
861 2525 967 2576 -llox
979 2526 1076 2593 scripsi
1089 2518 1192 2593 βορέην
1202 2538 1251 2590 pro

128 2590 199 2654 (Galli
227 2598 333 2646 vocant
356 2594 486 2661 defenser)
516 2594 657 2659 elephanti
709 2593 1022 2663 vulg.qlopq‘v,nt1,b,
1038 2595 1234 2648 ubivid.nott.

126 2676 199 2727 nuper
225 2663 374 2715 admodum
401 2664 488 2716 luisse
513 2666 657 2731 agitatam,
744 2657 773 2722 ἐς
793 2663 876 2714 τοῦτο
896 2658 950 2730 γὰρ
975 2656 1006 2712 τὸ
1026 2652 1092 2730 ὅρος
1107 2655 1163 2713 ὑπὸ
1179 2658 1251 2728 Πέρ-

126 2730 250 2798 Iubaeque
271 2734 446 2800 opinionem,
473 2749 543 2800 quae
564 2733 658 2785 eadem
710 2747 773 2802 σῃσι
797 2725 922 2800 ἄρχεται]
948 2735 1007 2784 Hoc
1032 2735 1174 2785 verissime
1195 2732 1252 2783 dici

127 2801 158 2850 sit
175 2802 345 2867 Pausaniae,
369 2803 508 2855 invenisse
528 2808 658 2870 patronos
710 2809 804 2856 monet
815 2805 932 2855 Heeren.
946 2802 1030 2853 ldeen
1040 2803 1063 2866 l,
1077 2805 1101 2855 1.
1112 2818 1175 2868 pag.
1191 2801 1251 2864 148,

127 2868 163 2920 rel
188 2874 335 2924 recentiori
361 2879 467 2938 aetate,
492 2889 658 2941 quamquam
709 2890 772 2925 cum
798 2874 1011 2939 septentrionem
1038 2887 1133 2922 versus
1157 2874 1254 2922 Persa·

127 2954 172 2990 nou
185 2940 306 3008 dubium,
329 2944 394 3010 quin
415 2945 506 3010 potior
524 2945 561 2994 sit
572 2944 659 2994 Hero·
709 2961 768 2995 rum
782 2959 894 3010 regnum
905 2942 994 2993 Ponto
1006 2942 1127 3005 Euxino,
1141 2940 1253 3006 Caspio·

128 3010 176 3060 doti
189 3015 336 3077 sententia,
348 3029 409 3064 eum
422 3029 518 3065 reuera
529 3014 585 3064 sint
598 3016 659 3065 den-
711 3030 763 3080 que
775 3014 843 3063 mari
856 3019 884 3063 et
896 3011 1014 3063 Caucasi
1031 3011 1168 3062 montibus
1180 3011 1252 3061 inter

128 3088 165 3142 tes,
177 3082 282 3134 minime
294 3098 410 3144 cornua.
431 3084 507 3135 Ebur
523 3084 595 3134 idem
608 3083 659 3134 Gn·
709 3090 854 3148 utrumqne
867 3097 940 3132 mare
957 3082 1057 3148 positis
1077 3081 1251 3132 terminatum

129 3149 183 3201 sier.
196 3151 272 3203 addit
284 3154 334 3205 vix
352 3153 460 3205 differre
472 3155 507 3205 ab
522 3169 555 3205 ea
573 3159 659 3204 mate·
711 3155 761 3215 sit,
777 3155 823 3219 qui
835 3151 901 3202 fines
911 3167 929 3202 a
943 3153 1050 3203 nemine
1064 3156 1129 3202 ante
1144 3152 1252 3217 Zingis-

128 3219 161 3268 ria
170 3221 301 3286 interiori,
323 3224 432 3288 quaein
446 3223 572 3275 dentibus
582 3224 658 3287 insit,
711 3222 796 3274 Chen.
810 3227 874 3274 sunt
886 3223 1018 3288 superati.

129 3286 262 3357 dentesque
271 3292 336 3343 illos
346 3294 462 3344 maiores
472 3295 588 3345 insertos
599 3308 660 3344 esse
745 3284 846 3343 ἕκατον
860 3290 977 3356 παῖδας]
1001 3289 1146 3341 Tribntum
1163 3303 1253 3339 servo-

129 3359 162 3407 ori
181 3361 273 3412 dentes
301 3363 436 3415 incisivos
463 3364 580 3429 gerenti.
616 3364 660 3413 De
710 3378 769 3413 rum
792 3370 820 3413 et
843 3377 983 3414 servarum
1006 3361 1050 3411 hic
1074 3356 1206 3423 intelligo.
1228 3359 1252 3408 E

130 3432 304 3495 magnitudine
331 3432 452 3483 dentium
477 3434 547 3484 idem
564 3433 661 3483 attulit
711 3432 831 3483 Caucasi
845 3432 1001 3498 regionibus
1014 3430 1167 3494 antiquitus
1188 3426 1254 3478 mul·

130 3502 295 3553 recentiorum
320 3501 373 3553 duo
391 3504 565 3568 testimonia,
588 3502 659 3564 unde
711 3506 754 3552 tos
773 3502 911 3564 homines,
930 3504 958 3552 et
976 3515 1074 3565 pueros
1092 3502 1120 3548 et
1137 3496 1252 3563 puellas,

130 3575 203 3635 petet,
215 3572 311 3624 dentes
327 3572 370 3623 vel
387 3579 496 3624 centum
515 3573 577 3625 libr.
594 3588 660 3639 pon·
711 3573 852 3637 co'emptos
862 3572 924 3620 etin
937 3568 1007 3620 alias
1018 3574 1105 3620 terras
1120 3572 1253 3632 tanquam

129 3637 191 3692 deris
201 3657 354 3709 superasse.
368 3642 537 3708 Elephanton
549 3646 577 3694 in
589 3644 660 3694 Airi-
711 3641 849 3707 mancipia
863 3641 987 3691 venditos
1006 3653 1067 3689 esse
1086 3636 1169 3702 idque
1182 3652 1253 3687 com·

130 3723 157 3757 ca
173 3709 324 3778 frequentes
343 3713 471 3778 reperiri,
497 3714 570 3764 unde
594 3713 660 3764 ebur
711 3712 839 3764 mercium
857 3726 905 3776 per
913 3709 1064 3759 Phoenices
1082 3706 1252 3773 potissimum

130 3780 287 3841 potissimum
300 3782 336 3833 ad
347 3784 488 3850 Europam
500 3784 584 3834 luerit
593 3782 660 3834 alla·
711 3782 814 3833 laetum
838 3793 898 3830 csse
920 3776 994 3828 haud
1021 3791 1109 3841 pauca
1144 3775 1252 3838 docent,

131 3853 236 3912 lumper
254 3853 420 3916 Phoenices,
438 3853 560 3919 pluribus
580 3869 661 3920 expo.
711 3868 781 3918 quae
793 3847 887 3900 attulit
902 3847 1024 3898 Movere:
1045 3845 1098 3896 Die
1109 3844 1254 3894 Phhnizier

132 3918 178 3968 snit
189 3922 219 3972 Α.
232 3922 264 3976 G.
280 3922 314 3973 de
326 3922 460 3989 Schlegel.
474 3923 534 3975 lnd.
547 3923 619 3975 Bibl.
635 3924 660 3987 I,
710 3922 754 3983 11,
767 3920 793 3971 3.
803 3935 829 3984 p.
842 3918 885 3967 82.
898 3917 1055 3965 Etiamnum
1069 3929 1083 3963 e
1097 3914 1254 3978 regionibus

132 3987 218 4055 Ἆρες.
245 3992 294 4044 137
320 4008 396 4058 seqq.
418 3995 465 4045 141
493 4009 583 4060 seqq,
613 3993 660 4058 qui
710 3987 854 4040 caucasiis
871 3985 899 4034 ἰσ
912 3987 1063 4050 Aegyptum
1075 3983 1165 4045 mitti,
1186 3998 1254 4048 qnos

132 4055 191 4108 ilem
203 4059 221 4111 1.
235 4059 254 4110 l.
269 4077 333 4127 pag.
352 4064 402 4113 145
416 4063 558 4124 observat,
574 4063 660 4113 Hero·
710 4056 907 4108 Mammalucos
929 4058 1045 4116 vocant,
1077 4053 1176 4102 milites
1198 4053 1255 4103 exi-

133 4124 213 4179 ‹lotum
229 4132 344 4195 primum
366 4148 426 4183 esse
451 4133 522 4185 inter
539 4133 660 4184 Graecos
710 4129 780 4178 mios
797 4125 951 4191 insignique
970 4129 997 4174 ot
1016 4123 1137 4189 corporis
1156 4122 1254 4174 robore

134 4198 284 4275 peripteros,
309 4201 382 4268 apud
404 4218 483 4268 quem
506 4196 608 4266 ἕλεφοις
625 4201 659 4250 de
710 4202 738 4249 et
754 4196 942 4258 formositate,
964 4194 1045 4244 docet
1062 4191 1176 4244 Rennel.
1197 4192 1215 4243 l.
1233 4191 1252 4244 l.

135 4280 184 4330 ¹pso
202 4268 344 4334 elephanto
361 4274 481 4337 positum
494 4272 658 4322 inveniatur.
710 4282 773 4333 pag.
788 4267 839 4318 525
853 4269 910 4315 not.
935 4265 975 4314 Ac
989 4279 1066 4314 nemo
1084 4262 1141 4313 lere
1157 4263 1254 4322 nescit,

135 4333 292 4391 Conletiam
307 4342 361 4403 IV,
374 4340 433 4392 191.
710 4343 842 4404 quantum
862 4333 997 4399 hodieque
1022 4332 1144 4398 corporis
1167 4332 1254 4382 formu

163 4396 291 4469 ἐτάξαντο
305 4402 333 4469 ἐς
342 4404 396 4474 τὴν
411 4401 531 4476 δωρεὴν]
553 4409 662 4473 „Colchi
710 4398 739 4457 et
752 4406 849 4458 robore
862 4403 997 4456 excellant
1010 4402 1155 4455 Colchicae
1166 4406 1255 4451 terrae

135 4474 177 4536 ‘lbi
192 4475 241 4543 [σε]
261 4481 297 4530 ud
311 4482 467 4533 σοιισιίοσενι
478 4479 658 4532 οτᾱὶιεσνιισι.“
712 4476 833 4528 incolae:
860 4491 874 4526 e
902 4473 1001 4539 quibus
1028 4470 1117 4523 adhuc
1135 4470 1254 4535 virgines

168 4580 326 4625 uuuonor.
349 4583 384 4628 11.
1034 4559 1071 4620 13
