3042 5125
267 361 329 424 558

697 363 966 426 HERODOTI

266 580 318 623 νοι
332 551 555 643 Μεμβλιάρου
568 557 629 622 τοῦ
641 561 825 640 Ποικίλεω,
846 551 968 644 ἀνδρὸς
983 563 1147 638 Φοίνικος.
1187 553 1322 643 Κάδμος
1333 552 1389 642 γὰρ

266 770 307 806 nr.
318 754 388 818 112).
400 753 471 803 Plin.
482 754 556 804 Hist.
565 756 629 804 Nat.
641 755 690 817 IV,
703 755 736 806 23
749 758 808 807 sive

267 827 290 887 ξ.
306 825 340 875 70
359 824 389 885 l„
401 825 496 883 Thera,
519 824 708 888 cumprimum
725 841 809 875 erner-

265 898 317 957 sit,
333 895 434 944 Calliste
446 892 561 956 dicta“).
584 893 709 959 Apollou.
720 895 808 945 Rhod.

264 962 283 1014 1.
293 962 311 1014 l.
320 965 440 1013 Pausau.
453 962 505 1024 III,
519 963 559 1024 15,
569 963 586 1014 4
595 969 622 1012 et
635 965 698 1026 VII,
709 966 734 1015 2.
745 967 770 1026 β.
781 966 806 1014 2.

263 1033 505 1097 Mannertrileogr.
513 1031 588 1081 VIII.
596 1032 791 1099 pag.i30seqq
802 1071 809 1096 ‚

264 1103 407 1167 Porhiger:
423 1100 529 1152 Haudb.
543 1101 570 1152 d.
580 1103 627 1151 alt.
642 1103 739 1167 Geogr.
754 1103 806 1154 Ill.

264 1188 290 1238 p.
307 1172 386 1235 1030,
410 1173 455 1237 qui
473 1186 566 1220 omnes
585 1173 718 1221 excitavit
733 1178 808 1223 vete-

263 1258 321 1292 rum
339 1240 414 1291 locos
432 1256 464 1291 ac
481 1241 663 1292 recentiorum
685 1243 806 1292 testimo·

263 1313 323 1362 nis:
341 1310 464 1376 equibus
476 1310 647 1375 potissimum
660 1311 735 1376 legas
748 1311 807 1376 pnl-

264 1381 423 1432 cherrimam
439 1379 545 1431 insulae
562 1379 772 1445 descriptionem
788 1396 805 1430 a

261 1450 331 1501 Lnd.
342 1451 441 1502 Roscio
453 1451 609 1499 institutam
623 1452 663 1498 in:
679 1450 805 1516 Morgen-

261 1520 332 1570 blatt
345 1518 421 1570 1888.
442 1534 482 1568 ur.
501 1519 559 1569 151.
578 1536 604 1584 p.
618 1520 669 1571 602
684 1536 760 1586 seqq.
778 1525 805 1570 et

261 1590 360 1641 Reiseu
380 1589 407 1637 in
422 1589 448 1639 d.
461 1588 553 1640 Iuselu
568 1589 591 1639 1.
605 1604 666 1654 pag.
681 1589 715 1640 59
728 1605 805 1656 seqq.

262 1659 296 1711 86
306 1675 381 1725 seqq.
397 1660 463 1709 Post
473 1673 552 1723 quem
562 1663 691 1710 accurate
701 1662 805 1723 omnia,

262 1744 333 1794 qnae
349 1730 383 1779 ad
400 1727 480 1779 huius
495 1727 601 1778 insulae
612 1729 804 1793 geographiam

260 1800 416 1864 pertinent,
446 1799 577 1848 tractavit
604 1797 655 1848 Ed.
681 1799 804 1848 Voswiu-

260 1867 335 1919 clrel:
357 1870 397 1918 De
410 1867 593 1918 Theraeornm
612 1865 708 1917 insulis
720 1869 804 1919 Berc-

259 1937 309 1988 lin.
319 1937 394 1988 1858.
407 1939 494 2003 pag.7
506 1952 582 2002 seqq.
609 1937 690 1987 litera
703 1937 802 2001 insula,

260 2008 411 2073 Sporadum
430 2022 496 2068 uua,
523 2006 700 2057 ducentorum
719 2006 803 2058 ferme

259 2077 411 2128 stadiorum
423 2075 537 2139 ambitu,
554 2092 624 2126 nunc
636 2076 746 2141 cognita
757 2093 804 2127 no-

259 2147 331 2197 mine
349 2149 470 2198 Snntom'n
491 2160 513 2199 s.
533 2149 571 2196 St.
591 2146 668 2195 Irene
691 2151 718 2196 et
743 2163 804 2197 ern-

260 2218 354 2281 ptioue
366 2216 500 2266 Vulcania
511 2214 617 2279 Olymp.
632 2215 770 2276 CXXXV,
785 2218 802 2266 4

258 2288 286 2335 in
297 2285 366 2336 duaa
376 2286 465 2335 divisa
474 2289 577 2349 partes,
590 2284 694 2334 iteam
702 2288 729 2334 et
740 2286 802 2336 Tle-

259 2360 352 2405 rasicm
367 2355 440 2416 sive,
453 2359 482 2402 nt
496 2369 567 2403 nunc
579 2359 693 2416 vocant,
709 2356 802 2406 Santo-

256 2428 297 2475 riu
311 2429 338 2474 et
350 2424 496 2490 Aspronisi.
518 2425 593 2485 Quae
604 2421 666 2471 olim
678 2422 801 2487 pulcher-

256 2493 325 2543 rima
355 2493 527 2558 omniumque
552 2506 640 2543 rerum
666 2497 801 2557 proventu

256 2565 371 2616 maxime
386 2565 503 2629 insignis
517 2562 601 2614 fnisse
618 2560 704 2612 fertur
717 2578 800 2629 aqua·

256 2649 314 2684 rum
330 2634 363 2685 ob
376 2635 482 2699 copiam
496 2638 524 2684 et
540 2632 664 2684 eximiam
679 2632 730 2682 soli
746 2634 800 2682 rir-

255 2709 357 2766 tutem,
386 2720 419 2755 ea
444 2718 517 2754 nunc
542 2702 663 2754 lontibus
688 2718 799 2767 prorsus

255 2779 331 2824 caret
349 2789 502 2840 magnaque
520 2789 553 2823 ex
570 2777 648 2838 parte
662 2774 735 2823 iacet
754 2787 800 2823 ex·

255 2844 367 2905 siccate,
380 2858 540 2910 quamquam
552 2846 699 2893 etiamnum
710 2842 744 2892 ob
759 2842 799 2892 in·

254 2913 374 2963 colarnm
401 2912 549 2964 sollertiam
574 2912 680 2962 Sericas
706 2916 798 2963 vestes

254 2983 453 3033 conficientium
466 2981 599 3046 simulque
611 2980 645 3031 ob
656 2982 714 3031 viui
726 2997 797 3031 com·

256 3054 384 3102 mercium
396 3054 467 3102 inter
476 3053 596 3116 potiores
606 3051 797 3116 marishegaei

253 3121 359 3170 insulas
370 3120 493 3171 habetur.
524 3123 581 3170 Nec
596 3120 715 3183 mireris,
735 3136 796 3171 eam

253 3190 316 3240 inde
329 3190 480 3255 antiquitus
493 3194 620 3239 vocatam
641 3190 725 3240 luisse
739 3192 796 3241 Cal-

253 3263 339 3320 listen,
370 3275 431 3309 cnm
460 3259 638 3310 laetissimam
665 3262 795 3324 speciem,

253 3344 334 3394 qnam
350 3344 383 3379 ue
395 3344 466 3379 nnuc
479 3328 587 3393 quidem
603 3343 713 3393 prorsus
731 3344 795 3379 era·

251 3399 343 3449 unisse
362 3403 488 3461 narrant,
508 3399 652 3463 praeberet
661 3397 736 3463 regio
749 3397 793 3448 sil-

250 3469 308 3532 vis,
332 3469 471 3531 sontibus,
495 3467 591 3517 rivulis
608 3468 676 3518 bene
698 3468 794 3518 distin·

251 3543 312 3599 cta3
342 3554 505 3605 quamquam
523 3538 645 3589 Punicae
669 3536 794 3589 coloniae

249 3609 381 3659 Punicum
398 3624 506 3674 quoqne
519 3622 616 3659 nomen
631 3612 792 3671 exspectau-

250 3678 312 3729 dum
325 3678 410 3730 fuisse
419 3683 512 3730 censet
523 3677 553 3728 C.
566 3676 728 3729 O.ltIueller.
742 3676 792 3727 Or-

250 3747 374 3801 chomen.
397 3765 461 3815 pag.
480 3748 530 3800 235
551 3748 611 3798 coll.
636 3747 687 3798 322
703 3762 789 3812 seqq,

248 3818 295 3869 ubi
308 3818 341 3868 ds
351 3818 457 3869 insulae
467 3818 522 3869 situ
534 3818 654 3883 fatisque
664 3817 788 3877 disserit;

248 3888 281 3938 de
296 3903 349 3953 quo
363 3889 456 3939 eodem
471 3893 633 3953 argumento
646 3885 791 3937 conferan-

246 3961 292 4005 tur
306 3959 485 4008 recentiorum
501 3959 735 4022 peregrinatorum
752 3961 789 4006 te·

247 4026 378 4076 stimouia
389 4027 462 4091 apud
477 4026 590 4092 Thrige:
609 4026 788 4091 Histcyreu.

246 4110 308 4159 pag.
317 4094 359 4146 36.
375 4097 480 4157 Quibus
490 4097 536 4146 Cr.
548 4099 616 4147 haec
625 4096 787 4160 adscripsit:

246 4164 386 4239 „hanina
407 4164 589 4215 Phoenicibus
617 4165 687 4216 idem
715 4164 788 4230 qnod

246 4233 341 4298 θηρα,
356 4242 467 4284 ceantur.
501 4233 579 4282 Illam
590 4240 681 4284 autem
694 4250 787 4284 vocem

246 4318 262 4353 a
284 4303 398 4354 Graecis
422 4304 450 4351 in
471 4300 609 4368 Καλλίστη
631 4309 786 4368 corruptam

246 4388 307 4424 esse
325 4371 432 4422 iudicat
450 4371 591 4423 Hamnlrer
610 4373 638 4422 in
659 4374 752 4423 Irettre
770 4373 786 4422 it

244 4445 297 4495 Ms.
321 4439 566 4493 RaouI-Rochette
592 4458 639 4493 sur
665 4457 717 4492 une
741 4442 786 4492 In·

859 758 953 821 script
965 770 999 804 eu
1012 754 1133 805 charact.
1144 753 1256 807 Phenic.
1268 758 1296 805 et
1304 754 1390 820 Grecq.

858 827 936 877 Leid.
953 825 1053 874 Istus·
1079 824 1210 884 Theium,
1229 822 1333 874 insulae
1350 824 1391 873 irn-

858 896 963 960 perinm
976 909 1037 944 cum
1052 895 1215 957 accepisset,
1228 908 1324 944 nomeu
1333 909 1390 957 qno-

858 981 910 1030 que
922 980 999 1014 suum
1013 964 1177 1028 imposuisse
1186 969 1285 1013 auctor
1295 978 1391 1028 quoque

858 1041 901 1085 est
912 1035 1065 1084 Pausanias
1078 1031 1129 1094 ΙΙΙ,
1147 1032 1170 1095 Ι,
1183 1033 1199 1081 7
1216 1036 1244 1082 et
1257 1032 1309 1095 III,
1323 1033 1360 1094 15,
1368 1034 1390 1083 Ι.

858 1104 927 1166 VII,
952 1107 984 1166 2,
1007 1104 1039 1153 2:
1070 1101 1142 1166 qnod
1165 1102 1207 1151 ita
1229 1102 1317 1166 accipi
1341 1101 1392 1152 vult

857 1171 977 1224 Boeckh.
987 1172 1005 1221 Ι.
1016 1187 1098 1237 supra
1108 1171 1125 1221 Ι.
1136 1186 1201 1236 pag.
1210 1174 1255 1222 41.
1266 1176 1321 1222 not.
1331 1170 1354 1232 3,
1364 1177 1389 1220 nt

856 1242 947 1293 coloni
964 1258 981 1292 a
994 1242 1084 1291 Thera
1106 1242 1134 1290 iu
1153 1241 1273 1291 insulam
1288 1240 1389 1291 adducti

856 1328 889 1363 ex
905 1312 964 1362 eius
976 1312 1083 1362 nomine
1096 1308 1221 1375 Θηραῖοι
1235 1326 1296 1360 cum
1308 1312 1390 1360 roosti

855 1386 960 1442 essent,
982 1380 1033 1431 hoc
1056 1384 1143 1445 ipsum
1165 1396 1266 1430 nomeu
1288 1380 1391 1445 posthac

854 1452 895 1501 ita
912 1450 1070 1512 invaluerit,
1093 1455 1123 1499 nt
1142 1451 1170 1499 in
1189 1451 1278 1515 ipsam
1301 1455 1389 1499 terram

855 1537 877 1572 s.
896 1519 1014 1571 insulam
1032 1518 1239 1570 transferretur.
1270 1521 1389 1584 Disputat

854 1605 961 1656 quoque
982 1589 1015 1639 de
1033 1588 1084 1639 hoc
1102 1589 1211 1639 insulae
1227 1589 1334 1638 nomine
1345 1588 1388 1638 Ed.

854 1658 1028 1712 Voswiuclrel
1042 1658 1058 1708 1.
1073 1674 1156 1723 snpra
1170 1658 1189 1708 l.
1205 1674 1268 1723 pag.
1285 1659 1328 1720 11,
1345 1659 1389 1708 Pu·

855 1730 945 1780 nicum
956 1745 983 1779 re
995 1743 1061 1780 vera
1071 1743 1131 1779 esse
1143 1729 1304 1796 coniicieps.
1323 1730 1388 1790 Quae

853 1815 916 1849 mox
928 1799 1072 1849 subiicitur
1088 1798 1123 1848 ab
1136 1798 1282 1848 Herodoto
1299 1803 1388 1862 tempo

853 1883 912 1918 rum
933 1868 1109 1933 supputatio,
1133 1882 1195 1917 eam
1215 1868 1289 1916 omui
1307 1882 1387 1917 carere

852 1938 926 1990 insto
950 1937 1126 1988 fundamento
1143 1940 1309 2001 pronuntiat
1326 1937 1387 1986 iden

853 2006 977 2057 Mueller.
992 2007 1009 2055 l.
1022 2007 1056 2070 1.,
1077 2007 1207 2073 quonism
1220 2006 1297 2056 sacta
1308 2005 1343 2054 sit
1352 2021 1386 2056 se·

851 2076 969 2127 cundum
977 2075 1165 2127 Thebanorum
1177 2091 1274 2141 regum
1284 2077 1386 2126 iudicem

852 2161 939 2212 eoque
963 2144 1034 2195 Islso
1053 2147 1188 2196 innitatur
1209 2144 1385 2208 fundamento,

851 2214 922 2280 quod
935 2214 1070 2266 Theraica
1087 2215 1197 2266 colonia
1214 2231 1301 2281 aeque
1314 2219 1385 2280 atque

851 2284 925 2336 alise
935 2283 1100 2335 Phoenicum
1112 2300 1160 2351 per
1168 2286 1314 2335 Graeciam
1325 2285 1386 2334 colo-

851 2355 915 2405 nise
935 2355 968 2405 ad
988 2354 1116 2405 Cadmum
1136 2370 1281 2420 perperam
1299 2355 1385 2404 relersf

850 2429 894 2473 tur
918 2429 1073 2484 auctorem,
1097 2440 1158 2476 cum
1181 2425 1273 2475 omnis
1292 2424 1336 2474 illa
1355 2422 1382 2473 ds

850 2493 952 2544 Cadmo
972 2494 1095 2544 narratio
1117 2493 1151 2542 ad
1176 2493 1321 2545 historiam
1342 2495 1383 2542 rni-

850 2565 920 2615 nime
932 2565 1082 2630 pertineat,
1098 2564 1182 2630 idque
1196 2581 1281 2615 uuum
1291 2568 1381 2615 certum

848 2634 935 2686 videri
954 2634 1063 2694 debeat,
1088 2634 1238 2684 Homerica
1262 2634 1380 2699 imprimis
1454 2680 1455 2687 ,

849 2709 940 2754 aetate
956 2703 1107 2754 Phoenices
1121 2704 1148 2753 iu
1165 2705 1326 2767 quibusdam
1339 2702 1381 2751 Ae

846 2774 910 2838 gaei
923 2775 1005 2824 maris
1013 2772 1109 2824 insulis
1120 2773 1292 2834 consedisse;
1307 2786 1380 2837 eoqns

847 2843 931 2893 etiam
950 2843 1118 2894 referendam
1144 2843 1234 2893 videri
1258 2843 1378 2893 coloniam

846 2911 1013 2974 Membliari,
1037 2927 1106 2977 quse
1127 2911 1178 2962 hoc
1198 2912 1261 2963 loco
1279 2925 1380 2962 comme
1451 2918 1453 2997 ρ

846 2988 975 3033 moretur.
1016 2982 1093 3044 Quae
1114 2983 1175 3046 ipsa
1197 2982 1271 3033 omui
1294 2981 1378 3032 lunda

847 3058 952 3115 mento,
969 3068 1022 3118 qno
1040 3051 1173 3103 destituta
1186 3053 1296 3103 videtur
1306 3048 1378 3101 hluel·

845 3120 903 3172 lero
914 3122 1073 3173 Herodotea
1085 3123 1227 3185 namatio,
1247 3121 1290 3172 vel
1301 3121 1377 3186 magis

845 3206 938 3242 carere
952 3192 1174 3243 existimaverim.
1344 3246 1350 3265 ‚

885 3253 1069 3328 Μεμβλιάρου
1091 3258 1140 3309 τοῦ
1162 3257 1315 3320 Ποικίλεω,
1335 3271 1375 3305 ns-

846 3321 915 3393 δρός
926 3327 1070 3395 Φοίνικος]
1087 3330 1191 3395 Scripsi
1204 3321 1375 3393 Μεμβλιάρου

846 3396 888 3461 (nt
901 3416 962 3450 mox
969 3397 1163 3467 Μεμβλίαρον)
1172 3398 1331 3450 Bredorium
1340 3410 1374 3446 se·

845 3474 926 3521 cutus
942 3486 967 3535 p.
981 3468 1046 3533 235,
1067 3485 1128 3520 cum
1142 3467 1297 3520 huiusmodi
1311 3465 1375 3532 geni·

843 3538 917 3590 rivus
935 3540 1014 3590 unice
1030 3540 1177 3590 conveniat
1195 3537 1310 3589 sermoni
1326 3535 1372 3585 lle·

842 3608 954 3661 rodoteo
971 3624 1058 3674 neque
1069 3609 1150 3660 aliter
1162 3608 1248 3658 etiam
1258 3605 1372 3658 exhibeat

841 3675 997 3743 Stephanus
1013 3679 1183 3744 Byzantinus
1207 3677 1227 3728 1.
1246 3691 1324 3741 supra
1339 3672 1370 3722 sl·

839 3745 897 3797 lato
910 3753 937 3797 et
949 3749 1066 3799 Pausau.
1080 3748 1137 3811 III,
1152 3749 1179 3809 l,
1194 3748 1219 3797 7.
1250 3742 1369 3810 Vulgole

838 3817 913 3882 gitur
924 3808 1125 3884 Μεμβλιιίρεω,
1147 3818 1230 3882 idque
1243 3818 1319 3866 etism
1330 3828 1368 3862 sr-

840 3890 897 3935 stat
913 3888 940 3937 in
954 3886 1044 3937 Schol.
1063 3886 1099 3937 ad
1115 3886 1225 3937 Pindar.
1239 3884 1315 3949 Pyth.
1325 3882 1365 3941 IV,

838 3956 882 4005 88.
909 3949 1141 4022 ΔΙΜεμβριοίρειο
1155 3950 1366 4007 sffertSsucrolti

838 4025 908 4077 liber
925 4027 953 4074 iu
967 4026 1068 4076 Herod.
1083 4027 1136 4085 IV,
1153 4026 1216 4088 148,
1237 4024 1364 4089 probatum

838 4094 975 4146 Bocharto
987 4089 1361 4151 DePhoenies.colonn.1.1t,

838 4165 965 4229 quoniam
976 4163 1028 4215 hoc
1041 4165 1207 4216 commodius
1213 4162 1361 4215 Phoenicum

837 4250 852 4284 e
863 4233 959 4299 lingua
969 4235 1088 4285 derivari
1098 4240 1126 4285 et
1138 4234 1267 4300 explicari
1278 4229 1360 4295 possit

836 4301 959 4355 Mueller.
978 4302 995 4354 l.
1015 4303 1034 4354 l.
1050 4319 1077 4369 p.
1095 4302 1146 4356 828
1166 4319 1261 4355 nomeu
1277 4301 1359 4350 ducere

836 4371 896 4422 vult
909 4388 926 4422 a
936 4368 1088 4439 μέμβλομιιι
1101 4378 1129 4423 et
1140 4361 1221 4436 ἄρος,
1243 4376 1272 4422 nt
1286 4370 1318 4418 sit
1327 4370 1358 4416 in·

836 4446 942 4507 cripere.
964 4442 1025 4495 Hoc
1036 4440 1357 4494 IocoSaucroftilibsrex·
