3042 5125
442 399 913 467 MELPOMENE.IV.33.
1022 411 1024 415 ’
1137 402 1261 466 ’361

125 589 324 681 πεμπόμενα
344 590 496 682 πρύτους
510 598 738 673 Δωδωναίους
753 590 922 681 Ἑλλήνων
943 594 1101 662 δέκεσθαι
1108 647 1118 681 ,
1144 591 1209 664 ἀπὸ
1230 596 1267 666 δὲ

125 695 255 765 τούτων
267 706 485 786 καταβαίνειν
506 699 560 767 ἐπὶ
574 694 633 765 τὸν
646 701 783 786 Μηλιέα
795 695 921 766 κόλπον
934 699 990 765 καὶ
1004 697 1267 786 διαπορεύεσθαι

125 804 158 879 ἐς
171 796 327 888 Εὔβοιαν
334 853 343 886 ,
368 799 467 870 πόλιν
487 828 523 870 τε
542 804 576 881 ἐς
598 800 698 870 πόλιν
717 803 879 890 πέμπειν,
900 804 995 890 μέχρι
1009 800 1207 891 Καρύστου,
1231 802 1267 872 τὸ

125 900 157 972 δ’
172 900 240 972 sind
263 903 384 994 ταύτης
404 908 553 974 ἐκλιπεῖν
563 903 728 994 Ἄνδρου·
766 912 977 994 Καρυστίους
997 903 1061 993 γὰρ
1083 905 1168 975 εἶναι
1189 905 1267 987 τούς

124 1015 320 1097 κομίζοντας
340 1011 373 1089 ἐς
391 1013 517 1096 Τῆνον,
544 1016 686 1096 Τηνίους
707 1007 744 1077 δὲ
763 1011 796 1088 ἐς
809 1013 932 1097 Δῆλον.
967 1004 1187 1079 ἀπικνέεσθαι
1205 1015 1268 1098 μέν

123 1140 191 1180 νυν
218 1116 325 1181 ταῦτα
343 1110 384 1181 τὰ
406 1110 460 1200 ἱρὰ
484 1108 573 1181 οὕτω
600 1115 733 1201 λέγουσι
755 1115 788 1191 ἐς
808 1116 932 1201 Δῆλον.
967 1116 1101 1201 πρῶτον
1126 1112 1163 1182 δὲ
1189 1112 1267 1194 τούς

118 1212 363 1304 Ὑπερβορέους
377 1219 504 1306 πέμψαι
528 1214 695 1306 φερούσας
709 1212 751 1284 τα
769 1214 824 1306 1ρὰ
840 1214 901 1286 δύο
914 1213 1031 1305 κόρας,
1045 1211 1109 1297 ’τὰς
1122 1211 1266 1307 ούνομύ-

124 1420 198 1469 nott.
228 1419 289 1479 Quo
304 1422 425 1482 tempore
444 1417 569 1469 boreales
586 1420 673 1471 Euro·
722 1434 779 1484 seq.
805 1418 940 1471 Meliacmn
954 1419 1042 1469 sinum
1057 1418 1282 1484 intelligisne·

124 1503 177 1553 pae
206 1493 300 1552 parles
319 1488 432 1539 Graecis
455 1488 575 1539 nondum
602 1489 672 1540 setis
721 1490 803 1553 gione
811 1488 938 1539 Euboeae
950 1488 1267 1554 septentrionalis,quem

124 1558 229 1608 luerint
253 1557 392 1620 cognitae,
419 1560 544 1624 regiones
565 1574 672 1625 quoque
721 1561 1014 1610 uuncvocautZeitnn.
1041 1559 1084 1608 De
1097 1563 1268 1624 quopreeter

124 1642 211 1691 supra
231 1626 404 1678 Adriaticum
427 1643 501 1679 usare
522 1629 593 1679 sitas
614 1630 672 1693 Hy·
721 1627 1266 1693 Strabon.1x.p.4·26s.651catinia.

123 1696 673 1818 pelriboresishvnlgohadtribpjtmoncthlilden·

124 1781 215 1816 vr.a
250 1781 337 1817 cwer
377 1784 457 1818 ‚exer
502 1783 580 1818 usin
638 1783 672 1818 m.

124 1836 157 1885 de
168 1834 296 1888 l’Aauad.
312 1783 437 1888 dglnscr.
450 1838 560 1888 XXXV.
574 1854 600 1903 p.
609 1836 670 1890 589.

122 1905 298 1970 Hyperborei
315 1906 339 1957 si
354 1906 454 1957 Italiae
470 1906 672 1969 adscribantur,

124 1975 260 2038 explicari
286 1990 367 2040 posse
387 1980 428 2027 eit
446 1977 578 2028 Niebuhr.
596 1978 671 2027 Hist.

124 2045 205 2096 Rom.
222 2045 246 2095 I.
268 2059 330 2110 pag.
343 2046 378 2098 85
392 2046 434 2097 εδ.
444 2062 515 2106 sec..
536 2047 671 2111 quomodo

123 2114 363 2179 Hyperboreorum
395 2115 468 2166 dona
495 2116 591 2167 Delum
623 2131 671 2181 per

123 2199 199 2235 mare
218 2184 388 2236 Adriaticum
411 2187 554 2251 pervenire
575 2190 673 2252 potue·

123 2255 191 2304 rint.
221 2253 261 2303 At
277 2253 311 2305 de
324 2253 367 2305 his
384 2255 428 2306 vir
440 2254 543 2306 doctus
560 2258 620 2320 ipse
633 2257 673 2305 vi·

721 1697 757 1747 H.
781 1698 815 1748 N.
836 1699 889 1761 Ν,
910 1700 942 1749 12
965 1696 1021 1760 (12)
1044 1697 1117 1748 coni.
1138 1697 1268 1762 Aeschyli

721 1768 800 1817 Pers.
818 1767 870 1818 486
891 1766 954 1831 (459
966 1764 1093 1829 Bothe),
1125 1766 1267 1831 Sophoclis

722 1836 823 1886 Trach.
835 1835 887 1887 646
902 1852 925 1887 s.
942 1835 995 1888 638
1008 1834 1070 1886 coll.
1090 1835 1140 1886 195
1161 1842 1189 1886 et
1202 1835 1267 1886 Phi·

720 1906 786 1957 loct.
808 1906 868 1956 741.
898 1908 1043 1957 Lmuiacwn
1069 1906 1158 1956 sinum
1184 1911 1268 1958 vocat

720 1977 839 2026 Pausan.
851 1975 874 2036 1,
886 1977 911 2025 4.
927 1978 952 2036 5.
967 1974 992 2025 3.
1018 1974 1098 2038 Apud
1110 1975 1217 2027 Aelinn.
1233 1976 1265 2026 V.
1360 2011 1364 2022 .

720 2046 755 2096 Η.
772 2045 832 2108 ΙΙΙ,
850 2044 861 2093 1
878 2044 1015 2096 Metienccs
1033 2050 1210 2096 recensentur
1227 2046 1267 2094 in·

721 2120 764 2166 ter
776 2131 823 2165 eus
837 2118 947 2179 gentes,
964 2130 1013 2179 per
1027 2129 1096 2179 quas
1113 2116 1166 2166 iter
1184 2115 1266 2165 lucie-

720 2187 789 2236 bant
815 2183 983 2249 Delphorum
1017 2184 1096 2248 pueri
1123 2183 1159 2234 ad
1187 2200 1268 2235 sucre

720 2254 855 2318 Apollinis
878 2269 962 2319 prope
985 2252 1146 2305 Thessalica
1165 2255 1267 2319 Tempe

126 2324 208 2374 derit.
237 2323 316 2373 Cous.
332 2324 361 2374 in
377 2326 502 2376 Excursu
519 2325 553 2376 de
564 2326 672 2390 Hyper-

126 2392 219 2444 boreis
239 2392 334 2443 allata.
368 2394 431 2445 Alis
455 2394 488 2445 de
505 2395 548 2446 his
566 2396 672 2459 Hyper·-

123 2463 270 2512 boreorum
280 2463 423 2514 itineribus
431 2464 543 2515 Gesner.
551 2466 580 2514 in
590 2467 672 2515 Prae·

124 2532 188 2584 lect.
201 2532 232 2583 11
247 2532 289 2583 De
306 2534 441 2600 navigstt.
463 2538 542 2586 extre
553 2534 671 2586 column.

125 2604 206 2654 llere.
219 2608 290 2655 sect.
303 2604 342 2655 11.
353 2606 378 2667 6.
389 2604 415 2655 8.
428 2621 455 2671 p.
467 2604 519 2656 662
530 2604 670 2671 (Orphica.

124 2671 230 2738 Herm).

721 2324 855 2376 obeunda.
881 2350 917 2361 -
932 2325 997 2374 Mox
1022 2339 1082 2374 cnm
1103 2324 1266 2390 Schweigh,

722 2393 812 2446 Gaisi.
828 2398 856 2444 et
870 2397 985 2445 recenti.
1004 2392 1067 2444 edd.
1084 2394 1196 2444 exhibui
1216 2385 1265 2443 rui·

721 2464 766 2513 λιν
783 2478 817 2513 τε
835 2453 864 2520 ἐς
875 2453 957 2513 πόλιν
970 2455 1104 2528 πέμπειν,
1123 2464 1171 2515 ubi
1183 2463 1266 2531 vulgo

722 2526 773 2594 di,
786 2533 858 2599 quod
872 2532 985 2585 retinuit
995 2532 1141 2585 Matthiae.

756 2597 881 2656 ἐκλιπεῖν
892 2591 1019 2668 Ἄνδρον]
1041 2606 1116 2666 Quae
1137 2605 1266 2655 Reislrins

720 2675 761 2725 sic
779 2672 898 2738 intelligi
914 2672 986 2735 vult,
1005 2677 1043 2721 ut.
1053 2673 1168 2723 Andrum
1187 2688 1267 2723 sacra

164 2732 294 2805 πρώτους
317 2740 507 2800 Δωδωναίους
526 2732 672 2808 Ἑλλήνων
721 2761 777 2795 non
807 2743 863 2793 sint
887 2742 992 2803 delata,
1027 2741 1075 2792 sed
1100 2741 1153 2792 hac
1176 2742 1267 2793 insula

128 2804 275 2875 δέκεσθαι]
300 2811 444 2863 Consentit
463 2813 620 2863 Callimach.
634 2813 670 2864 Η.
721 2814 828 2879 (quam,
843 2828 858 2861 e
875 2811 1040 2875 Cycladibus
1052 2826 1145 2873 unum,
1160 2811 1268 2862 Euboe·

127 2881 155 2929 in
165 2879 226 2931 Del.
235 2880 296 2942 284,
308 2883 354 2946 qui
366 2883 475 2932 omnino
488 2883 516 2933 in
526 2882 569 2931 his
579 2897 672 2948 presse
722 2900 766 2935 am
784 2883 857 2932 inter
872 2886 899 2931 et
914 2882 1022 2931 Naxum
1037 2881 1118 2931 sitam
1135 2897 1207 2931 nunc
1221 2897 1268 2932 vo·

127 2949 196 3015 legit
208 2949 344 3001 Herodoti
361 2952 490 3015 vestigia.
520 2952 581 3003 Add
604 2954 673 3017 Ety-
723 2958 788 3005 cant
798 2948 901 3013 Andro)
917 2952 1067 3016 praeterita
1079 2956 1156 3001 recto
1169 2951 1267 3001 itinere

131 3018 193 3071 mol.
204 3034 296 3083 magn.
307 3034 362 3070 ιν,
375 3020 548 3078 Δωδωναῖος
561 3012 576 3070 ὁ
588 3014 669 3082 Ζεύς,
722 3041 740 3075 a
756 3024 863 3088 Carysto
882 3021 966 3086 (quod
986 3025 1029 3071 est
1045 3019 1173 3072 Euboeae
1191 3021 1268 3085 oppi-

130 3087 673 3157 nbillyperboreorumiocusnppellatur
723 3093 803 3155 dum,
827 3091 920 3141 eodem
938 3089 1027 3142 adhuc
1046 3091 1155 3143 nomine
1177 3091 1269 3155 cogni-

131 3155 259 3219 Dodona,
277 3157 383 3208 Aelian.
396 3161 430 3212 V.
449 3162 485 3212 H.
499 3162 553 3223 111,
567 3164 591 3213 1.
614 3163 675 3212 Pri·
723 3162 793 3223 tum)
813 3162 849 3212 ed
873 3163 961 3212 Tenum
980 3158 1061 3225 (qnae
1082 3160 1118 3210 ad
1132 3160 1267 3225 Cycladas

131 3241 191 3276 mos
211 3231 301 3278 autern
321 3227 487 3281 Dodonaeos
514 3246 674 3282 commemo·
724 3233 865 3298 pertinens
876 3245 947 3280 nunc
960 3230 1115 3295 appellatur
1131 3229 1204 3293 lino)
1218 3229 1268 3280 ad·

131 3299 189 3345 rari
205 3296 275 3347 inter
289 3297 425 3360 Graecos,
445 3299 491 3364 qui
505 3299 577 3350 dona
594 3316 673 3352 sacra
723 3306 820 3363 vecta,
840 3301 966 3365 quamvis
979 3300 1086 3351 Andrus
1098 3299 1140 3350 his
1154 3300 1268 3350 urbibus

132 3382 153 3415 a
170 3364 275 3428 Scythis
295 3366 382 3418 allata
400 3370 569 3432 acceperint,
594 3386 672 3421 nemo
724 3376 798 3423 esset
815 3371 906 3421 media
927 3370 1081 3421 interiecta.
1111 3370 1178 3420 inde
1198 3371 1269 3419 Lan-

132 3435 288 3497 mirabitur,
304 3437 390 3501 quiet
404 3438 485 3487 sitnm
499 3438 631 3490 Dodonae
646 3444 674 3489 ct
724 3442 785 3506 gius
795 3440 1001 3500 reddidit:„von
1010 3442 1065 3491 tier
1074 3441 1269 3491 ausuurdeuua

132 3504 187 3553 loci
204 3506 377 3556 sanctitatem
396 3511 615 3572 vetustatemque
632 3525 674 3559 re·
724 3512 830 3562 Andros
842 3511 1083 3573 ahcrgeschlugen.“
1109 3511 1150 3559 De
1162 3510 1269 3574 Οονηιλο

134 3576 693 3711 8581111ξᾷύδῑλῦοῖιῖλοδδῐῗδρλιλλιὸολι,
725 3580 797 3701 {hig
809 3578 1113 3714 diddeqhdtdrudl’irhlrd‘:
1126 3578 1269 3697 hdhhbrivadld

138 3712 278 3777 religiones
298 3715 396 3765 Delum
417 3715 593 3781 Delphosque
616 3733 676 3769 esse
726 3720 774 3770 des
797 3719 873 3768 miss.
895 3716 1040 3781 scientifiq.
1067 3718 1106 3768 Π.
1131 3733 1195 3782 pag.
1218 3717 1269 3768 706

136 3789 312 3847 propagatus,
327 3784 462 3836 Crcnzero
479 3785 611 3851 (Symbol.
624 3787 673 3840 IV.
726 3803 802 3853 seqq.
828 3788 869 3837 De
881 3787 972 3839 Andro
986 3786 1058 3836 conl.
1065 3785 1168 3836 Herod.
1182 3789 1215 3847 V,
1226 3786 1268 3836 31.

136 3867 161 3914 p.
181 3852 228 3905 166
247 3870 304 3918 seq.
322 3855 363 3905 ed.
381 3853 450 3919 sec.)
476 3854 675 3920 quodammodo
726 3857 811 3916 VIII,
833 3856 877 3907 lll
892 3871 949 3919 seq.
977 3857 1018 3905 De
1035 3857 1103 3906 Teuc
1121 3856 1176 3905 vid.
1194 3856 1269 3906 Stra-

135 3921 194 3972 hinc
205 3923 297 3989 colligi
308 3940 389 3989 posse
404 3924 520 3977 videtur.
555 3927 615 3988 Quo
627 3927 676 3975 mi·
726 3928 789 3978 bon.
803 3928 836 3976 X.
855 3942 880 3990 p.
894 3925 946 3976 485
968 3923 1090 3989 aliosque
1106 3928 1175 3975 vett.
1193 3924 1269 3976 locos

137 4006 185 4041 uns
206 3994 307 4044 faciam
336 4009 397 4044 cum
421 3993 563 4046 Voelclrer.
586 3995 674 4061 Myth.
726 3995 800 4062 apud
817 3996 957 4059 Forbiger.
975 3993 1085 4044 Handb.
1100 3994 1126 4045 d.
1140 3992 1188 4046 alt.
1202 3995 1271 4046 Geo-

139 4060 230 4127 Geogr.
242 4065 265 4114 1.
278 4079 305 4128 p.
321 4061 387 4127 1611,
405 4064 522 4115 Dodona
538 4066 610 4130 quod
629 4065 675 4116 hic
726 4066 823 4131 graph.
840 4066 892 4116 ΙΙΙ.
913 4080 940 4128 p.
958 4065 1034 4125 1024,
1053 4066 1099 4114 cui
1122 4063 1185 4115 add.
1205 4066 1271 4124 Ant.

140 4138 310 4197 memoretur,
333 4137 513 4184 commentum
539 4151 600 4185 esse
620 4141 676 4186 sta·
726 4136 898 4186 Moscbatos:
912 4135 954 4184 Dc
967 4133 1057 4184 insula
1068 4135 1145 4184 Teno
1157 4135 1271 4200 eiusque

139 4201 401 4255 tuentisacerdotnm
412 4202 447 4252 ad
457 4203 676 4255 coniunctionem
725 4204 842 4256 historia
874 4207 1018 4256 comment.
1043 4204 1165 4269 Gottiug.
1194 4206 1270 4256 1855.

139 4284 286 4335 sacrorum,
306 4288 378 4338 quse
394 4272 542 4337 Dodonae,
560 4273 675 4340 Delphis
725 4274 944 4339 paglletitoss:
956 4274 1056 4325 Reisen
1069 4274 1117 4324 eni
1127 4274 1270 4327 d.Griecb.

138 4344 165 4388 et
174 4340 232 4391 Deli
243 4342 360 4405 fuerint,
376 4343 526 4407 pertinens.
724 4344 816 4394 Inscin
831 4359 894 4409 png.
908 4344 937 4393 ll
951 4359 1008 4409 seq.

169 4409 345 4478 καταβαίνειν
361 4402 407 4461 ἐπὶ
420 4404 470 4461 τὸν
482 4406 596 4477 Μηλιεά
612 4402 674 4462 ncil-
760 4404 945 4479 ούνομαζουσι
965 4442 999 4449 -
1017 4404 1103 4477 εἶναι]
1122 4414 1164 4462 De
1184 4412 1271 4461 infini-

48 4491 49 4510 1
138 4477 197 4545 πον]
205 4481 306 4534 Eadem
314 4481 473 4534 Callimach.
481 4483 517 4534 Η.
525 4483 553 4532 in
560 4482 674 4537 nette?
724 4483 783 4534 tiro
800 4475 873 4533 εἶναι
889 4483 945 4533 rid.
958 4484 1106 4535 Hermann.
1125 4479 1159 4531 ad
1178 4481 1270 4546 Viget.
