3042 5125
258 315 320 377 564
692 311 961 374 HERODOTI

259 503 344 593 γάλη
363 495 401 572 ἐν
414 499 567 592 Σπάρτῃ.
600 517 686 573 τοῖσι
706 502 744 571 dl
763 504 800 571 ἐν
819 506 861 592 τῇ
881 505 974 591 φυλῇ
987 498 1092 590 ταύτῃ
1105 496 1247 592 ἀνδράσι
1266 497 1306 571 οὐ
1324 499 1379 590 γ’ἃρ

260 703 383 755 ohomen.
393 718 420 768 p.
431 687 491 765 320,
501 700 546 751 hic
555 717 610 752 uon
618 701 652 752 de
660 703 727 753 tribu
737 703 802 767 (pv-
853 705 924 766 tior,
940 703 974 753 de
991 718 1045 768 qua
1063 703 1099 753 ed
1113 703 1223 753 initium
1240 701 1317 751 huius
1329 716 1381 765 cap.

261 768 323 838 λὴ),
350 772 399 823 sed
424 770 458 823 de
478 772 595 836 poetria
616 775 723 821 tentum
746 774 803 838 agi.
853 771 1095 836 monuimus,coll.
1110 773 1159 836 IV,
1174 772 1232 822 147.
1257 772 1323 821 Nam
1333 786 1383 822 sen·

260 844 330 894 Nem
344 846 399 893 tres
416 840 605 904 olimSpsrtoe
617 840 702 891 fuisse
715 842 803 893 tribus
854 857 901 893 sus
916 846 970 893 est:
993 842 1030 892 Hi
1043 842 1114 892 enim
1130 841 1211 892 huius
1230 839 1381 906 genuerim,

262 903 377 976 (φυλὰς)
388 925 442 962 uon
451 910 531 960 aliter
539 915 623 976 atque
635 910 663 959 iu
675 909 738 961 aliis
747 911 805 962 Do·
854 912 901 977 qui
914 910 1003 962 nullos
1014 910 1181 977 reliquerant
1190 916 1282 972 natos,
1293 908 1383 959 oraculi

261 997 320 1032 rum
343 980 504 1031 civitatibus
529 981 597 1031 satis
616 983 727 1030 constat
754 979 802 1043 (ot.
854 983 931 1033 iussu
956 979 1019 1047 (quo
1038 980 1096 1033 soil.
1119 980 1221 1031 malum
1245 982 1384 1029 everterent

261 1050 341 1102 modo
357 1048 480 1101 Mueller.
500 1051 566 1099 Dor.
586 1050 624 1100 11.
642 1065 670 1115 p.
689 1048 750 1113 70),
771 1049 804 1100 de
853 1049 1030 1115 subolemque
1044 1050 1199 1114 servarent)
1211 1047 1336 1114 templum
1350 1049 1384 1098 iu·

261 1135 375 1188 quarum
392 1134 449 1170 una
468 1123 560 1170 tamen
577 1117 604 1169 h.
621 1116 640 1168 l.
657 1133 711 1169 non
732 1120 805 1185 eogi-
854 1121 956 1170 risrum
971 1120 1032 1170 Laii
1052 1125 1080 1171 et
1094 1119 1244 1184 Oedipodis
1262 1123 1384 1169 exstruxe·

262 1191 373 1240 tandum
385 1204 445 1240 esse
458 1190 548 1254 quiris
568 1186 717 1253 intelliget,
735 1189 805 1239 adeo
855 1195 927 1240 runt.
952 1189 1054 1240 Furiae
1072 1189 1144 1239 enim
1163 1187 1268 1254 templo
1281 1190 1384 1252 ipserum
1454 1199 1455 1216 ι

261 1265 293 1310 ut
303 1274 356 1309 vox
368 1252 443 1323 φυλὴ
455 1256 578 1308 hocloco
592 1257 754 1321 accipienda
764 1258 805 1309 vi·
856 1260 885 1309 in
900 1258 1028 1309 honorem
1043 1263 1184 1309 exstructo
1200 1259 1299 1324 pieque
1310 1258 1337 1306 in
1345 1256 1385 1306 hoe

263 1330 360 1380 dentur
371 1327 496 1393 degente
511 1341 534 1379 s.
553 1326 672 1390 semilis,
690 1342 806 1393 quarum
856 1329 916 1393 ipso
926 1327 1016 1379 cultae
1028 1344 1062 1379 sc
1072 1327 1201 1393 placatae
1216 1343 1273 1377 non
1284 1324 1386 1390 emplius

262 1397 353 1464 plures
365 1396 400 1446 sd
414 1411 495 1447 unam
511 1397 678 1461 eundemque
691 1398 806 1447 istarum
856 1399 885 1447 in
904 1398 993 1463 gentis
1017 1396 1139 1450 subolem
1157 1397 1269 1448 saevire
1288 1410 1386 1461 umque

263 1467 344 1517 trium
367 1466 486 1516 tribuum
503 1466 698 1531 pertinuerinn
724 1465 807 1532 phra-
856 1468 937 1517 morti
966 1467 1074 1518 trudere
1103 1467 1283 1532 putabantur.
1310 1464 1385 1515 Verbo

264 1537 333 1586 trias
347 1534 483 1601 appellari
491 1535 557 1585 licet
568 1551 629 1586 cum
641 1534 773 1586 Muellero
784 1533 804 1585 l.
855 1527 1008 1600 ὑπέμειναν
1024 1538 1053 1586 in
1069 1535 1170 1602 plurali
1188 1534 1386 1599 numeroposito
1453 1543 1455 1586 i

263 1604 488 1657 1.coll.1J0r.11.
506 1619 571 1670 pag.
586 1605 628 1656 77.
642 1609 699 1654 not.
712 1604 738 1667 8,
755 1607 805 1654 sut
856 1606 892 1656 ad
912 1596 946 1653 τὰ
964 1600 1061 1670 τέκνα,
1079 1606 1123 1656 oui
1141 1605 1310 1672 singularem
1324 1602 1387 1654 serbi

263 1676 356 1742 potius
376 1664 451 1740 ὥβὰς
467 1674 540 1740 (oum
555 1674 732 1725 Mommsenio
748 1673 767 1725 l.
786 1673 805 1724 1.
856 1690 997 1725 numerum
1016 1676 1117 1726 Noster
1134 1674 1275 1726 adstruxit
1288 1674 1337 1734 Vl,
1352 1671 1386 1732 tl,

263 1751 291 1797 et
303 1743 443 1795 Bceclshio
455 1743 473 1795 l.
485 1759 570 1808 supra
580 1743 598 1795 1.
612 1759 638 1809 p.
650 1743 723 1808 tt),
741 1758 806 1808 qua·
855 1742 912 1795 noli
924 1744 1044 1805 turbari,
1058 1744 1106 1795 rid
1118 1744 1199 1795 modo
1211 1742 1385 1795 Kuehnerulr.
1454 1781 1455 1786 ,

262 1830 321 1935 ul
328 1812 806 1935 itiitiutffithuttit'
856 1812 1385 1949 iii·.t²l⁸t.r.⁰ltl¹;tnud·
1454 1895 1455 1900 ι

263 1951 373 2004 alterth.
391 1955 416 2016 ἕ.
431 1954 474 2003 ⁸24.
494 1956 551 2002 not.
565 1952 609 2002 21.
633 1951 755 2002 conferri
775 1949 809 2001 de
857 1899 953 2003 sunige
969 1898 1120 2015 loolursng,
1140 1952 1166 2003 0.
1188 1954 1214 2071 ρ
1232 1952 1250 2002 8
1271 1950 1327 2015 (ubi
1343 1945 1386 1998 nis
1454 1933 1455 1940 λ

262 2022 306 2072 his
317 2037 423 2088 quoque
435 2020 677 2086 possuntBoeclrh.
685 2022 714 2071 in
726 2021 807 2086 Corp.
854 2011 992 2087 Ἐρινύων
1002 2017 1091 2072 Λαΐου
1103 2018 1151 2071 sul
1162 2018 1189 2070 Ο
1203 2017 1321 2078 δίποδος
1330 2034 1387 2070 meu·

263 2092 349 2143 inser.
361 2092 384 2146 1.
396 2107 422 2156 p.
436 2090 488 2142 600
500 2096 528 2141 et
539 2090 710 2142 Lachmann:
725 2090 809 2156 Spar·
856 2092 958 2143 tionem
970 2090 1049 2156 iacit)
1066 2108 1083 2143 a
1094 2089 1280 2156 Wesselingio
1297 2091 1347 2140 iem
1358 2086 1387 2137 el·

264 2161 389 2211 tsnische
406 2160 618 2212 Staatsverfass.
634 2177 660 2225 p.
677 2162 743 2222 144,
761 2158 809 2225 qui
857 2161 942 2213 latus.
970 2163 997 2211 V
1001 2163 1127 2213 olclrcn.
1152 2159 1224 2211 heco
1243 2159 1386 2224 adscripsit:

265 2247 324 2281 eam
341 2230 457 2292 tribum,
478 2230 513 2281 ad
528 2246 608 2296 quam
630 2230 811 2295 pertinuerint
857 2232 968 2293 „Dirae
985 2230 1085 2296 quibus
1098 2229 1265 2296 Aegidarum
1279 2226 1388 2294 progeni·

264 2298 384 2365 Aegidae
403 2305 431 2350 et
448 2300 477 2349 in
492 2315 547 2365 qua
569 2299 706 2364 principes
729 2298 810 2365 quasi
859 2306 903 2350 tor
926 2287 1047 2365 oedipus
1064 2299 1156 2350 Furiis
1179 2299 1305 2365 epitatus
1331 2295 1387 2347 ulios

266 2370 435 2433 exstiterint,
452 2370 619 2433 Aegidarum
635 2369 743 2420 nomine
756 2368 810 2419 hoo
856 2383 921 2421 suos
934 2368 1056 2432 devovit,
1069 2384 1086 2419 e
1099 2368 1191 2420 Thera
1207 2364 1387 2435 quodammodo

265 2439 326 2490 loco
340 2438 477 2504 designari
493 2437 657 2489 arbitratur:
677 2438 748 2504 quod
765 2453 810 2489 ue·
858 2443 1023 2501 renovatus,
1046 2437 1130 2488 tilium
1148 2454 1178 2489 se
1198 2438 1306 2489 dicente
1319 2449 1387 2484 sato·

266 2525 318 2576 qne
341 2506 408 2559 mihi
429 2509 567 2574 persuasit
586 2523 674 2575 neque
698 2523 811 2575 persua·
860 2505 970 2573 λείψειν
982 2495 1027 2556 ὄϊν
1040 2497 1340 2571 ἔνλύκοισι,ᾱῑοηιιλιιι
1348 2503 1388 2554 Oe·
1453 2537 1454 2544 ι

266 2582 336 2631 sisse
363 2578 472 2631 videtur
497 2578 664 2646 Kopstadtio
689 2580 731 2630 De
756 2594 809 2629 rer.
859 2577 967 2643 dipodis
988 2568 1142 2643 Ἐριννύες.
1171 2578 1272 2629 Laium
1298 2588 1387 2642 quoquc
1453 2628 1454 2637 ρ

266 2651 388 2700 Laconn.
406 2649 550 2700 constitut.
568 2650 687 2714 Lycurg.
704 2648 810 2714 origine
859 2650 941 2699 Duos
955 2646 1086 2698 dederent
1098 2647 1291 2713 praeeipitem,
1306 2645 1387 2712 quihus

267 2723 295 2769 et
311 2717 402 2769 indole
417 2717 532 2783 (Gryph.
550 2719 627 2781 1849)
644 2735 670 2784 p.
685 2717 728 2770 67.
756 2719 811 2769 Ne·
858 2716 935 2768 illum
952 2717 1051 2784 Pelops
1074 2716 1226 2769 devoverat
1248 2717 1281 2768 ob
1296 2720 1387 2780 raptum

266 2803 319 2854 que
331 2788 413 2839 etiam
429 2788 464 2838 ed
481 2792 612 2853 quattuor
628 2788 690 2838 illas
704 2785 811 2853 phylas,
859 2787 1049 2851 Chrysippum.
1066 2777 1200 2852 'Epsveriv
1213 2785 1310 2851 Oedipi
1323 2787 1387 2835 urs

267 2873 338 2923 quae
351 2857 560 2923 sgr·emmuticis
570 2856 684 2922 suhinde
696 2872 811 2908 comme·
859 2861 963 2907 vocant
973 2857 1100 2923 Tragici,
1120 2855 1219 2908 Aesch.
1236 2856 1263 2908 S.
1278 2871 1302 2906 e.
1316 2851 1386 2905 uuo.

267 2932 420 2988 morantur,
440 2926 580 2989 Pitanem,
598 2927 726 2990 Limnos,
742 2928 812 2976 Mes·
860 2927 903 2978 70.
917 2924 1042 2989 Sophocl.
1054 2925 1122 2977 Oed.
1137 2920 1387 2986 incoluerunt

267 3011 344 3046 soem
357 3002 384 3045 et
394 2996 562 3060 Cynosuram
573 2995 623 3059 (oi.
633 3000 703 3047 nott.
714 2995 749 3046 ad
758 2996 810 3059 111,
861 2995 927 3057 Bu).
945 2996 1039 3062 Eurip.
1050 2994 1196 3048 Phoeniss.
1207 2993 1288 3047 ow
1313 2993 1387 3055 Atqm

268 3066 311 3116 55.
324 3080 349 3127 p.
364 3064 419 3127 08),
434 3080 556 3130 quaeque
571 3066 606 3115 sd
620 3064 694 3125 loca,
714 3064 810 3131 quibus
860 3066 890 3116 C.
904 3065 949 3114 Fr.
960 3065 1107 3117 Hermann.
1121 3066 1149 3115 in
1161 3060 1387 3128 QuaestiounOe
1452 3104 1453 3109 ,

185 3134 188 3141 ’
267 3133 370 3197 singuli
399 3133 529 3197 Spartani
551 3133 718 3197 habitarint,
751 3150 812 3200 spe·
860 3133 1045 3200 dipodd.peg.
1062 3133 1286 3200 improbaturus,
1304 3130 1386 3192 Eriny-

268 3205 354 3263 ctnnt,
366 3203 530 3268 Aegidarum
539 3203 639 3269 phylen
648 3209 679 3255 ut
688 3204 812 3268 quintam
861 3220 906 3255 um
927 3201 1086 3269 religionem
1111 3202 1174 3255 aliis
1198 3219 1303 3271 quoque
1318 3200 1386 3252 one

267 3270 406 3322 retulerim
416 3270 458 3322 vel
468 3273 811 3338 potiusadieoerim,dmy-
861 3274 922 3324 ciae
932 3272 1001 3325 locis
1013 3287 1073 3324 oum
1085 3272 1183 3338 Oedipi
1200 3274 1326 3324 memoris
1335 3282 1385 3319 oon·

268 3340 372 3393 clusam
390 3341 496 3393 scilicet
510 3342 570 3393 sive
583 3341 746 3407 Aegidarum
763 3345 811 3392 tri·
859 3344 981 3394 iunctam
1004 3342 1103 3406 tuisse,
1130 3344 1297 3408 Aegidarum
1313 3352 1385 3390 exem·

268 3412 344 3473 bum3
360 3411 390 3461 id
410 3411 482 3476 quod
501 3411 662 3476 quibusdam
673 3410 810 3479 placuisse
860 3412 933 3478 plum
944 3412 1057 3478 profert,
1069 3407 1385 3479 „quiquumSparteeFu

268 3481 358 3532 video.
381 3481 443 3532 Vid.
461 3480 584 3532 Mueller.
604 3483 670 3532 Dor.
689 3481 727 3532 11.
746 3497 808 3548 pag.
859 3483 918 3534 rias
931 3482 992 3531 Laii
1004 3488 1032 3533 et
1042 3482 1192 3548 Oedipodis
1203 3480 1384 3535 consecrarent,

268 3551 393 3615 49-51,
429 3550 459 3601 C.
483 3552 529 3601 Fr.
554 3552 706 3603 Hermennr
733 3552 810 3602 Grie·
860 3552 1114 3617 proiectonontam
1128 3545 1384 3603 norasacrncousti·

269 3620 379 3672 chische
406 3619 611 3672 Stsatsalterth.
637 3624 660 3685 §-
685 3621 729 3672 24.
752 3626 809 3671 not.
860 3622 945 3673 tuisse
956 3636 1036 3687 quam
1054 3622 1225 3674 intermissas
1238 3616 1384 3672 ceremonia

268 3691 311 3743 22.
330 3691 426 3755 Neque
449 3690 529 3741 aliter
543 3690 718 3742 statuendum
734 3690 811 3742 vide·
860 3692 966 3755 patrias
981 3692 1152 3743 instaurasse
1167 3691 1194 3742 in
1211 3699 1383 3754 nouasquete·

268 3763 313 3810 tur
338 3760 371 3811 de
395 3775 427 3811 ea
455 3762 605 3824 sententia,
634 3776 703 3825 quae
730 3761 810 3824 Aegi·
860 3760 908 3811 des
937 3760 1111 3814 transtulisse
1139 3760 1296 3812 videntur.“
1327 3751 1384 3807 Adl-

269 3827 318 3880 das
336 3829 471 3881 adtribue
488 3832 606 3882 rusticas
627 3829 711 3881 refert
726 3835 810 3895 atque
860 3830 926 3881 ibid.
941 3847 968 3896 p.
984 3830 1041 3894 129,
1053 3832 1100 3882 ubi
1110 3832 1182 3882 idem
1194 3832 1317 3883 observet
1327 3826 1382 3876 haee

268 3898 322 3948 heo
332 3899 404 3949 tribu
418 3905 497 3964 prate
507 3905 534 3951 et
543 3916 647 3965 pascua
658 3899 695 3951 ed
704 3900 811 3964 Tayge·
860 3915 940 3952 socru
954 3899 1096 3965 placandis
1109 3902 1161 3952 diis
1174 3900 1268 3952 inieris
1280 3894 1381 3964 generis

268 3972 325 4016 tum
339 3969 529 4033 comprehendi
541 3969 601 4020 vult
614 3970 730 4035 indeque
740 3969 810 4020 adeo
860 3984 913 4035 que
926 3969 1009 4021 saluti
1020 3985 1053 4020 ac
1064 3970 1242 4023 diuturnitati
1259 3968 1292 4019 ab
1306 3974 1382 4019 eorum

269 4036 356 4100 ipsum
370 4036 535 4101 Aegidarum
552 4054 648 4090 nomen
667 4040 714 4103 (ah
725 4031 810 4103 αἶγες,
862 4040 966 4089 invidie
986 4039 1117 4092 'tuendae
1145 4041 1273 4091 institute
1299 4031 1378 4087 videri·

270 4106 289 4155 i.
303 4120 326 4155 e.
339 4108 452 4170 caprae)
463 4106 573 4158 ductum
584 4113 677 4173 petat3
688 4110 735 4161 vid
744 4110 812 4160 Kor-
862 4108 942 4159 Ocni.
963 4110 1052 4160 etiam·
1060 4109 1261 4177 Naegelsbach:
1277 4101 1381 4158 usello

269 4175 325 4224 tiim
343 4174 385 4222 in:
401 4174 543 4227 Sohlossor
559 4182 587 4226 et
599 4178 699 4229 Beroht
713 4178 813 4229 Archiv
861 4195 927 4231 mer.
938 4178 1067 4245 Theolog.
1080 4195 1143 4247 pag.
1155 4182 1198 4232 65.
1221 4168 1345 4241 Ἐρινύων
1354 4183 1380 4221 01

270 4247 323 4293 etc.
337 4243 383 4293 lV.
399 4259 423 4306 p.
436 4245 495 4294 152.
509 4245 588 4296 Ocni.
602 4248 747 4310 Kopstadt.
759 4247 778 4299 l.
791 4248 811 4300 l.
861 4265 915 4300 uuo
928 4246 1087 4300 Florentino
1101 4249 1163 4301 dedi
1181 4266 1242 4301 cum
1253 4243 1330 4298 Gsisf.
1340 4253 1378 4306 pro

305 4314 377 4361 τοῖσι
391 4304 421 4362 dl
436 4302 467 4361 ἓν
479 4311 512 4380 τῇ
524 4311 599 4380 φυλῇ
611 4306 695 4382 ταύτῃ
703 4332 730 4367 ιι.
744 4334 766 4366 τ.
778 4318 811 4383 λ]
861 4318 936 4385 vulg.
955 4309 1119 4384 Ἐριννύων.
1150 4318 1230 4370 Cous.
1252 4307 1378 4368 Blomlield·

269 4381 373 4433 Eadem
391 4383 525 4435 orationis
545 4389 681 4437 structure
700 4385 812 4451 impedi·
861 4389 889 4438 in
912 4387 1034 4440 Glosser.
1057 4389 1092 4439 ad
1117 4388 1244 4453 Aeschyli
1263 4377 1377 4437 Promoti·
