3042 5125
316 440 378 501 478

750 433 1018 499 HERODOTI

315 632 500 713 ἐπετέλεσε,
524 630 673 696 ἐνθαῦτα
687 626 856 709 κολωνοὺς
873 627 1038 717 μεγάλους
1052 633 1119 696 τῶν
1132 636 1237 698 λίθων
1250 626 1411 698 καταλιπὸν

315 730 484 820 ἀπήλαυνε
498 730 559 821 τὴν
572 731 737 821 στρατιήν.

415 837 503 924 Πρὶν
517 836 554 905 δὲ
568 832 749 904 ἀπικέσθαι
763 836 817 904 ἐπὶ
830 833 889 903 τὸν
899 831 1047 925 Ἴστρον,
1062 833 1213 925 πρώτους
1224 836 1321 923 αἱρέει
1333 837 1412 913 Γέτας

268 856 308 916 93

314 1040 338 1087 si
347 1038 476 1100 Artiscus,
490 1041 521 1087 ut
532 1037 660 1099 diximus,
671 1036 742 1086 idem
752 1037 852 1088 fluvius

313 1114 355 1158 est
369 1114 448 1172 etque
461 1108 548 1169 Telre,
565 1123 644 1171 quem
654 1122 727 1156 nunc
741 1112 852 1170 vocant,

312 1177 483 1242 cogitandum
494 1179 546 1226 erit
558 1179 591 1228 dc
603 1193 636 1226 ea
647 1177 768 1241 regione,
783 1192 852 1242 quac

314 1249 348 1297 ed
366 1253 506 1311 utramque
523 1247 600 1297 fluvii
618 1248 705 1311 ripam
723 1248 779 1296 site
790 1247 852 1296 inde

314 1334 331 1366 e
347 1316 535 1366 Ktrk-Kelesiu
561 1317 772 1381 septentrionem
793 1332 853 1367 ver-

312 1402 357 1435 sus
369 1386 523 1435 extenditur
535 1391 618 1451 atque
636 1386 737 1451 oppida
749 1385 851 1444 Erelrli,

311 1455 391 1505 Dolet
403 1455 510 1518 Agnch,
530 1454 670 1517 Keibilar,
689 1454 786 1517 Kizilji
800 1457 852 1504 Ke-

310 1524 430 1587 lesi,alia
441 1524 638 1590 complectitur.
655 1525 853 1575 Postilerodo-

311 1601 366 1644 tum
375 1633 381 1657 ,
395 1596 443 1659 qui
453 1595 680 1659 primusOdrysus
690 1608 851 1644 commemo-

309 1662 853 1730 rat‚huiusgentis,quaepostbellaPer-

310 1736 368 1785 sien
380 1735 521 1799 imperium
539 1734 673 1800 quoddam
690 1733 850 1799 acquisIvit,

310 1806 410 1854 rneutio
421 1804 452 1852 tit
464 1804 536 1868 apud
547 1803 733 1868 Thucydidem
747 1804 797 1866 (11,
806 1804 850 1854 29.

308 1874 342 1924 95
357 1889 432 1938 seqq.
443 1874 496 1934 IV,
512 1872 587 1936 101),
601 1875 701 1940 quippe
714 1875 792 1923 cuins
806 1889 851 1924 ec·

310 1949 367 1993 tate
383 1944 453 1992 inter
463 1942 598 1993 Thraciae
609 1950 704 2008 gentes
717 1943 851 2006 potentis·

308 2014 377 2063 sima
390 2014 474 2062 fuisse
487 2013 605 2075 videtur,
622 2028 692 2078 quae
704 2013 850 2062 maximam

309 2084 389 2132 huius
411 2088 500 2132 terres
522 2083 640 2133 tenuerit
666 2087 780 2147 partem.
805 2081 848 2131 cf.

309 2154 442 2203 Gatterer.
463 2150 480 2199 l.
497 2150 515 2202 l.
532 2168 596 2217 pag.
615 2152 655 2203 13.
681 2154 720 2203 15.
740 2153 772 2200 41
791 2166 847 2216 seq.

309 2222 357 2273 151
373 2236 448 2284 seqq.
463 2224 490 2270 et
505 2221 560 2271 vid.
575 2224 668 2286 Poppo
678 2219 801 2285 Prolegg.
813 2219 848 2269 ed

308 2289 459 2354 Thucydid.
472 2289 530 2340 Vol.
548 2291 571 2340 1.
590 2292 620 2342 Ρ.
635 2293 660 2341 2.
676 2307 702 2355 p.
717 2290 769 2341 404
781 2306 849 2356 seq„

306 2358 384 2409 Alex.
396 2358 734 2410 ltelreim·Schwarzbach:
754 2362 796 2410 De
808 2375 849 2411 re-

306 2427 355 2478 bus
366 2426 533 2491 Odrysarum
547 2428 678 2493 (Berolin.
694 2430 772 2492 1842)
785 2444 849 2494 pag.

305 2499 330 2559 7,
345 2496 461 2547 Bessell:
473 2499 516 2548 De
528 2498 719 2549 rebnsGeticis
730 2502 779 2564 p.7
792 2515 850 2565 seq.

340 2557 466 2616 ἐνθαῦτα
479 2560 619 2624 κολωνοὺς
631 2564 767 2632 μεγάλους
783 2585 808 2618 κ.
824 2585 846 2617 τ.

306 2635 341 2702 b]
355 2638 506 2703 Lapidibus
517 2641 545 2688 in
554 2637 651 2688 tumuli
662 2639 776 2689 formum
786 2654 848 2689 con-

304 2708 390 2772 gestis
406 2713 580 2758 monuments
594 2710 713 2774 erigere,
726 2724 849 2775 praesor-

306 2779 355 2826 tim
372 2779 503 2828 montium
521 2779 549 2828 in
565 2778 754 2829 cacuminibus
775 2778 849 2829 eliis-

305 2863 358 2913 que
376 2847 445 2898 locis
465 2848 627 2899 editioribus
649 2853 697 2897 eut
719 2850 747 2898 iu
767 2849 847 2898 contl-

304 2919 371 2980 niis,
388 2917 470 2968 moris
483 2917 569 2969 fuisse
582 2918 654 2984 apud
669 2918 787 2969 Graecos
801 2934 847 2968 ee·

305 3002 356 3051 que
374 2993 458 3053 atque
475 2987 622 3039 orientales
637 2987 759 3039 homines
775 2987 847 3037 haud

304 3071 391 3120 panca
417 3062 631 3106 commonstrant
655 3057 753 3109 rudera
778 3057 847 3123 lepi-

303 3124 413 3174 deorum
427 3125 603 3188 tumulorum,
617 3142 686 3191 quae
697 3129 786 3179 sdhuc
798 3141 846 3193 per

301 3193 385 3243 Asiae
401 3199 483 3259 atque
499 3196 626 3260 Europae
650 3196 769 3248 borealis
791 3202 846 3247 tre-

301 3265 362 3311 ctus
395 3264 574 3327 reperiuntur.
608 3265 715 3314 Monuit
739 3268 845 3317 Ritter:

302 3330 385 3381 Erdk.
398 3332 435 3383 ΙΙ.
448 3348 475 3397 p.
493 3334 541 3383 771
553 3349 610 3398 seq.
629 3360 662 3369 —
678 3334 771 3387 Infine
783 3352 842 3400 cap.

301 3402 430 3451 revocari
452 3392 614 3468 ἀπήλαυνε,
642 3404 714 3468 quod
737 3422 752 3455 e
778 3406 843 3456 Suu·

300 3470 382 3520 crofti
394 3470 464 3522 libro
475 3470 615 3538 alteroque
623 3473 841 3540 Schweighaeus.

301 3545 328 3590 et
344 3541 434 3592 Geisf.
452 3547 627 3594 mutaverunt
643 3543 671 3593 in
693 3536 840 3594 ἀπέλαυνε.

300 3611 344 3660 Tu
355 3610 410 3663 vid.
426 3612 541 3664 Bredov.
555 3629 582 3679 p.
594 3612 654 3664 299.

475 3785 541 3837 Car.
560 3785 664 3836 XCIII.

333 3879 460 3952 πρώτους
476 3883 562 3954 αἱρέει
578 3883 664 3945 Γέτας
683 3880 748 3945 τοὺς
765 3877 839 3937 ἄθα-

299 3957 471 4024 νατίζοντας]
496 3961 548 4021 lis,
565 3974 634 4024 quae
644 3959 671 4009 h.
683 3957 702 4010 l.
718 3959 750 4010 ‹le
762 3958 840 4007 Darii

296 4026 394 4077 itinere
422 4034 579 4092 narrentur,
604 4029 733 4078 contiuuo
757 4043 840 4077 enne·

298 4096 397 4156 ctenda
408 4103 485 4158 sunt,
504 4114 573 4162 quae
588 4113 649 4163 cup.
663 4097 696 4147 97
710 4098 790 4148 initio
803 4097 839 4147 le-

297 4168 411 4228 guntur,
435 4181 505 4231 qune
525 4167 687 4217 intermedia
703 4168 839 4231 leguntur,

297 4234 407 4283 adiecta
416 4235 544 4284 videntur
555 4241 665 4301 propter
672 4233 760 4292 Γέτας
773 4229 839 4293 τοὺς

298 4292 537 4364 ἇθααατίζοαταςς
560 4306 583 4353 si
602 4304 708 4370 quidem
729 4307 838 4369 Noster,

297 4371 377 4421 huius
389 4373 478 4436 gentis
492 4374 626 4424 mentione
636 4375 738 4425 iniecta
752 4374 840 4425 noluit

298 4442 423 4491 omittere
440 4444 609 4493 occasionem
632 4460 665 4493 ce
684 4445 838 4509 enarrandi,

296 4526 367 4577 quae
390 4513 417 4561 in
439 4511 491 4563 bec
512 4518 592 4579 gente
612 4514 698 4579 ipsius
720 4516 838 4565 animum

902 1037 1020 1087 maxime
1037 1036 1213 1089 adverterent
1224 1050 1341 1101 quaeque
1350 1033 1412 1084 (irae-

900 1109 951 1169 cis,
963 1108 991 1156 in
1003 1123 1115 1172 quorum
1126 1122 1204 1157 usum
1215 1106 1350 1167 scribebat,
1360 1103 1412 1152 baud

902 1178 991 1227 miuus
1006 1177 1074 1226 mira
1089 1177 1179 1227 videri
1195 1180 1332 1241 poterent,
1351 1174 1411 1222 telem

902 1246 1116 1296 immortalitatis
1138 1246 1219 1297 fidem
1236 1247 1264 1293 in
1285 1248 1356 1308 gente
1369 1242 1411 1290 bar·

901 1317 969 1366 bara
982 1318 1091 1366 minime
1107 1315 1336 1380 exspectantibus.
1351 1312 1411 1360 —ln

901 1387 968 1450 ipsis
984 1385 1120 1436 Herodoti
1143 1387 1237 1435 verbis
1258 1376 1368 1446 πρώτους
1382 1373 1411 1427 αἱ·

902 1449 958 1520 ρέει
977 1450 1064 1512 Γέτας
1083 1461 1159 1505 arete
1183 1453 1353 1520 iungendum,
1370 1464 1411 1499 cun

901 1525 1035 1574 Herodoti
1045 1524 1113 1575 haee
1128 1525 1165 1575 sit
1181 1524 1327 1575 sententia:
1338 1522 1412 1586 priuos

900 1593 982 1658 (inter
989 1595 1124 1644 Threciae
1134 1592 1246 1660 gentes)
1257 1593 1337 1643 fuisse
1344 1590 1413 1648 (letes

901 1679 969 1729 quos
986 1680 1121 1714 armorum
1136 1666 1165 1715 ri
1182 1660 1413 1729 aggredimurque
1430 1704 1432 1709 ⁴

900 1734 1026 1798 subigere
1056 1735 1195 1798 oportuit,
1231 1748 1290 1781 cum
1319 1729 1413 1793 requnse

900 1803 1036 1853 Threciae
1053 1808 1163 1868 gentes,
1184 1816 1297 1868 querum
1312 1800 1412 1849 didonem

900 1873 1002 1923 Durius
1020 1875 1130 1938 attigit,
1147 1872 1222 1922 ultro
1240 1873 1299 1936 regi
1314 1885 1341 1920 ss
1355 1867 1413 1917 dede·

900 1943 970 2004 rint,
990 1944 1038 2007 qui
1055 1942 1176 1995 aTeeri
1199 1942 1318 1990 fontibus
1334 1938 1359 1999 (s
1371 1937 1413 1986 loco

899 2010 1094 2075 Bunarbissar)
1115 2010 1258 2076 profectus
1281 2015 1308 2060 et
1323 2006 1413 2069 Odryse-

900 2096 958 2131 rum
974 2082 1111 2147 regionom
1130 2085 1318 2145 transgressus
1336 2074 1413 2126 relietir

899 2151 933 2200 iis
948 2151 1115 2212 'Threcibus,
1136 2151 1185 2214 qui
1204 2150 1279 2199 circe
1290 2145 1413 2208 Salmydee

900 2235 958 2270 sum
968 2221 997 2284 (i.
1012 2237 1036 2271 e.
1049 2217 1146 2283 Midje)
1160 2218 1333 2279 habitabant,
1345 2229 1413 2281 pertr-

899 2291 940 2339 nit
955 2289 989 2339 ed
1001 2306 1047 2341 eos
1061 2290 1192 2353 Threces,
1209 2291 1257 2353 qni
1268 2283 1412 2353 suprstpol·

897 2358 998 2408 loninm
1026 2357 1168 2423 (Sizeboli)
1199 2363 1228 2408 et
1255 2355 1412 2408 Mesembrlen

898 2428 1061 2494 (Miserria),
1072 2429 1089 2478 i.
1096 2445 1119 2479 e.
1126 2428 1335 2491 septentrionem
1344 2438 1414 2476 rums

898 2497 934 2547 eb
946 2498 988 2547 his
1001 2497 1108 2564 oppidis
1121 2497 1202 2547 sedes
1219 2512 1284 2547 sues
1295 2495 1414 2548 hebebant

897 2567 1075 2632 Scyrmiadee
1095 2571 1122 2618 et
1139 2568 1271 2632 Nipsaei:
1295 2582 1356 2633 quos
1370 2561 1414 2612 inde

898 2637 933 2687 ab
949 2638 983 2689 iis
995 2636 1119 2700 urbibus,
1138 2653 1208 2702 quas
1224 2638 1295 2701 diri,
1305 2649 1379 2700 usque
1389 2631 1413 2682 til

897 2707 1016 2757 Vsrnam
1026 2707 1118 2758 urbem
1127 2744 1134 2767 ,
1144 2723 1216 2772 quse
1232 2723 1303 2758 nuuc
1314 2708 1413 2760 rocstur,

899 2776 1038 2828 habitasse
1053 2775 1233 2840 crediderim,
1256 2776 1323 2826 adeo
1340 2780 1367 2824 ut
1379 2772 1413 2824 ue

897 2851 950 2910 tes,
958 2862 1025 2911 quos
1036 2851 1098 2911 post
1106 2845 1285 2912 Scyrrniadns
1294 2846 1414 2909 erupue-

898 2933 929 2968 os
945 2932 993 2966 rer
1013 2914 1142 2978 offendit,
1165 2918 1232 2967 inde
1250 2933 1268 2968 s
1285 2912 1413 2981 regionibus

896 2987 1006 3038 Vernae
1017 3001 1104 3051 usque
1118 2985 1153 3035 nd
1165 2987 1269 3038 Istrum
1285 2982 1413 3036 consedisse

896 3055 945 3105 illa
961 3060 1035 3106 certe
1052 3059 1145 3105 aetate
1161 3056 1309 3106 admodum
1325 3055 1358 3102 sit
1371 3065 1414 3116 pro

895 3124 995 3176 babile.
1022 3126 1121 3189 Iteque
1144 3125 1173 3175 in
1192 3125 1337 3191 Bulgerise
1350 3119 1414 3187 plani·

895 3195 933 3244 tie
948 3209 1054 3260 quoque
1070 3194 1254 3259 babitabant,
1272 3211 1320 3245 nec
1331 3195 1414 3243 tantum

895 3265 923 3314 in
933 3264 1069 3315 montibus
1085 3263 1168 3329 ipsis,
1183 3269 1216 3316 ut
1230 3266 1306 3331 pouit
1317 3257 1412 3314 Bessell:

894 3335 935 3383 De
953 3334 1032 3384 rebus
1053 3333 1157 3384 Geticis
1175 3350 1204 3398 p.
1226 3334 1318 3387 bcoll.
1338 3329 1412 3382 Ssule:

893 3404 934 3455 De
955 3404 1053 3468 origin.
1071 3408 1098 3453 et
1116 3403 1230 3455 sedibus
1247 3409 1313 3455 vett.
1329 3399 1414 3467 Illyrio

892 3488 960 3522 rum.
973 3471 1192 3537 (Poenav.185tt)
1206 3489 1268 3539 pag.
1276 3473 1318 3523 28.
1331 3473 1360 3521 In
1369 3468 1413 3518 uni-

892 3558 1000 3593 versum
1012 3542 1120 3607 quidem
1135 3541 1224 3594 Getae
1246 3542 1309 3594 olim
1319 3541 1374 3591 loca
1384 3543 1412 3586 te·

892 3614 985 3662 nuisse
1002 3618 1131 3676 putentur
1149 3612 1184 3662 ab
1197 3613 1302 3663 Haemo
1320 3615 1412 3662 extum

890 3696 977 3748 nsque
990 3682 1025 3732 ad
1036 3681 1148 3743 istrum,
1168 3683 1244 3732 intre
1252 3683 1365 3732 Ientram
1379 3676 1413 3725 flu·

890 3752 965 3801 rium
989 3756 1016 3801 st
1039 3753 1157 3802 Pontum
1180 3752 1334 3812 Euxinum,
1359 3758 1413 3813 quet

891 3835 965 3871 nunc
977 3822 1012 3871 ad
1025 3820 1183 3886 Bulgariern
1194 3821 1412 3885 Sersieequepar·

891 3895 946 3941 tem
961 3892 1107 3955 pertinent.
1125 3890 1167 3941 Of.
1186 3891 1321 3944 Gattcrer.
1340 3887 1380 3939 l.l.
1392 3900 1412 3949 p.

890 3958 933 4010 35.
955 3961 1008 4010 Sed
1027 3963 1124 4025 postes
1139 3960 1261 4026 Philippi
1278 3954 1412 4011 Macedouis

889 4034 981 4081 estete
1012 4032 1112 4081 istrum
1153 4031 1267 4082 traiecti
1298 4029 1411 4093 regione,

889 4115 961 4164 quse
969 4115 1042 4150 nunc
1054 4100 1090 4150 ad
1100 4098 1260 4150 ValschIam
1272 4091 1410 4171 utquelleb

889 4169 998 4219 darium
1012 4172 1164 4235 pertinent,
1184 4173 1359 4235 occuparunt,
1374 4162 1412 4211 ubl

889 4240 1152 4292 RomenisDacormn
1161 4240 1269 4291 nominc
1280 4240 1410 4288 innotuere.

889 4307 955 4358 Inde
973 4309 1079 4360 Plinius
1102 4310 1137 4361 H.
1164 4310 1198 4360 N.
1220 4311 1260 4360 IV
1267 4347 1274 4372 ,
1300 4308 1331 4358 25
1351 4301 1409 4368 (1¹2)=
1458 4351 1459 4358 ,

889 4376 1409 4441 „GetaeDaeiltomsnisdieti,⁴‘Quen·
1458 4387 1459 4424 1

889 4463 969 4512 quam
984 4450 1055 4499 enim
1068 4454 1147 4512 sunt,
1164 4450 1209 4514 qni
1224 4450 1307 4504 (letas,
1320 4446 1408 4510 gentem

890 4517 1062 4580 Thracicum,
1075 4534 1091 4568 a
1105 4521 1184 4568 llario
1193 4517 1319 4582 distingui
1331 4511 1405 4569 vetut
