3042 5125
250 374 311 440 684
396 374 666 441 HXOUBSUS
685 375 736 438 ΠΙ
752 375 813 439 AD
829 372 1085 439 HERODOT.
1106 373 1174 452 111,
1191 384 1235 443 98

248 568 296 623 illa
310 568 372 640 ipsa
387 564 548 637 referenda,
574 584 652 621 nemo
672 583 728 621 nou
749 564 895 635 intelligit,
917 564 1053 636 simulque
1074 563 1155 620 etism
1175 566 1393 635 regrediendo:

250 655 303 709 erit
315 653 350 707 ad
363 656 473 721 sonus,
493 651 567 706 unde
580 651 764 706 Herodoteaar
787 651 822 705 de
834 650 915 705 India
935 651 1122 705 narrationem
1143 651 1259 705 fluxisse
1273 651 1314 705 ait
1327 670 1392 706 cre-

249 739 343 794 dibile.
376 739 466 802 Quen
480 737 626 791 Persarum
641 755 656 790 e
671 736 879 790 narrationibus
895 741 980 789 totaaa
993 737 1053 790 lere
1068 736 1193 789 hennam
1209 754 1288 805 case,
1311 738 1390 791 utin

250 824 410 878 universum
436 822 558 876 dubitari
590 822 688 892 nequit
715 821 872 892 dudumque
893 826 1030 875 statuerat
1049 820 1221 875 Rebas-tacu:
1243 821 1339 875 Ueber
1359 822 1391 875 d.

249 910 373 964 Kenntu.
393 907 421 961 d.
437 907 518 961 Alten
533 924 561 960 v.
577 907 676 960 Iudico
691 924 719 976 p.
734 910 770 962 92
784 907 829 959 ed.
850 923 961 961 reruac.
979 907 1122 973 Forster„
1142 923 1174 959 ac
1190 922 1280 976 nuper
1294 905 1392 960 adno-

249 994 313 1048 duru
324 992 451 1047 Mueller.
467 991 597 1062 Prolegg.
619 991 654 1044 ad
670 992 829 1061 Geogreph.
845 992 945 1045 Graec.
962 991 1046 1044 ruinn.
1063 991 1099 1044 T.
1115 991 1139 1044 1.
1155 989 1327 1061 pxxitV1,
1346 994 1392 1046 ita

249 1080 340 1149 ipsius
357 1078 490 1148 probatur
509 1076 655 1147 scriptoris
677 1076 766 1130 nostri
785 1076 941 1130 testimonio
961 1079 1003 1148 (r.
1027 1092 1052 1129 c.
1066 1075 1125 1144 ΙΙΙ,
1149 1078 1209 1130 toz.
1225 1077 1306 1146 loo),
1327 1076 1390 1147 qui,

250 1163 464 1218 Maltsbruuium
475 1162 500 1214 si
511 1161 655 1215 audiamus
669 1160 702 1235 (Ι.
717 1160 736 1214 Ι.
751 1179 779 1232 p.
796 1159 879 1230 322),
895 1161 962 1215 baec
976 1160 1053 1233 ipsa,
1077 1177 1149 1232 quae
1164 1177 1181 1212 a
1197 1159 1293 1215 Persis
1309 1178 1390 1215 acoe-

249 1249 338 1320 perit,
362 1247 396 1301 ad
409 1246 537 1301 notiones
552 1245 625 1318 apud
639 1247 764 1300 Graecos
778 1245 863 1315 vulgo
879 1252 1006 1318 receptas
1021 1247 1108 1315 ruagis
1125 1246 1314 1300 contumuit.
1347 1246 1390 1299 Ac

250 1350 318 1387 sane
333 1333 362 1385 in
379 1333 421 1386 bis
436 1330 520 1384 surita
536 1330 657 1385 inveniri
671 1347 803 1402 perquem
819 1331 901 1399 suita,
916 1331 1000 1385 multa
1015 1330 1096 1384 falsis
1108 1347 1174 1385 vera
1185 1330 1306 1384 admixta
1323 1331 1390 1402 uris

251 1417 382 1488 negabit?
400 1418 499 1487 Neque
519 1432 585 1471 vero
601 1416 652 1470 hoc
665 1416 735 1469 vitio
746 1422 850 1470 vertam
862 1416 935 1486 patri
947 1416 1093 1484 hiatoriae,
1110 1431 1170 1469 cun
1184 1434 1220 1469 ue
1235 1433 1311 1470 nuuc
1325 1416 1391 1488 qui·

249 1502 309 1557 deur
325 1518 441 1574 prorsus
462 1499 567 1572 liqueat
586 1500 620 1554 de
641 1500 678 1554 iis
696 1500 768 1571 ipsis
788 1501 950 1570 regionibus
972 1518 1023 1570 per
1042 1518 1146 1555 omnen
1160 1502 1219 1555 iere
1234 1502 1391 1572 antiquita-

249 1594 303 1642 tem
317 1586 481 1641 densissima
494 1585 612 1655 caligine
627 1585 754 1640 obtectis.
778 1586 892 1641 Accedit
907 1586 980 1656 quod
994 1586 1023 1639 in
1041 1592 1118 1640 tante
1132 1584 1227 1639 huuru
1241 1586 1390 1654 regionam

251 1672 419 1727 obscuritate
433 1670 576 1725 Herodoto
598 1670 753 1725 sciscitanti
771 1689 803 1725 ea
818 1670 988 1743 potissimum
1009 1688 1158 1725 enarrasse
1173 1670 1307 1724 rideatur
1318 1670 1390 1724 Per-

250 1776 314 1827 sas,
336 1775 408 1828 quae
423 1756 493 1827 ipsis
506 1756 619 1809 maxime
632 1756 700 1810 mira
717 1756 881 1810 viderentur
895 1756 1072 1828 ipsorumque
1087 1756 1193 1810 anisaos
1214 1755 1329 1810 maxime
1345 1758 1390 1809 al·

250 1844 384 1897 fecerant.
415 1841 539 1911 Namque
560 1841 611 1895 hae
629 1841 707 1911 ipsae
721 1841 818 1895 Indiae
836 1841 966 1911 regiones
987 1841 1218 1913 septentrionales
1232 1840 1324 1895 miuus
1339 1842 1390 1894 ad·

251 1929 305 1982 huc
316 1927 441 1996 cognitae
455 1926 625 1995 potissimum
641 1932 716 1993 sunt,
732 1943 804 1997 quse
817 1926 940 1997 antiquis
953 1926 1084 1980 indorum
1096 1926 1263 1980 carminibus
1274 1926 1390 1980 maxims

250 2013 439 2079 celebrentur,
459 2010 494 2063 ad
514 2027 584 2082 quas
605 2011 689 2065 multe
711 2018 840 2082 spectent
854 2018 1017 2079 commenta,
1036 2010 1146 2065 tabulae
1161 2012 1292 2065 ludornrs
1309 2011 1338 2064 in
1355 2011 1389 2064 ll-

249 2098 309 2152 bris
322 2098 410 2151 sacris
425 2095 523 2150 obviae
539 2102 567 2150 et
581 2113 632 2166 per
649 2113 752 2150 omnem
768 2099 827 2151 iere
842 2096 934 2150 Asiam
950 2096 984 2150 ad
999 2096 1101 2150 Persas
1120 2096 1186 2150 inde
1200 2096 1328 2167 aliasque
1338 2114 1390 2149 na-

250 2184 341 2236 tione·
362 2188 541 2252 propagatae.
568 2180 650 2235 Unde
674 2182 732 2235 veri
753 2183 786 2236 fit
804 2180 980 2251 simillimum,
1002 2181 1077 2236 hisce
1097 2181 1213 2236 sterria
1232 2181 1390 2236 tabularum

250 2268 390 2322 feracibus
413 2266 480 2319 talia
502 2266 536 2319 ad
551 2265 652 2320 Persas
674 2284 786 2339 quoque
805 2283 948 2321 emanasse
969 2266 1089 2337 indeque
1103 2265 1133 2319 in
1147 2266 1284 2321 Herodoti
1299 2266 1389 2320 libros

249 2352 407 2406 transiisse.
427 2350 542 2405 Praeter
550 2351 696 2419 Vistilium,
712 2353 761 2422 qui
770 2352 836 2405 baec
847 2353 941 2421 attigit
949 2352 978 2405 in
988 2350 1058 2405 libro
1069 2350 1180 2405 lsudato
1192 2370 1221 2423 p.
1232 2355 1294 2419 457,
1306 2352 1391 2423 plura

251 2436 307 2491 rid.
324 2437 352 2490 in
369 2435 482 2490 Ctesiae
496 2438 618 2505 tragum.
639 2454 667 2506 p.
683 2440 717 2491 tt
737 2454 816 2507 seq.‚
839 2454 911 2507 quae
931 2437 975 2490 hic
989 2441 1115 2508 repetere
1131 2454 1186 2490 non
1200 2442 1291 2490 vacat
1327 2436 1390 2489 Aris

250 2521 390 2595 placuisse
404 2521 486 2577 rideo
501 2521 654 2593 Schlegelio
669 2522 731 2577 ind.
743 2521 816 2576 Bibl.
832 2521 850 2576 Ι.
864 2521 882 2576 Ι.
899 2541 927 2595 p.
941 2525 1000 2592 1⁴7,
1016 2523 1065 2595 qui
1080 2521 1151 2577 idere
1165 2521 1219 2576 alio
1231 2522 1292 2577 loco
1302 2523 1390 2596 (ller-

250 2608 299 2662 lin.
317 2607 474 2661 Taschenb.
495 2610 563 2663 1829
578 2626 606 2679 p.
623 2610 673 2676 83)
694 2609 765 2662 scite
786 2609 926 2677 admonet,
948 2608 1014 2662 talia
1035 2608 1070 2662 ad
1090 2608 1255 2662 Germaniae
1274 2624 1390 2680 quoque

251 2694 350 2764 poetas
361 2699 486 2762 veteres,
502 2711 529 2745 v.
545 2711 570 2747 c.
586 2693 620 2746 ad
631 2693 784 2748 Titurelem
798 2692 1000 2748 Esclrenbacbii
1011 2693 1144 2762 fluxisse,
1155 2693 1202 2747 ubi
1211 2693 1292 2747 India
1307 2710 1390 2764 prae-

250 2778 359 2833 dicatur
373 2778 461 2832 omnis
476 2778 628 2850 sapientire
643 2795 760 2833 ucenae
771 2795 886 2849 parens,
904 2795 975 2849 quae
986 2778 1074 2834 omnia
1085 2794 1202 2848 arcana,
1219 2779 1309 2832 omnia
1320 2779 1391 2832 mira

251 2863 444 2936 stupendaque
459 2863 608 2917 contiueat.
640 2864 732 2935 Atque
750 2863 779 2917 id
793 2863 883 2935 ipsum
897 2882 1007 2935 quoque
1020 2864 1050 2917 iu
1068 2862 1118 2917 tali
1133 2864 1298 2934 quaestione
1313 2863 1390 2917 haud

251 2949 430 3020 praetermitti
445 2948 536 3016 debet,
551 2950 625 3020 quod
642 2948 714 3002 haud
725 2957 828 3019 pauca,
844 2949 906 3003 olim
920 2950 1047 3004 fabulosa
1057 2950 1157 3003 fictave
1168 2966 1239 3021 quae
1254 2949 1389 3003 rideban-

251 3040 312 3102 tur,
335 3051 410 3087 nuue
422 3032 488 3086 talia
503 3033 610 3088 ruiniuie
626 3052 689 3088 esse
703 3033 850 3103 videntur,
871 3033 933 3106 ipat
947 3034 1022 3089 terrt
1036 3033 1192 3089 accuratius
1207 3033 1334 3103 cognitd3
1357 3039 1391 3087 ut

250 3134 318 3171 sane
335 3118 370 3171 de
391 3117 454 3171 aliis
476 3134 602 3188 quoque,
626 3135 698 3189 quae
716 3136 768 3173 uos
790 3119 946 3188 offendent,
967 3137 1022 3174 nou
1046 3120 1107 3174 siue
1127 3119 1256 3174 cautione
1270 3119 1389 3191 quadani

251 3200 372 3255 adhibite
387 3201 468 3254 nobis
486 3201 523 3254 sit
539 3203 783 3271 pronuntiandum.

335 3285 481 3341 Persarum
497 3286 585 3356 igitur
599 3306 614 3341 e
630 3289 837 3343 narrationibus
851 3289 989 3343 maximam
1004 3295 1109 3360 partera
1124 3288 1241 3343 deducta
1256 3290 1390 3344 videntur

251 3388 300 3438 ea,
320 3388 392 3442 quae
413 3371 448 3425 de
465 3370 546 3425 ludis
562 3372 669 3427 Noster
691 3374 802 3427 retulit:
823 3374 892 3427 alios
912 3381 1056 3445 praeterea
1076 3376 1168 3428 tonus
1190 3392 1255 3428 nuru
1276 3374 1387 3441 adierit,

250 3457 331 3511 valde
342 3457 477 3511 incertum
492 3461 578 3511 estse
590 3457 712 3512 dubium.
732 3459 816 3523 Quod
826 3459 896 3513 enirn
909 3465 937 3514 et
949 3460 1116 3514 Hecataeum
1128 3464 1157 3513 et
1171 3460 1346 3514 Herodotum
1359 3460 1387 3512 in

251 3543 300 3612 iis,
318 3559 389 3613 quae
405 3542 439 3596 de
450 3542 530 3596 India
546 3552 676 3612 narrant,
697 3544 821 3612 Scylaois
835 3544 1043 3614 Carysndensis
1057 3545 1106 3617 (de
1122 3561 1178 3616 quo
1193 3545 1250 3598 vid.
1265 3545 1387 3597 Excurs.

250 3627 305 3680 ΧΠ
318 3628 352 3682 ad
362 3628 410 3694 IV,
423 3628 472 3694 44)
486 3629 602 3697 vestigia
614 3637 777 3700 persecutos
793 3647 855 3682 esse
871 3629 1141 3684 vultSchwanbeclrs
1156 3630 1198 3683 Dc
1209 3630 1386 3700 Megastheu.

250 3730 320 3767 rerr.
338 3712 419 3766 ludd.
436 3714 543 3782 scriptt.
562 3733 589 3784 p.
605 3717 632 3769 6.
647 3720 679 3769 7:
699 3715 728 3767 id
745 3715 817 3767 ouini
837 3723 997 3785 argumento
1020 3716 1180 3770 destitutum
1195 3722 1255 3782 eet,
1279 3732 1340 3768 cusu
1355 3713 1388 3766 li·

248 3797 300 3851 ber
315 3797 377 3864 ille,
402 3815 456 3868 qno
469 3798 608 3868 Scylacem
622 3800 824 3868 navigationem
841 3801 919 3855 Darii
938 3801 1017 3855 iussu
1033 3801 1188 3855 institutam
1201 3801 1387 3870 descripsisse

250 3889 364 3953 putant,
385 3883 528 3938 Herodoto
550 3885 622 3938 haud
641 3886 770 3955 cognitus
791 3886 891 3953 fuerit,
913 3891 945 3940 ut
963 3887 992 3939 in
1008 3885 1206 3940 XII-Excursu
1230 3886 1264 3940 ad
1279 3885 1337 3956 IV,
1352 3889 1388 3944 44

249 3968 471 4022 monstravimus.
504 3970 565 4024 Nec
585 3972 671 4039 magis
693 3971 763 4023 alios
779 3971 947 4041 scriptores,
968 3971 1170 4041 logographos,
1188 3973 1294 4025 Noster
1308 3970 1386 4023 adhi-

249 4052 346 4104 buisse
360 4053 485 4121 videtur,
501 4055 549 4124 qui
564 4057 673 4110 ornnino
685 4073 769 4110 nuum
785 4061 889 4110 tanturn
906 4075 939 4111 ex
956 4057 998 4110 his
1012 4056 1190 4126 logograplris
1204 4056 1316 4110 noverit
1329 4057 1385 4109 He-

250 4142 387 4189 cutueunrz
402 4155 488 4206 quare
504 4140 607 4210 siquid
622 4141 728 4195 Noster
742 4142 872 4195 derebus
886 4141 990 4195 Indicis
1006 4143 1104 4196 debeat
1119 4142 1282 4195 auctoribus
1297 4142 1385 4194 Grae-

250 4220 300 4286 cis,
315 4221 343 4273 id
357 4239 390 4273 ex
401 4221 540 4276 Hecataeo
551 4226 723 4296 desumptum
739 4246 803 4281 esse
813 4231 893 4298 putat
902 4227 1029 4282 Mueller.
1046 4227 1065 4279 Ι.
1077 4226 1095 4280 Ι.
1108 4247 1135 4298 p.
1147 4224 1272 4281 xxxvl.
1301 4226 1385 4290 Quod

249 4323 316 4359 vero
332 4306 423 4377 ipsuru
443 4307 524 4378 quale
543 4310 597 4378 sit,
618 4327 677 4364 curu
692 4311 802 4365 definiri
814 4317 947 4382 nequeat,
973 4312 1039 4366 nihil
1051 4331 1085 4366 ex
1097 4313 1236 4368 Hecataeo
1251 4315 1384 4368 Nostrum

249 4392 278 4445 in
293 4391 344 4462 iis,
360 4408 432 4463 quae
446 4391 481 4446 de
496 4393 576 4448 ludia
593 4396 705 4466 retulit,
722 4399 862 4467 accepisse
877 4398 991 4453 credere
1005 4397 1101 4452 malim.
