3042 5125
286 410 349 472 234

719 405 987 468 HERODOTI

287 621 370 687 φασι
391 603 488 669 τοῦτο
508 595 697 670 άκοάσαντιι
717 601 774 669 καὶ
792 594 983 686 ἀλγήσαντα
1000 600 1048 686 τῷ
1067 591 1192 665 ὀνείδεϊ
1215 598 1397 684 ἐπιθυμῆσαι

287 701 349 773 οὐκ
363 700 451 773 οὕτω
465 700 524 771 τὸν
539 712 679 773 είπαντα
691 707 796 772 ταῦτα
809 709 984 786 τίσασθαι,
1000 694 1045 778 ὡς
1058 696 1272 785 Πολυκράτεα
1285 697 1397 779 πάντας

222 804 464 892 121άπολίσαι,
481 803 529 876 δι’
543 804 584 875 ὅν
597 835 673 876 τινα
686 810 795 885 κακοῖς
808 801 938 892 ἤκουσε.
979 808 1025 872 Oi
1036 803 1074 871 ui
1087 801 1259 881 ἐλάσσονες
1272 805 1397 889 λέγουσι,

289 914 416 998 πέμψαι
432 907 577 998 Ὀροίτεα
590 913 624 990 ἐς
636 908 755 998 Σάμον
768 906 915 997 κηρυκα,
936 903 1014 976 ὅτευ
1029 903 1070 995 δὴ
1087 904 1248 994 χρήματος
1262 904 1397 993 δεησόμε-

287 1035 365 1083 νον·
393 1009 435 1082 οά
447 1010 512 1102 γάρ
532 1004 581 1082 ὦν
595 1010 636 1102 δὴ
649 1011 746 1082 τοῦτό
761 1039 800 1099 γε
813 1015 959 1099 λέγεται·
986 1010 1042 1079 ’καὶ
1061 1006 1119 1078 τὸν
1131 1006 1341 1096 Πολυκράτεα
1352 1034 1397 1075 ιυ-

287 1134 360 1206 χεῑν
373 1123 613 1204 κατακείμενον
626 1119 663 1185 ἐν
676 1113 859 1202 άνδρεῶνι,
874 1129 1030 1203 παρεῖναι
1045 1116 1085 1182 δέ
1095 1118 1129 1181 οί
1139 1114 1195 1181 καὶ
1207 1111 1400 1199 Ἀνακρέοντα

287 1219 346 1291 τὸν
365 1220 482 1309 Τήϊον·
509 1227 567 1289 καί
579 1246 662 1307 κως,
687 1217 748 1288 εἴτ’
763 1222 800 1288 ἐκ
821 1225 979 1306 προνοίης
998 1213 1102 1286 αὐτὸν
1120 1218 1352 1303 καταλομέοντα
1368 1211 1399 1282 τά

285 1321 437 1413 Ὀροίτεω
458 1320 650 1412 πρήγματα,
672 1332 737 1391 είτε
753 1323 810 1390 καί
828 1328 988 1408 συντυχίη
1009 1347 1058 1400 τις
1077 1317 1213 1407 τοιαύτη
1234 1319 1399 1405 ἐπεγίνετο·

286 1494 320 1545 47
335 1496 364 1543 et
377 1491 411 1542 ad
425 1505 502 1542 usum
512 1490 680 1554 pronominis
697 1477 738 1539 ὅν
754 1504 831 1539 τινα

288 1565 317 1613 in
327 1576 404 1627 seqq.
418 1563 488 1610 nott.
502 1560 538 1610 ad
550 1561 598 1622 IV,
611 1559 638 1611 8.

467 1732 535 1783 Car.
548 1731 646 1784 CXXI.

322 1825 357 1885 οὐ
368 1826 422 1900 γάρ
434 1821 474 1885 άν
487 1826 532 1902 δὴ]
549 1835 631 1899 „Via
644 1835 667 1897 1,
680 1833 715 1885 19
723 1836 751 1883 et
764 1832 830 1883 Gre-

285 1922 344 1971 gor.
362 1904 485 1956 Corinth.
505 1920 568 1971 pag.
585 1903 637 1956 390
656 1902 699 1954 ed.
718 1901 829 1979 Schpel.

286 1977 378 2040 ibique
392 1975 547 2041 interprett.
576 1975 618 2025 De
631 1964 665 2022 οὗ
679 1964 733 2036 γὰρ
747 1969 784 2036 δη
798 1985 828 2035 γε

285 2041 826 2108 adel.Doederlein.Actt.philihhonsco.

285 2117 308 2166 Ι.
323 2129 387 2179 pag.
397 2112 439 2167 31.
450 2116 466 2142 ‘⁴
488 2115 535 2165 Gr.
567 2113 609 2164 De
627 2109 770 2177 particulis
790 2097 829 2159 nin

286 2176 322 2248 δὴ
336 2184 548 2250 vid.1iphemer.
561 2183 684 2235 Ienenss.
698 2181 774 2233 1817.
785 2195 826 2229 nr.

288 2252 447 2318 163.μ.351.
474 2252 587 2317 Stegero
604 2251 649 2300 hic
658 2248 734 2301 locus
745 2248 829 2315 expli·

286 2322 388 2372 eandm
401 2324 510 2374 videtur
524 2337 572 2386 per
584 2321 749 2372 sententiam
765 2334 829 2393 τηρ·

285 2382 829 2537 33333χέ3333333ίῖ3333

285 2529 417 2581 constitui
430 2529 561 2582 debeant:
582 2542 682 2592 cayno
697 2520 733 2594 δὴ
746 2541 829 2577 τουτο

286 2614 316 2663 γε
328 2593 449 2664 λέγεται·
470 2588 537 2648 οὐδὲ
549 2585 588 2649 ὧν
600 2588 652 2663 ipsi
665 2592 717 2661 ἔχω
730 2591 827 2661 λέγειν.

287 2669 392 2731 Quibus
406 2674 482 2722 certe
496 2669 543 2719 vix
555 2683 633 2734 opus.
668 2668 743 2720 Satis
755 2669 826 2717 enim

285 2739 414 2804 expedita
435 2739 543 2791 videtur
570 2739 722 2789 sententias
749 2753 829 2803 neque

285 2813 348 2861 caim
359 2812 479 2875 iustique
488 2808 572 2874 (quod
582 2809 716 2874 petiturus
729 2822 828 2873 praeco

285 2880 357 2944 erat)
379 2882 472 2930 dicitur
489 2879 537 2942 (ab
554 2878 604 2941 iis,
625 2878 671 2942 qui
684 2877 752 2928 haec
766 2891 828 2925 ner·

283 2950 372 3012 rant).
400 2949 448 2999 Ad»
461 2947 625 2999 locutionem
645 2934 722 2996 ὅτευ
737 2938 778 3011 δὴ
791 2946 826 2996 cI.

284 3018 309 3077 1,
324 3017 463 3082 Shibiqne
476 3023 546 3068 nott.
574 3010 610 3066 οί
627 3009 663 3065 δὲ
681 3007 827 3066 ἐλάσσο-

285 3101 341 3142 νες
353 3090 463 3165 spectat
472 3088 506 3137 sd
517 3086 558 3148 id,
574 3085 646 3151 qnod
656 3101 716 3150 cap.
730 3083 828 3137 12010-

283 3155 372 3220 gitnr:
386 3148 483 3220 coenis
495 3148 531 3204 οί
543 3152 692 3212 πλεῦνες
707 3149 824 3219 λέγουσι.

283 3253 318 3264 -
329 3222 371 3274 Ad
382 3214 510 3290 άνὸρεάν
525 3225 598 3274 conl.
616 3228 686 3274 nott.
701 3225 736 3274 ad
751 3225 779 3286 1,
792 3223 826 3274 34

284 3297 312 3345 at
325 3292 451 3343 Creussr.
469 3294 498 3343 in
510 3294 599 3344 Wien.
610 3293 724 3344 Jahrbb.
739 3293 826 3344 LVII.

318 3432 450 3493 nupsisse
475 3425 506 3478 δι’
530 3423 560 3478 οἱ
577 3423 626 3477 καλ
646 3419 827 3493 Ἀνακρέοντα

282 3491 332 3550 τὸν
346 3490 447 3566 Τήϊον]
471 3501 671 3550 Anacreontern
689 3498 763 3563 apud
775 3501 827 3550 Po·

281 3570 427 3636 chratens‚
452 3569 500 3634 qui
524 3568 614 3633 plures
639 3570 747 3618 omnino
767 3571 826 3620 eius

282 3639 384 3690 aetatis
398 3640 471 3690 viros
487 3637 593 3689 artibus
605 3639 761 3703 ingeniique
771 3637 827 3689 cnl-

283 3714 312 3760 tu
328 3710 449 3774 insignes
471 3723 562 3759 secum
578 3707 688 3770 habuit,
710 3723 826 3759 commo·

281 3787 371 3830 ratum
390 3779 476 3830 luisse
495 3775 552 3828 alia
571 3792 680 3842 quoqne
696 3779 826 3828 evincunt

282 3849 455 3910 testimonia,
471 3847 595 3910 inprimis
609 3847 736 3897 Strabon.
750 3848 824 3898 XIV.

281 3934 344 3984 png.
359 3918 411 3970 438
431 3933 452 3967 s.
466 3916 518 3968 945
537 3915 598 3966 coll.
617 3916 724 3966 Aelian.
738 3918 771 3967 V.
787 3917 823 3966 Η.

280 3988 374 4048 IX,4.
391 3988 447 4037 XII
456 3986 516 4048 ,25
534 3986 654 4036 Pansan.
670 3984 698 4050 1,
714 3987 740 4036 2.
759 3990 784 4050 ς.
797 3985 823 4036 3.

282 4057 386 4110 Himer.
402 4056 448 4106 Or.
458 4056 544 4106 XXX.
555 4058 580 4118 ς.
593 4057 617 4104 4.
635 4056 659 4105 5.
688 4054 758 4105 Add.
772 4056 826 4106 Pa·

280 4125 379 4176 noslrs:
390 4124 520 4176 Samiorr.
530 4139 574 4175 res
585 4139 647 4189 pag.
659 4124 701 4187 36,
715 4130 742 4176 et
752 4126 824 4191 qnod

282 4194 318 4244 ad
340 4194 539 4245 Anacreontem
566 4194 687 4258 proxime
713 4196 824 4257 attinet,

281 4263 418 4314 Moabium
443 4263 470 4312 in
496 4267 671 4328 commeptat.
696 4263 735 4314 de
752 4265 824 4315 Ana-

281 4333 400 4384 creontis
408 4333 468 4382 vita
480 4336 507 4383 et
518 4334 736 4398 carminn.‚quae
747 4350 825 4399 prae·

280 4403 336 4453 fixa
352 4406 394 4452 est
405 4401 534 4465 editioni,
549 4417 621 4467 qnae
636 4402 717 4454 Goth.
732 4408 760 4453 et
773 4405 824 4454 Er-

281 4472 354 4523 lorllt
375 4471 479 4537 prodiit
491 4487 562 4522 anno
577 4470 643 4523 1826
659 4470 732 4538 (Vol.
747 4475 823 4524 XIX.

882 1486 1033 1538 hiblclass.
1042 1487 1106 1537 cusa
1115 1484 1339 1549 Iaoohsetitost.)
1348 1499 1398 1549 pag.

881 1558 951 1608 VIII
963 1571 1049 1621 τερα,
1064 1555 1111 1606 uhi
1122 1554 1236 1606 aliorum
1248 1570 1358 1620 qnoque,
1372 1554 1399 1602 de

881 1627 923 1676 his
936 1629 983 1691 qui
998 1625 1183 1690 disputarunt,
1197 1624 1337 1675 laudantur
1346 1624 1398 1674 scri·

880 1696 997 1761 ptiones.
1026 1695 1148 1744 Maximi
1160 1694 1231 1745 enirn
1244 1694 1313 1759 apud
1324 1699 1398 1756 tyran·

881 1780 943 1816 num
954 1764 1044 1831 gratia
1053 1778 1214 1829 summaque
1225 1765 1290 1814 adeo
1302 1760 1399 1812 familis·

881 1836 964 1885 1·itste
984 1834 1078 1884 floruit
1098 1836 1195 1898 polita,
1221 1834 1265 1899 qui
1283 1832 1398 1898 ingenius
1469 1828 1471 1891 l

878 1905 952 1955 illins
969 1904 1064 1953 durum
1081 1908 1142 1953 arta
1156 1918 1207 1954 sna
1225 1903 1313 1952 mitius
1327 1900 1398 1950 redii·
1470 1906 1471 1925 ³

879 1975 951 2025 disse
969 1972 1066 2023 fertur.
1102 1974 1164 2035 Quo
1179 1977 1282 2022 mortno
1298 1971 1399 2021 Athenas

879 2045 1076 2094 Anacreontem
1086 2043 1233 2092 arcessivit
1239 2039 1398 2106 Hipparchus,

879 2112 1019 2164 Pisistrati
1029 2112 1115 2173 filins,
1128 2112 1203 2178 apud
1216 2127 1293 2177 quesn
1304 2125 1351 2159 non
1360 2108 1398 2156 mi-

879 2183 939 2232 nori
955 2182 1047 2231 floruit
1065 2183 1150 2246 poiita
1164 2180 1323 2231 anctoritate
1342 2192 1399 2230 san-

880 2252 982 2317 misqne
1001 2250 1151 2301 honoribus
1168 2252 1222 2301 fuit
1237 2254 1341 2301 ornatus
1359 2245 1396 2309 (cl.

879 2321 950 2371 Plat.
962 2320 1112 2385 Hipparch.
1122 2335 1149 2385 p.
1160 2320 1211 2372 228
1222 2319 1272 2383 (λ.)-
1288 2316 1399 2368 8ει11ιιι

879 2386 1398 2442 nnoverboinslieassesuiticiatadhnnc

878 2460 983 2521 Iocum,
1006 2473 1085 2524 quern
1108 2463 1167 2509 turn
1189 2459 1223 2510 ad
1240 2454 1398 2508 Anacreontis

879 2533 999 2582 aetatem
1010 2529 1245 2592 constituendam,
1256 2533 1308 2579 tum
1320 2524 1399 2575 sdPo·

879 2600 991 2665 chratis
1002 2605 1125 2665 tempora
1135 2599 1286 2651 definienda
1295 2590 1398 2647 nonnihil

879 2669 969 2720 valere
987 2684 1067 2720 nemo
1090 2685 1146 2719 non
1167 2671 1250 2722 videt.
1287 2666 1317 2717 In
1336 2663 1398 2716 cuius

878 2740 959 2790 rebus
974 2754 1035 2789 cum
1047 2739 1114 2788 nihil
1131 2738 1188 2791 fere
1203 2739 1238 2789 sd
1257 2741 1350 2788 cortun
1362 2745 1399 2781 sn·

879 2824 942 2859 num
971 2809 1095 2859 revocari
1122 2814 1224 2873 queat,
1258 2812 1287 2857 ut
1310 2801 1399 2854 monuit

879 2876 1000 2929 Schultz.
1022 2879 1051 2928 in
1068 2880 1171 2943 Appsr.
1190 2878 1276 2930 critic.
1292 2890 1349 2941 pag.
1364 2869 1398 2928 3⁰·

879 2953 986 3014 praeter
1006 2962 1099 2998 necem
1116 2963 1184 2998 ann.
1202 2947 1252 2998 523
1268 2960 1293 2995 a.
1309 2942 1363 2994 Chr.
1377 2954 1398 2988 n.

878 3033 901 3068 s.
913 3016 1020 3081 Olymp.
1029 3016 1127 3081 LXIV,
1139 3020 1151 3069 1
1164 3023 1196 3068 et
1204 3014 1327 3066 auxillum
1335 3012 1399 3061 Can·

877 3086 939 3151 byei
961 3087 1113 3151 Aegyptum
1142 3085 1283 3138 invadenti
1305 3082 1397 3132 missurn

877 3170 949 3206 anuo
960 3156 1011 3206 525
1021 3172 1046 3206 a.
1060 3156 1123 3208 Chr.
1134 3171 1173 3219 n.,
1191 3171 1258 3221 qnae
1266 3153 1309 3203 hic
1317 3152 1347 3201 sb
1355 3148 1398 3198 Hs·

876 3226 974 3276 rodoto
986 3225 1154 3288 referantur,
1167 3242 1203 3277 ea
1214 3226 1242 3275 in
1255 3236 1346 3272 annum
1356 3215 1398 3268 521

877 3311 903 3346 a.
919 3294 980 3345 Chr.
998 3309 1024 3345 n.
1043 3295 1162 3347 incidere
1181 3305 1340 3357 consequens
1356 3288 1397 3337 est.

877 3363 919 3414 Ad
932 3364 1039 3428 olymp.
1056 3364 1157 3418 LXIV.
1170 3365 1188 3416 3
1209 3380 1231 3416 s.
1246 3363 1294 3415 522
1309 3376 1333 3410 s.
1345 3355 1395 3406 cn.

877 3449 903 3486 n.
917 3433 984 3483 haec
1004 3432 1135 3483 retulerat
1153 3433 1271 3484 Clinton.
1284 3430 1310 3478 in
1322 3428 1396 3484 rest..

876 3503 923 3553 nbi
934 3500 989 3553 vid.
1000 3503 1154 3554 Larcherns
1163 3500 1311 3568 Polycratis
1320 3507 1396 3546 neecn

877 3573 955 3637 ponit
970 3571 998 3622 iu
1015 3587 1079 3622 ann.
1097 3573 1149 3624 523
1170 3588 1199 3626 a.
1213 3572 1274 3623 Chr.
1294 3585 1317 3618 n.
1332 3581 1351 3615 s.
1360 3561 1395 3613 01.

876 3642 999 3701 LXIV‚2
1010 3640 1092 3700 (Tab.
1103 3641 1259 3707 chronolog.
1267 3632 1395 3704 pag-&Oli

876 3710 1003 3761 Panofka
1017 3710 1163 3771 (Samiorr.
1183 3728 1227 3763 res
1244 3725 1302 3776 pag.
1315 3703 1359 3767 41)
1373 3702 1395 3749 in

878 3779 985 3845 Olymp.
998 3780 1096 3841 LXIV,
1109 3781 1132 3831 l.
1157 3782 1263 3832 Flornit
1274 3782 1396 3829 Anacreon

875 3851 950 3900 circa
965 3848 1071 3914 Olymp.
1084 3850 1172 3912 LXII,
1184 3854 1201 3902 2
1214 3867 1235 3902 s.
1251 3848 1297 3900 531
1310 3862 1332 3895 s.
1345 3840 1396 3891 Chr·

874 3934 901 3968 n.
911 3937 919 3982 ς
939 3919 1012 3969 circa
1022 3918 1130 3984 Olymp.
1140 3921 1241 3982 LXIII,
1253 3921 1278 3970 4.
1291 3931 1311 3969 s.
1320 3913 1364 3965 525
1374 3924 1395 3958 a·

875 3988 938 4039 Chr.
963 4004 990 4038 n.
1016 3987 1138 4040 Athenas
1166 3991 1273 4040 venisse
1292 3980 1396 4051 perhibe·

875 4062 933 4118 λιπες
954 4057 989 4108 cf.
1004 4056 1122 4109 Cllnton.
1137 4059 1213 4112 Fast.
1225 4055 1324 4109 Hellen.
1337 4067 1360 4116 p.
1370 4044 1395 4098 13

875 4126 918 4178 ed.
932 4129 1064 4192 Krneger.
1379 4171 1385 4188 ,

909 4191 1113 4259 καταλοηέοντα
1134 4186 1168 4246 τά
1193 4185 1315 4259 Ὀροίτεω
1336 4197 1395 4246 ‘lt

875 4264 977 4330 yputu]
1002 4267 1106 4332 Scripsi
1130 4258 1326 4328 καταλοηὲοντα
1344 4265 1394 4304 cum

874 4336 934 4387 siro
949 4336 1031 4386 docto
1042 4335 1071 4387 in
1080 4336 1189 4387 Annall.
1203 4334 1317 4384 Ienenss·
1330 4319 1392 4377 1828

874 4420 915 4455 nr.
931 4405 989 4456 185.
1007 4420 1071 4470 pag.
1087 4407 1121 4457 45
1140 4409 1169 4456 et
1183 4419 1242 4454 cnm
1254 4395 1359 4474 Bredoy·
1371 4404 1393 4452 I'·

874 4475 922 4537 82,
936 4490 1017 4540 quem
1028 4474 1151 4527 Dietsch.
1166 4486 1269 4539 quoque
1279 4465 1392 4530 seqmtuh
