3042 5125
274 369 336 433 396

707 365 973 429 HERODOTI

226 565 268 628 48
367 559 496 650 Ἴστρος
515 560 593 651 μὲν,
614 557 679 630 e'oin
697 561 850 649 μέγιστος
870 561 1028 647 ποταμοῖν
1047 556 1199 642 πάντων,
1229 560 1296 625 coin
1315 551 1395 644 ἡμεῖς

276 671 389 755 ἴδμεν,
417 676 487 747 ἴσος
514 665 581 735 αἰεὶ
599 660 698 744 αὐτὸς
717 665 832 755 ἑωυτῷ
857 664 924 750 ῥέει
947 662 1003 731 nui
1022 661 1218 749 diocesani
1239 663 1394 747 χειμῶνος.

276 772 405 859 πρῶτος
429 770 466 839 bi
488 766 525 838 τὸ
550 764 610 837 ἀπ’
629 768 769 855 ἑσπέρης
789 770 858 835 τῶν
881 769 918 835 ἐν
942 770 985 855 τῇ
1004 769 1165 854 Σκυθικῇ
1192 767 1296 853 ῥέον,
1324 760 1396 832 κατὰ

275 871 407 943 τοιόνδε
427 874 578 962 μέγιστος
597 873 731 961 γέγονε,
758 874 918 959 ποταμοῖν
939 870 995 939 καὶ
1013 866 1126 938 ἄλλων
1145 871 1178 947 ἐς
1197 862 1302 936 αὐτὸν
1320 868 1396 935 innn-

274 1043 331 1090 tem
341 1031 435 1103 ὁέοοσι
444 1029 498 1104 γὰρ
512 1036 580 1103 eide,
595 1036 742 1090 cuinsloco
755 1053 816 1089 cum

273 1108 424 1175 Schweigh.
447 1112 475 1158 et
494 1109 582 1163 Gnisi.
601 1108 749 1160 substitui:
773 1099 815 1171 ρ’έ-

271 1191 335 1229 onos
348 1171 379 1229 81
392 1163 480 1229 οὗτοι.

437 1349 504 1400 Cer.
521 1348 648 1399 XLVIII.

298 1445 418 1520 Ἴστρος]
433 1453 474 1505 Oi.
483 1452 521 1516 11,
534 1451 576 1504 33.
590 1450 663 1503 biels
673 1451 712 1514 ΙΙ,
727 1450 751 1514 Ι,
767 1451 815 1502 75:

272 1527 329 1591 „At
344 1525 401 1588 ille,
413 1523 458 1591 qui
470 1522 600 1587 Scythiae
609 1521 724 1587 populos
739 1535 756 1570 s
771 1535 814 1570 se·

271 1596 417 1665 quentibos
435 1592 555 1654 dirimit,
576 1592 680 1657 opertis
702 1591 730 1640 in
749 1590 816 1640 Ger-

271 1666 362 1718 meuin
380 1662 516 1724 fontibus,
539 1660 593 1711 siio
612 1675 695 1726 quem
713 1658 817 1711 desinit

271 1737 378 1788 nomine
392 1733 520 1787 exoritur.
543 1733 612 1782 Nem
626 1745 673 1795 per
686 1730 817 1780 immunia

272 1799 817 1935 iiiitiiiitittuiiiiiiii:

272 1943 373 1997 accolis
386 1942 418 1993 fit
428 1943 506 2000 Inter,
522 1940 698 2005 acceptisque
708 1937 816 2004 aliquot

272 2014 396 2066 amnibus
413 2013 508 2077 ingens
527 2011 579 2061 inm
592 2014 621 2060 et
637 2024 745 2069 eorum,
769 2008 817 2073 qui

272 2087 300 2136 in
310 2088 430 2135 nostrum
448 2095 522 2130 mere
538 2078 683 2139 decidunt,
707 2082 816 2128 tentum

272 2154 336 2206 Nilo
349 2154 450 2213 minor,
463 2148 576 2200 totidem
589 2154 656 2214 quot
665 2147 711 2198 ille
726 2147 816 2208 ostiis,

272 2223 319 2275 sed
338 2222 426 2272 tribus
442 2218 585 2282 tenuibus,
610 2217 722 2283 reliquis
741 2217 818 2267 nuvi-

272 2291 425 2358 gsbilibns,
444 2287 562 2339 effluit.“
592 2287 631 2336 Ac
653 2291 725 2338 teste
743 2287 818 2336 Stru-

271 2363 343 2413 bone
354 2359 416 2409 VII.
435 2374 461 2423 p.
474 2357 534 2409 305.
556 2373 581 2421 p.
598 2356 659 2407 487.
675 2355 726 2408 488
739 2370 817 2419 snpe-

272 2432 370 2482 riorem
398 2428 516 2478 fluminis
545 2430 650 2492 purtem
676 2425 817 2475 Danubium

270 2500 377 2564 dixere,
391 2496 546 2548 inferiorem
556 2495 590 2545 nd
602 2497 719 2547 Pontum
731 2508 818 2559 usque

272 2573 373 2623 Isin-run.
392 2570 473 2620 Hunc
485 2582 643 2619 verounum
654 2564 818 2631 appeliatio-

272 2657 333 2694 nem
341 2644 442 2691 norunt
449 2635 606 2688 Herodotus
616 2641 697 2703 utque
708 2635 819 2685 omnino

273 2710 373 2764 Grtcci
384 2707 574 2774 antiquiores,
594 2722 654 2758 cum
675 2706 761 2756 serius
774 2703 821 2755 de·

273 2797 343 2831 mum
355 2780 468 2831 Danubii
485 2793 582 2828 nomen
599 2777 707 2828 omnino
726 2774 821 2825 sudis·

273 2858 318 2902 tur
337 2865 426 2915 neque
443 2847 479 2898 sd
499 2852 587 2898 totum
601 2847 711 2897 fluvium
729 2843 820 2895 decie-

271 2920 387 2971 rendum
405 2917 586 2979 adhibentur3
612 2916 645 2968 de
668 2930 722 2980 quo
745 2914 819 2964 coni.

273 2992 363 3041 Kruse
376 2988 395 3038 Ι.
409 2987 428 3039 1.
441 3002 503 3053 png.
519 2988 550 3037 21
570 3001 640 3051 seq„
653 2984 785 3047 Forbiger
800 2983 819 3033 1.

274 3074 337 3109 mox
353 3056 371 3110 1.
384 3072 448 3122 pag.
458 3055 521 3107 324.
545 3055 636 3119 Ipsum
650 3054 761 3104 Danubii
774 3068 820 3103 no·

274 3142 334 3179 men
354 3129 483 3192 repetunt
506 3140 523 3174 ιι
545 3140 613 3175 voce
634 3125 701 3181 Tun,
719 3125 778 3172 Iinn
795 3137 818 3173 s.

274 3200 347 3257 Bon,
367 3210 438 3260 qnae
456 3210 546 3260 aquom
566 3209 588 3244 s.
601 3197 702 3258 sinninn
715 3191 820 3242 iudicet

273 3265 422 3329 multisque
447 3263 588 3313 fluviorum
614 3263 642 3311 iu
663 3261 819 3311 nominibus

274 3335 437 3400 (Demeter,
452 3333 595 3396 Duneper,
609 3330 714 3381 Danais
730 3345 753 3381 s.
766 3331 820 3380 Ts-

273 3405 349 3468 nnis‚
370 3400 580 3467 Borysbdenes)
603 3399 692 3450 ndbuc
709 3414 819 3464 comps·

273 3480 342 3526 rest.
376 3474 418 3523 Tu
442 3469 514 3522 conf.
533 3472 632 3535 Buper.
655 3469 818 3522 Commentt.

273 3544 358 3596 Acsd.
369 3540 509 3606 Petropol.
519 3541 567 3591 lx,
580 3540 675 3605 piru,
686 3540 729 3589 De
738 3540 820 3591 Bros·

273 3630 317 3666 ses
331 3612 426 3677 (Acsd.
438 3611 464 3661 d.
476 3611 606 3675 inscript.
622 3610 655 3661 Τ.
667 3609 777 3659 XXXV.
790 3626 817 3674 p.

273 3682 332 3736 518.
354 3682 432 3745 533),
453 3682 556 3733 Ritter:
575 3678 703 3730 Vorhslle
718 3694 746 3744 p.
766 3678 817 3730 304

272 3753 335 3805 coll.
356 3750 494 3804 wilheim.
517 3751 645 3802 German.
668 3765 694 3815 p.
712 3750 755 3800 54.
774 3748 817 3799 58.

272 3823 357 3875 Plura
377 3822 482 3873 debunt
503 3819 663 3872 Tsscbucke
684 3818 718 3868 sd
739 3819 819 3869 Pom·

273 3909 336 3958 pon.
353 3892 475 3954 Μο1.ΙΙ,
492 3892 515 3941 Ι.
536 3894 560 3954 ἕ.
583 3890 609 3941 8.
629 3905 691 3955 pag.
710 3890 754 3939 41.
774 3890 817 3950 45,

272 3963 376 4015 Uirert:
397 3961 496 4025 Geogr.
512 3961 539 4013 d.
553 3959 663 4011 Grieob.
684 3973 712 4009 ιι.
724 3959 817 4010 Boem.

272 4032 327 4093 111,
343 4032 367 4081 Ι.
379 4047 405 4095 p.
421 4030 557 4081 tna-167
570 4028 630 4094 (qui
642 4030 732 4079 omnis
743 4032 819 4078 vete·

273 4116 331 4150 rum
347 4099 507 4149 testimonie
527 4099 560 4148 de
577 4099 629 4149 hoc
644 4098 727 4148 fluvio
743 4096 820 4148 exbi-

273 4168 344 4230 buit)
357 4168 522 4232 etForbiger
532 4165 575 4219 1.1,
585 4182 611 4231 p.
621 4166 768 4218 324—328.
783 4195 817 4204 -

276 4237 355 4301 Quod
372 4252 438 4288 vero
455 4235 527 4286 ister
543 4234 686 4285 Herodoto
704 4240 818 4287 anctore

275 4303 337 4364 Ισος
344 4301 400 4355 oiri
407 4295 490 4364 αὐτὸς
498 4294 591 4369 έωοτῷ
597 4295 652 4367 ρ’έει
660 4298 706 4354 nni
716 4299 818 4369 θέρεος

276 4372 324 4426 nni
337 4372 480 4441 χειμῶνος,
498 4374 527 4424 id
538 4373 609 4424 falso
622 4372 677 4425 dici
689 4373 819 4426 observet

273 4448 365 4498 Krnse
373 4460 400 4510 p.
407 4446 517 4517 2iiseq.,
524 4459 585 4494 com
595 4458 727 4509 equorum
738 4443 820 4496 buius

867 1036 944 1087 fluvii
962 1037 1042 1100 copie
1057 1035 1138 1086 modo
1150 1035 1189 1086 sit
1205 1035 1310 1096 rusios,
1329 1032 1397 1085 modo

867 1107 963 1158 minor.
993 1105 1073 1168 Quod
1095 1109 1126 1155 ut
1149 1103 1270 1155 libenter
1287 1104 1399 1154 concedi·

866 1191 940 1238 mus,
955 1176 996 1226 itu
1012 1189 1092 1240 quem
1106 1175 1225 1225 msxime
1241 1172 1399 1225 teneriroiu·

865 1262 924 1297 mns
934 1284 941 1308 ‚
951 1244 1121 1296 Herodotum
1134 1242 1203 1295 baec
1218 1244 1357 1308 scripsisse
1366 1258 1397 1293 re

865 1317 1026 1382 spicientem
1038 1312 1179 1376 stiinm‚
1187 1329 1305 1380 quocum
1311 1312 1397 1362 [sunu

865 1388 919 1437 ism
935 1399 1018 1451 supro
1029 1384 1073 1446 11,
1085 1382 1119 1436 33
1133 1383 1323 1436 contenderet.
1346 1382 1398 1433 lt'ilo

865 1457 950 1522 igitur
969 1453 1118 1520 quotennis
1135 1456 1275 1505 crescenti
1292 1458 1319 1503 et
1333 1452 1397 1517 ripn

863 1524 1022 1586 inundanti,
1041 1523 1158 1589 indeque
1169 1522 1271 1589 imperi
1280 1537 1398 1588 squsrun

864 1591 1398 1725 uiuituu‘iuuiu
1464 1657 1465 1678 ι

865 1735 944 1785 cuius
960 1734 1070 1784 omnino
1082 1731 1183 1782 notitia
1197 1731 1235 1782 sd
1255 1737 1356 1796 petrem
1368 1730 1399 1779 hi·
1464 1789 1465 1794 ¹

865 1805 967 1854 storise
979 1802 1113 1868 pervenit,
1127 1806 1290 1867 occeperat:
1302 1805 1332 1851 nt
1341 1799 1399 1850 odeo
1464 1801 1465 1830 1

865 1874 927 1937 psri
943 1886 1073 1938 uquarum
1093 1871 1172 1936 copis
1184 1871 1287 1922 Istrum
1308 1885 1399 1934 semper

865 1944 949 1994 fluere
961 1941 1035 1992 houd
1047 1941 1149 1990 iniurid
1159 1940 1216 1991 sibi
1230 1941 1320 1992 dicere
1330 1955 1398 2004 posse

865 2013 1004 2064 videretur
1030 2010 1198 2060 Herodotus.
1232 2005 1333 2074 θέρεος
1359 2002 1398 2058 nni

868 2077 1003 2146 pupeieno
1028 2079 1121 2132 eodem
1149 2079 1231 2131 modo
1250 2079 1399 2146 leguntii,

868 2151 911 2214 30,
924 2150 971 2201 ubi
986 2151 1069 2200 etism
1080 2150 1238 2200 invenimus
1253 2140 1284 2199 dr
1295 2143 1369 2213 θέρει
1378 2162 1398 2194 τ.
1464 2169 1465 2194 ι

868 2217 996 2285 χειμῶνι,
1022 2218 1115 2270 eodem
1138 2217 1197 2269 scre
1221 2235 1319 2280 seusn3
1339 2214 1399 2268 coni.
1464 2217 1465 2228 ¹

867 2289 1006 2342 Kuehner.
1020 2289 1068 2340 Gr.
1082 2288 1129 2338 (ir.
1145 2289 1170 2348 8.
1184 2289 1247 2341 uoti.
1264 2295 1320 2339 not.
1332 2289 1355 2339 2.

902 2355 1036 2422 notuistis
1061 2354 1111 2407 noi
1142 2351 1237 2407 ἄλλων
1267 2374 1293 2408 ιι.
1321 2373 1342 2406 τ.
1369 2351 1398 2419 1.]

868 2427 1020 2494 Schweigh.
1028 2432 1093 2479 unte
1104 2428 1173 2478 hsec
1185 2427 1273 2478 verbs
1286 2428 1399 2478 maiorem

867 2500 934 2566 poni
951 2497 1011 2548 vult
1035 2498 1259 2560 distinctionem,
1287 2499 1399 2548 minoren

866 2574 930 2636 post
943 2558 1114 2619 ἐκδιδόντων
1131 2568 1218 2634 (sive,
1231 2569 1304 2634 quod
1316 2567 1363 2618 dno
1374 2564 1400 2615 li·
1463 2602 1464 2639 3

867 2640 909 2690 bri
935 2639 1128 2703 suppeditent,
1159 2629 1353 2702 ἐσδιδόιτοιι),
1377 2638 1399 2685 et
1463 2644 1464 2655 ³

869 2709 1001 2761 msiorem
1014 2723 1108 2759 rursus
1123 2712 1187 2773 post
1205 2706 1360 2767 ποιεῦντες,
1375 2708 1399 2753 nt

868 2779 937 2829 haec
949 2778 986 2827 sit
999 2776 1053 2828 loci
1066 2779 1220 2829 sententis:
1236 2777 1294 2836 „Ob
1303 2779 1348 2829 boc
1356 2777 1399 2826 Ds-
1463 2814 1464 2825 .

868 2848 959 2899 nobins
976 2851 1101 2899 ιιιοτεὺιιιιο
1117 2856 1169 2898 est:
1187 2846 1318 2910 (sciticet)
1334 2845 1402 2897 cendi
1463 2848 1464 2911 g

867 2921 893 2968 in
906 2919 1172 2981 emninfinnntmnnen
1185 2925 1211 2967 et
1224 2916 1400 2983 qnimiprtt
1463 2960 1464 2963 ,

868 2986 979 3052 ceteris)
993 2994 1097 3051 augent,
1116 2988 1143 3036 bi
1156 2996 1230 3038 snut:
1247 2988 1321 3046 sive,
1342 2984 1398 3039 ethi
1462 2965 1464 3045 1

869 3061 913 3123 qni
925 3074 978 3108 nen
992 3054 1069 3119 (pree
1084 3056 1213 3119 caeteris)
1225 3064 1330 3121 arpent:
1343 3066 1399 3118 qnos
1463 3054 1464 3077 ¹

868 3142 966 3191 nempe
989 3125 1119 3175 continuo
1144 3125 1245 3175 deinde
1260 3120 1399 3176 ιοοιιιιοια

870 3194 949 3256 Quod
969 3194 1094 3259 quemvis
1111 3195 1258 3259 probatum
1272 3193 1356 3246 Elicio
1376 3191 1398 3239 in

869 3267 984 3327 Qusest.
1004 3264 1151 3314 Herodoti,
1168 3265 1266 3315 inscio.
1280 3262 1360 3314 sitero
1377 3276 1398 3323 ρ.

867 3334 920 3386 328
938 3332 1065 3393 (Jahrbb.
1079 3333 1098 3384 f.
1114 3332 1249 3399 Philolog.
1269 3350 1295 3384 u.
1308 3330 1398 3384 Pssds·

868 3420 933 3469 gog.
942 3401 1037 3468 Suppl.
1050 3402 1111 3454 Vol.
1125 3403 1185 3463 IX),
1196 3419 1250 3454 nou
1261 3403 1345 3468 magis
1353 3398 1399 3464 pis·

867 3479 922 3536 cet,
935 3487 1016 3539 quem
1030 3472 1139 3537 Stegeri
1152 3464 1398 3537 (Precint.p.11ii)

868 3542 1024 3595 emendatio
1045 3558 1063 3592 ιι
1077 3557 1192 3593 censore
1205 3541 1339 3607 Lipsieusi
1353 3552 1397 3589 ms·

866 3614 922 3665 rito
931 3613 1034 3664 reiecta
1045 3611 1250 3676 (Ephemcridd.
1262 3611 1314 3661 litt.
1321 3610 1398 3673 Lipst·

870 3682 937 3735 ltin
949 3698 991 3733 nr.
1011 3679 1070 3733 138.
1090 3696 1152 3763 pag.
1169 3680 1263 3743 iobii:
1280 3673 1397 3743 notopdr

869 3746 905 3818 δὴ
919 3739 1010 3801 ἄλλων
1022 3741 1052 3808 ές
1062 3745 1150 3802 uerbo
1160 3740 1341 3809 ἐκδιδόντων,
1357 3749 1397 3811 dt·

867 3826 916 3873 ciis
931 3824 1027 3873 scilicet
1048 3824 1107 3872 nb'is
1128 3825 1155 3872 in
1173 3838 1226 3872 ensi
1246 3818 1395 3887 instram

868 3894 921 3942 Est
942 3891 1013 3942 enim
1036 3889 1081 3941 bic
1098 3889 1153 3941 loci
1171 3905 1280 3941 sensns:
1304 3887 1396 3939 Primii
1462 3906 1463 3945 i

868 3962 941 4013 Ister
962 3961 997 4011 sb
1023 3960 1166 4012 occidente
1190 3956 1396 4011 delinquente
1462 3970 1463 3997 ι

869 4029 999 4095 Scythice
1012 4044 1107 4081 omnes
1122 4029 1175 4080 hoc
1188 4030 1247 4080 fere
1262 4026 1338 4079 modo
1350 4037 1396 4074 ut·
1462 4076 1463 4081 ,

869 4100 959 4152 ximus
975 4099 1018 4162 iit,
1038 4098 1101 4149 eliis
1116 4114 1224 4165 qnoque
1236 4099 1264 4148 in
1275 4097 1355 4162 ipsum
1365 4093 1395 4142 ir-
1462 4086 1463 4103 ¹

869 4169 1012 4221 ruentibus
1025 4169 1124 4220 fluviis.
1148 4168 1217 4219 Sunt
1228 4182 1292 4218 vero
1303 4164 1341 4224 hi,
1356 4159 1394 4227 qui

867 4240 955 4303 ipsum
966 4242 1085 4304 sugent,
1098 4240 1212 4302 primum
1224 4236 1346 4302 quinque,
1356 4228 1394 4296 qui

868 4313 968 4360 terrem
977 4307 1133 4374 Scythicum
1145 4308 1289 4373 perfluunt,
1301 4318 1331 4354 ex
1344 4301 1394 4364 ipss

868 4377 921 4428 bec
941 4383 1015 4428 terre
1037 4376 1097 4428 scil.
1111 4377 1307 4441 provenientes.
1333 4370 1393 4423 Sive.

869 4453 900 4498 ut
918 4447 1073 4513 Lipsiensis
1095 4446 1142 4496 ille
1160 4461 1257 4497 censor
1280 4445 1348 4496 recte
1364 4433 1392 4486 td
