3042 5125
424 418 750 481 MuuPOtruNE.
775 421 829 482 1v.
856 428 913 484 167.
939 429 999 484 166.
1215 421 1277 485 599

137 609 181 698 δὴ
204 618 309 680 ἔθνεα
328 607 434 680 πολλὰ
457 611 514 679 καὶ
532 609 674 679 παντοῖά
696 614 782 679 ἐστι·
821 612 878 679 καὶ
905 607 946 679 τὰ
966 610 1029 700 μὲν
1048 607 1161 680 αὐτῶν
1180 609 1276 701 ὀλίγοι

137 717 294 802 βασιλέος
311 704 354 803 ἦν
369 710 517 801 ὑπήκοα,
533 710 573 782 τὰ
587 713 623 782 tl
637 714 727 782 πλέω
740 711 911 803 ἐφρόντιζε
925 722 1075 802 Δαρείου
1090 711 1200 785 οὐδέν.

244 820 401 887 Οἰκέουοι
421 817 458 886 db
478 814 562 885 κατὰ
583 815 662 885 τάδε
676 823 811 904 Λίβυες.
854 813 929 884 Ἀπ’
943 816 1118 904 Αἰγύπτου
1132 814 1271 907 ulpicique·
1283 836 1342 900 168

135 1031 190 1080 que
204 1015 334 1080 gentibus
345 1031 404 1066 eam
418 1015 598 1068 incolentibus
610 1032 681 1081 qnae
731 1017 813 1069 iactis
834 1020 918 1082 atque
933 1018 968 1067 ab
990 1019 1058 1082 ipsis
1070 1018 1275 1084 Carthaginien·

135 1086 236 1146 refert,
251 1101 284 1136 ea
295 1085 323 1133 in
335 1085 459 1151 Aegypto
472 1085 507 1136 ab
520 1088 681 1148 Ammouiis,
731 1087 823 1150 sibus,
838 1086 998 1151 quibuscum
1011 1088 1040 1137 in
1050 1088 1200 1153 Cyrenaica
1210 1090 1274 1140 urbe

133 1154 354 1215 Nasamonibus,
380 1155 444 1204 aliis
461 1156 590 1220 Libycis,
615 1171 681 1205 mer·
730 1156 870 1207 convenit.
887 1157 1012 1222 Namque
1022 1158 1057 1207 sd
1067 1158 1275 1222 ipsamCartha·

134 1221 252 1275 caturee
276 1239 362 1274 causa
387 1222 451 1275 illuc
471 1224 571 1276 delatis
599 1223 682 1290 (quos
731 1226 823 1291 ginem
844 1227 974 1276 Nostrum
999 1228 1157 1291 pervenisse
1176 1229 1273 1279 merito

135 1294 214 1358 ipsos
236 1292 380 1358 aliquoties
401 1297 470 1344 citat
493 1299 578 1345 testes
598 1299 681 1358 atque
731 1294 968 1360 negatWheeler;
987 1300 1070 1360 atque
1087 1296 1157 1346 idem
1171 1297 1272 1348 dudum

134 1363 683 1426 auctoresJedoctuminissescribitHee-
733 1368 882 1429 negaverat
906 1364 1003 1415 Manso
1032 1366 1061 1414 iu
1087 1381 1121 1417 ea
1142 1366 1271 1417 disserta-

133 1448 195 1481 ren.
209 1432 293 1481 ldeen
304 1432 341 1494 ΙΙ,
355 1434 378 1484 1.
391 1448 452 1499 pag.
462 1433 588 1484 195.208.
615 1433 682 1483 Cum
732 1433 823 1496 tione,
837 1447 907 1498 quae
918 1434 1089 1485 inscribitur:
1106 1436 1216 1498 „Ueber
1225 1437 1274 1488 das

133 1503 508 1552 veroNostertamaoeurate
517 1503 640 1567 disputet
649 1501 683 1551 de
731 1501 947 1567 Stillschweigeu
963 1503 1101 1554 Herodots
1119 1506 1148 1554 in
1159 1505 1274 1556 Absicht

134 1569 346 1636 septentrionali
359 1572 463 1636 Libyae
480 1586 528 1622 ora
546 1570 684 1638 gentibus·
731 1571 783 1622 uui
791 1573 859 1622 Rom
877 1572 933 1622 und
946 1572 1118 1638 Carthago“,
1135 1574 1176 1623 in:
1197 1575 1274 1625 Neue

136 1655 192 1705 que
209 1641 269 1690 eins
285 1639 400 1704 singulis
420 1641 466 1705 (iis
480 1645 586 1691 tantum
603 1655 682 1691 exce·
731 1640 889 1691 Bibliothek
906 1641 933 1691 d.
949 1641 1043 1693 schlin.
1063 1642 1274 1695 Wisseuschait.

135 1711 208 1774 ptis,
227 1724 298 1774 quae
315 1710 429 1760 manime
443 1710 611 1760 occidentem
622 1725 683 1760 rer·
731 1710 793 1761 Vol.
806 1710 882 1760 LIII.
894 1709 963 1760 fasc.
979 1711 1015 1761 11.
1029 1726 1055 1774 p.
1068 1711 1118 1761 196
1131 1726 1217 1776 seqq,
1232 1714 1272 1763 in·

135 1794 185 1829 sus
196 1776 375 1841 habitarint),
398 1794 449 1829 nec
461 1780 559 1828 minori
570 1794 637 1830 cura
649 1795 682 1828 ac
730 1779 825 1843 primis
837 1795 864 1844 p.
877 1777 1030 1841 993-296,
1045 1782 1091 1844 qui
1103 1779 1272 1832 Herodotum

136 1847 284 1912 diligentia
307 1848 446 1899 interioris
464 1853 569 1899 tractus
586 1853 681 1914 gentes
730 1848 764 1898 de
775 1847 941 1913 Carthagine
955 1848 983 1897 iu
993 1848 1045 1898 hac
1054 1848 1159 1914 Libyae
1172 1850 1272 1901 deseri·

137 1921 296 1975 recenseat,
323 1917 447 1982 equidem
471 1917 543 1968 haud
565 1918 623 1968 scio
645 1932 681 1966 an
729 1917 824 1983 ptione
847 1921 940 1966 tacere
967 1917 1096 1968 maluisse
1121 1919 1271 1982 existimat,

136 1987 283 2035 Manuerto
297 1986 342 2048 (X,
355 1988 382 2044 2.
394 2001 421 2051 p.
438 1986 498 2050 167)
516 1991 598 2051 atque
607 1987 681 2050 Hey-
730 2001 813 2051 quam
825 1987 914 2037 minus
928 1991 1004 2036 certa
1021 1991 1049 2037 et
1061 1992 1193 2038 accurata
1209 2005 1272 2055 pro-

136 2057 179 2105 sio
200 2057 238 2105 sit
254 2055 490 2119 adstipulandum,
517 2055 680 2120 quibusvis
729 2056 815 2120 ierre,
837 2070 898 2106 cum
917 2070 1004 2120 neque
1022 2057 1081 2121 ipse
1098 2055 1163 2108 illue
1178 2072 1272 2122 perve-

136 2125 250 2174 dnbium
263 2124 383 2187 videtur,
405 2126 470 2190 quin
480 2125 601 2189 Libycae
615 2138 679 2174 orae
729 2125 890 2189 niuemque
905 2126 1024 2176 certiora
1039 2125 1162 2191 accipere
1177 2134 1272 2192 potue·

134 2193 255 2259 aliquam
273 2197 348 2244 certe
373 2203 477 2258 partem
497 2195 598 2246 Noster
620 2194 680 2259 ipse
727 2193 1272 2264 ritaCsrthaginiensibussedulo,quae

134 2265 241 2314 viserit.
267 2263 335 2325 Qui,
349 2264 525 2328 quseHeysii
537 2269 581 2314 eet
591 2263 681 2328 suspi-
728 2262 765 2313 ad
777 2279 807 2314 se
825 2265 900 2329 ipsos
920 2268 948 2315 et
961 2263 997 2314 ad
1013 2266 1133 2330 ipsorum
1149 2282 1193 2317 res
1209 2282 1270 2332 spe-

133 2334 195 2395 cio,
214 2333 339 2397 Cyrenen
358 2333 424 2381 navi
444 2348 476 2382 ex
488 2333 611 2398 Aegypto
632 2332 678 2382 ad·
728 2338 849 2395 ctarent,
872 2333 1035 2385 celantibus.
1063 2333 1104 2385 Ac
1122 2350 1188 2386 sane
1205 2337 1271 2387 Cur·

134 2407 233 2452 vectus
255 2417 289 2451 ac
309 2417 356 2466 per
376 2401 487 2467 aliquod
507 2407 613 2468 tempus
639 2402 678 2452 ibi
725 2403 911 2468 thaginienses
929 2404 1095 2454 narrationis
1111 2408 1197 2456 testes
1218 2408 1271 2457 No-

133 2478 319 2523 commoratus
333 2472 396 2522 iude
413 2474 442 2521 in
453 2472 562 2523 vicinas
572 2472 677 2535 Libyae
727 2477 784 2524 ster
795 2472 983 2534 affertIV,43.
994 2474 1051 2526 195.
1064 2473 1121 2527 rto.
1135 2475 1198 2537 Vll,
1212 2476 1270 2526 167.

133 2542 262 2607 regiones
291 2544 444 2592 excurrisse
476 2541 546 2592 sumi
575 2544 676 2607 potest.
726 2542 818 2609 Ipsius
834 2543 909 2593 urbis
927 2542 1191 2609 Carthaginiensium
1211 2544 1271 2595 nul-

132 2610 329 2677 Carthaginem
342 2627 404 2661 num
416 2611 530 2673 adierit,
548 2627 678 2677 perquam
725 2613 782 2662 lum
803 2613 833 2662 in
851 2612 984 2663 Herodoti
1001 2612 1080 2662 libris
1107 2615 1268 2680 vestigium:

132 2681 262 2741 dubium3
282 2682 387 2746 utqui,
403 2681 474 2747 quod
489 2681 547 2730 iure
561 2681 677 2744 mireris,
726 2682 774 2747 qui
791 2697 855 2731 uum
873 2681 979 2732 olibris
994 2697 1102 2747 qnoque
1119 2685 1270 2734 Poenorum

131 2749 210 2801 nullo
231 2749 292 2801 loco
309 2750 542 2816 Carthaginiensis
564 2751 677 2801 ditionis
726 2749 858 2802 nonnulla
876 2753 1023 2815 sumpserit
1047 2753 1076 2801 iu
1095 2751 1147 2803 hac
1164 2753 1269 2817 Libyae

132 2819 403 2871 commemoretfines
415 2835 465 2869 nec
474 2820 583 2870 omuino
593 2819 677 2870 ullam
727 2823 849 2887 gentium
872 2820 1044 2884 recensione,
1072 2826 1103 2870 ut
1128 2822 1269 2887 probabile

133 2892 162 2939 in
180 2889 233 2940 hoc
246 2889 410 2952 Libycarum
424 2889 545 2953 gentium
563 2905 677 2940 recensu
726 2891 836 2941 videtur
850 2890 1006 2942 Hamukero
1019 2891 1048 2940 in
1058 2889 1174 2942 Miscell.
1183 2891 1270 2942 Phoe·

132 2959 222 3009 iaciat
232 2958 496 3023 Carthaginiensium
505 2960 678 3021 mentionem,
727 2960 797 3011 nice.
813 2976 839 3024 p.
855 2959 920 3022 teu,
941 2960 1006 3009 mihi
1019 2960 1163 3010 admodum
1176 2960 1207 3011 flt
1218 2960 1270 3012 du-

131 3043 250 3093 quorum
258 3029 400 3093 imperium
409 3028 543 3079 Herodoti
550 3035 625 3078 certe
633 3044 679 3079 ae·
727 3030 811 3080 bium.
829 3028 861 3079 Id
873 3028 1270 3094 veromihiquoquehauddu·

131 3103 192 3148 tate
206 3098 336 3171 orienqem
345 3113 441 3149 versus
453 3097 572 3148 nondum
581 3099 616 3148 ad
627 3098 679 3161 Cy·
726 3099 801 3149 bium
818 3099 939 3158 uidetur,
962 3099 1026 3164 quin
1038 3098 1194 3150 Herodotus
1209 3100 1268 3165 ipse

132 3167 272 3218 renaicam
290 3182 376 3233 usque
393 3168 523 3218 ditionem
536 3173 677 3217 extensum
725 3169 850 3233 Cyrenen
860 3169 959 3220 adierit
970 3184 1002 3219 ac
1013 3169 1136 3233 regiones
1147 3171 1269 3235 proxime

132 3237 222 3288 inisse
231 3237 346 3288 videtur.
371 3238 429 3288 Neo
437 3239 524 3302 magis
536 3237 678 3302 probabile
726 3239 797 3289 sitas
811 3239 934 3304 satisque
947 3237 993 3289 diu
1004 3238 1043 3287 ibi
1055 3240 1225 3303 remanserit,
1236 3242 1268 3289 ut

135 3312 193 3369 est,
203 3312 299 3371 gentes
308 3307 499 3371 aCurthagine
508 3308 677 3357 occidentem
725 3306 850 3374 singula,
866 3323 935 3374 quae
945 3307 1073 3368 tradidit,
1087 3314 1269 3360 accurateco·

135 3392 232 3427 versus
256 3377 411 3427 habitantes
426 3375 594 3428 Herodotum
620 3376 678 3426 adi·
725 3393 857 3443 gnoscere
876 3382 983 3443 posset:
1008 3392 1061 3442 qua
1078 3377 1106 3427 in
1131 3379 1269 3428 sententia

134 3447 200 3496 isse.
241 3448 284 3496 Tu
307 3446 362 3497 vid.
380 3445 414 3495 de
430 3446 472 3496 his
493 3446 677 3511 disputantem
726 3463 770 3497 me
789 3446 931 3497 confirmat
954 3446 1083 3496 iudicium
1105 3461 1123 3495 a
1144 3448 1268 3511 Barthio,

132 3517 228 3579 Heyse
239 3515 259 3565 l.
271 3515 287 3565 l.
302 3532 328 3581 p.
344 3515 479 3566 tre-118
490 3513 551 3565 coll.
563 3514 675 3566 Rennel.
727 3517 774 3580 qui
784 3515 899 3580 ipsehas
908 3516 1032 3580 regiones
1042 3514 1268 3580 perlustravit,de

132 3601 162 3649 p.
169 3586 231 3635 670.
245 3585 394 3650 inquisivit
404 3600 510 3650 quoque
517 3585 545 3634 in
554 3583 653 3645 fontes,
662 3600 676 3635 e
726 3585 861 3635 Herodoti
871 3585 1055 3649 descriptione
1067 3584 1189 3649 pluribus
1199 3586 1267 3636 locis

131 3654 234 3718 quibus
247 3670 315 3719 quse
327 3655 360 3704 de
371 3655 476 3718 Libyae
485 3654 612 3719 gentihus
622 3654 677 3703 No·
726 3654 844 3712 iactum
872 3653 930 3703 vid.
948 3653 1159 3719 Wauderungen
1183 3654 1267 3705 durch

132 3728 191 3775 ster
204 3724 299 3786 tradit,
313 3724 450 3786 fluxerint,
463 3723 600 3773 Wheeler:
618 3722 677 3773 'l'he
726 3724 771 3774 die
785 3721 986 3773 Kiistenlltnder
1000 3738 1028 3773 u.
1042 3738 1065 3774 s.
1075 3740 1110 3774 w.
1125 3723 1148 3773 1.
1164 3739 1189 3788 p.
1206 3724 1266 3776 299.

132 3792 294 3857 geography
310 3794 340 3844 oi
350 3794 505 3844 Herodotus
517 3809 543 3858 p.
556 3793 607 3844 562
619 3807 676 3856 seq,
725 3793 777 3844 364
794 3806 851 3855 seq.
863 3792 925 3843 423.
939 3792 991 3842 467
1004 3806 1061 3856 seq.

132 3862 188 3924 Qui
201 3861 320 3912 dubitari
337 3865 383 3912 vix
400 3878 481 3927 posse
498 3867 592 3927 putat,
611 3863 677 3925 quin
760 3852 795 3910 roi
809 3856 840 3911 δὲ
853 3854 924 3912 πλέοι
941 3850 1084 3924 ἐφρόντιζε
1096 3849 1192 3926 οὐδέν]
1209 3860 1228 3911 i.
1241 3876 1267 3911 e.

134 3932 291 3983 Herodotus
301 3934 465 3997 exhegypto
472 3932 612 3996 proiectus
622 3946 677 3979 ma·
722 3936 862 3999 pleraeque
889 3930 1017 3996 (Lihyum
1040 3927 1148 3995 gentes)
1176 3934 1267 3981 nudare

132 4002 226 4051 ritimo
248 4002 359 4061 itinere,
386 4001 451 4051 navi
473 4001 557 4065 igitur
579 4004 676 4050 vectus
725 4000 1078 4053 Dariirots'onemlrabebant
1102 3998 1181 4050 Cous.
1194 3998 1267 4051 inira

134 4071 313 4134 mercatoria,
333 4071 457 4135 Cyrenen
473 4070 571 4119 adierit
584 4070 675 4135 ibique
725 4085 786 4135 cap.
807 4069 855 4121 197
873 4070 932 4119 init.
952 4069 1030 4120 etde
1047 4069 1186 4120 locutione
1203 4085 1266 4135 cap.

133 4139 304 4205 aliquantum
331 4142 461 4204 temporis
491 4143 675 4189 commoratus
726 4138 777 4191 198
791 4139 853 4191 coll.
870 4139 925 4203 111,
938 4137 980 4190 97.
1000 4139 1058 4192 151.

134 4210 173 4259 sit
192 4210 316 4274 adeoque
334 4210 417 4260 etiam
435 4214 530 4273 gentes
546 4207 677 4273 quasdam

133 4279 242 4329 vicinas
257 4278 319 4328 inde
339 4279 481 4340 inviserit,
504 4277 538 4327 de
554 4276 677 4339 reliquis,
883 4308 939 4361 Off
964 4309 1104 4361 CLXVIII

136 4347 171 4397 ad
183 4349 255 4412 quas‘
269 4363 336 4399 sane
353 4363 408 4398 non
425 4347 562 4412 pervenit,
584 4346 678 4396 scisci·
941 4347 948 4363 ⁸
1107 4346 1113 4360 ·

86 4424 91 4435 ’
136 4422 199 4468 tans
216 4432 249 4469 ex
270 4417 319 4480 iis,
338 4418 383 4483 qni
396 4416 519 4482 Cyrenen
537 4418 678 4478 venerant,
760 4401 820 4462 'airu'
838 4403 978 4477 Αἰγύπτου
999 4402 1165 4477 ἀρξάμενοι]
1183 4411 1268 4462 Nimi-

136 4491 186 4539 sut
195 4487 383 4555 enyrenaeis
391 4486 477 4537 inhas
485 4486 610 4552 regiones
619 4492 680 4550 pro·
728 4498 788 4533 rum
797 4498 814 4533 a
823 4482 880 4535 Nili
891 4483 964 4535 ostio
973 4481 1119 4551 Oauobicu,
1130 4484 1161 4530 ut
1172 4480 1269 4535 scribit
1328 4486 1332 4494 '
