3042 5125
241 379 305 442 tm

679 370 947 435 HERODOTI

244 567 389 658 καταβὰς
418 568 456 638 tt
478 565 567 638 κοίτοι
589 570 622 647 ἐς
646 566 684 635 τὸ
706 564 888 654 κατάγαιον
911 571 1033 649 οἴκημα
1060 560 1207 628 διαιτᾶτο
1230 551 1280 625 ἐπ’
1302 561 1369 624 ἔτεα

244 783 385 838 Zamolxin
401 781 494 834 multis
513 783 593 834 anuis
609 788 674 835 ante
689 781 791 846 Pytha-

244 871 338 922 goram
350 852 452 904 vixisse
461 855 569 905 statuit.
577 854 604 915 ³)
633 854 720 916 Quam
732 867 789 903 reru

245 928 275 976 in
295 924 383 974 medio
402 925 520 988 positam
536 921 737 986 relinquamus:
757 920 790 970 'al-

840 797 873 832 ex
891 795 946 831 uno
965 779 1114 843 eodemque
1134 776 1263 841 antiquae
1280 774 1371 824 doctri-

839 866 892 901 nae
907 851 996 908 sonte,
1011 863 1081 913 quae
1094 846 1197 913 Orphei
1209 844 1314 895 nomine
1324 858 1373 893 rna·

839 922 911 971 xime
925 919 1064 971 celebrata
1074 921 1131 979 est,
1146 931 1197 966 sua
1207 915 1328 965 hausisse
1338 913 1374 962 la-

245 994 293 1045 lud
310 998 430 1052 certum,
454 996 518 1043 vivo
532 994 672 1043 Herodoto
692 1008 725 1041 ac
743 992 790 1041 fle·
837 993 947 1056 tiusque
960 1002 1127 1054 propagasse
1141 986 1278 1036 videatur.
1305 985 1373 1045 Quae

246 1068 324 1116 rente
341 1062 446 1112 familia
462 1063 640 1127 doctrinaque
652 1062 790 1126 Pythago·

247 1149 294 1185 rae
325 1132 444 1182 Graecos
472 1134 657 1198 Pythoporewa
688 1131 791 1181 dixisse

246 1203 379 1267 placitum
388 1201 454 1251 illud
465 1199 690 1263 immortalitatis,
702 1214 792 1265 neque

248 1275 322 1323 inea
336 1286 365 1321 re
383 1270 450 1333 ipsis
468 1269 579 1334 obloqui
598 1271 730 1321 historiae
744 1285 792 1334 pa·

248 1340 345 1392 trem.⁴‘
376 1338 443 1389 Inde
456 1340 569 1390 Krische
594 1341 791 1404 inscriptione

248 1425 332 1475 supra
353 1409 440 1458 citata
465 1424 528 1473 pag.
547 1409 582 1461 66
605 1412 791 1460 narrationem

249 1480 281 1530 de
294 1477 418 1529 Zalmoxi
437 1478 649 1543 ePythagorioa
666 1479 794 1530 doctrina

249 1549 283 1599 de
295 1547 386 1597 anima
397 1547 569 1609 potissimum
584 1555 692 1599 enatam
706 1549 793 1599 videri

249 1618 357 1669 statuit.
385 1616 422 1666 Et
440 1632 505 1667 saue
518 1620 606 1669 omnis
623 1619 656 1669 de
671 1618 794 1669 Zalmoxi

249 1687 372 1737 narratio
388 1685 460 1735 baud
478 1684 532 1736 alio
546 1692 673 1748 spectare
684 1687 793 1738 videtur

209 1784 213 1791 ·
250 1772 331 1822 quam
341 1771 395 1820 qno
408 1755 546 1819 pertinent
558 1755 669 1808 fabulae
677 1757 711 1807 de
720 1758 793 1807 Aba·

250 1824 308 1876 ride
321 1826 448 1890 (quocum
467 1825 631 1877 inPlatonis
644 1826 662 1876 l.
672 1826 691 1878 l.
701 1828 794 1892 iungi-

250 1899 296 1945 tur
310 1892 459 1955 Zalmoxis)
479 1899 507 1945 et
524 1894 557 1945 de
574 1896 700 1957 Aristea,
723 1911 792 1962 quas

251 1979 334 2028 supra
347 1964 503 2026 attigimus,
525 1963 560 2013 ad
578 1966 729 2015 animarum
745 1967 794 2015 im-

251 2032 428 2084 mortalitatis
447 2032 617 2096 doctrinam,
642 2035 755 2099 opinor,
779 2050 794 2085 e

251 2103 369 2155 Graecia
383 2103 444 2165 ipsa
462 2119 479 2152 a
491 2104 604 2153 Graecia
623 2103 794 2169 rapientibus

252 2173 310 2223 sive
325 2172 513 2222 sacerdotibus
529 2172 566 2222 ad
582 2173 663 2224 rudes
679 2171 794 2223 boreali·

252 2258 297 2292 um
309 2242 434 2304 Europae
454 2246 590 2291 tractuum
607 2243 712 2293 incolas
726 2243 794 2292 alla-

252 2315 323 2368 tam,
346 2311 433 2358 sacris
450 2313 564 2361 recretis
577 2313 638 2363 sive
655 2313 794 2375 mysteriis

252 2377 380 2429 traditam
398 2384 425 2429 et
442 2378 588 2442 firmatam,
612 2396 646 2430 ne
666 2379 725 2430 scil.
744 2387 794 2431 aut

251 2448 466 2498 labefactaretur
474 2454 523 2498 aut
535 2465 645 2512 prorsus
659 2450 793 2501 interiret.

250 2520 289 2570 Ut
304 2519 374 2567 enim
394 2517 463 2568 haec
479 2534 559 2569 sacra
575 2535 607 2570 ex
629 2519 710 2570 ludia
728 2519 794 2572 illuc

252 2587 368 2638 advecta
381 2587 505 2646 credam,
524 2589 596 2639 baud
614 2591 759 2648 impetrare
776 2607 794 2640 a

252 2673 295 2707 me
315 2674 435 2721 possum.
466 2659 528 2719 Quo
548 2659 717 2725 probabilius
741 2661 794 2710 boc

251 2726 372 2788 videtur,
387 2727 458 2779 hanc
471 2729 504 2779 de
516 2731 625 2779 animae
638 2730 795 2780 immortali·

253 2802 311 2846 tate
327 2798 479 2848 doctrinam
502 2799 575 2860 apud
595 2801 713 2850 Graecos
733 2815 794 2850 cum

253 2868 390 2930 mysteriis
409 2867 553 2918 Bacchidis
577 2876 683 2920 mature
707 2869 794 2920 fuisse

252 2937 441 2994 coniunctam,
468 2953 538 3001 quae
555 2940 616 3002 ipsa
635 2940 795 3003 antiquissi-

251 3020 295 3055 mo
306 3020 373 3055 aevo
382 3006 416 3054 ab
427 3006 536 3069 Orpheo
551 3011 579 3057 in
592 3009 737 3058 Thraciam
748 3008 795 3058 ad-

252 3074 335 3123 ducta
344 3075 463 3137 indeque
475 3074 559 3128 latius
571 3085 724 3142 propagata
735 3095 795 3131 esse

252 3143 388 3193 dicuntur.
409 3144 501 3203 (Geni.
514 3161 584 3209 quae
596 3148 648 3197 hac
661 3148 694 3198 de
706 3164 734 3198 re
747 3148 795 3198 ob-

251 3218 344 3262 servat
359 3213 522 3265 Winiewshi
542 3216 570 3265 in
594 3217 681 3266 Indic.
702 3219 792 3269 Lectt.

252 3281 338 3332 Acad.
357 3283 505 3333 blouaster.
525 3284 705 3337 reta-1846.
729 3302 793 3352 pag.

253 3353 286 3403 12
302 3351 381 3415 seq).
405 3351 429 3401 A
443 3353 561 3404 Thracia
574 3354 660 3416 igitur
670 3356 739 3407 haec
750 3373 795 3408 ss·

252 3436 299 3471 cra
318 3425 372 3471 unt
390 3437 451 3472 cum
471 3423 527 3473 ista
544 3425 670 3475 doctrina
686 3431 795 3487 septen·

252 3491 367 3542 trionem
389 3506 485 3543 versue
506 3494 542 3543 ad
563 3494 648 3546 Getas
666 3496 794 3559 Scythas·

252 3577 318 3626 qne,
339 3560 411 3613 alias
430 3567 525 3626 gentes
545 3564 572 3613 iu
594 3565 696 3616 boreali
708 3568 795 3617 Euro-

250 3647 302 3695 pae
319 3637 398 3695 parte
414 3631 570 3685 habitantes
582 3634 718 3686 translata
733 3653 794 3688 esse

251 3702 275 3750 si
288 3701 395 3764 quidem
415 3717 471 3752 uon
489 3719 599 3767 prorsus
615 3707 794 3769 improbabile

251 3771 372 3834 videtur,
392 3771 529 3823 Zalmoxis
542 3774 614 3825 haud
632 3776 690 3825 scio
701 3791 737 3826 an
750 3793 795 3828 eo-

251 3840 310 3892 dem
322 3842 554 3908 qnoPythagoras
566 3845 623 3896 iure
632 3845 755 3912 Orphicas
767 3852 795 3897 et

250 3910 345 3961 baberi
364 3917 392 3963 et
412 3912 469 3964 dici
485 3921 582 3980 queat,
600 3932 661 3967 curn
680 3922 794 3982 uterque

250 4047 481 4057 ---

839 1076 900 1112 οιιττι
923 1061 964 1109 ita
990 1061 1062 1119 sint,
1089 1061 1187 1121 sponte
1212 1051 1374 1117 intelligitur,

839 1129 906 1197 quid
919 1129 953 1180 de
964 1127 1132 1178 Dahlmanni
1151 1123 1266 1187 (Herod.
1281 1139 1307 1188 p.
1322 1123 1374 1184 lte)

840 1199 979 1251 sententia
988 1197 1164 1248 iudicandum
1176 1196 1225 1254 ait,
1237 1191 1375 1260 quaomnia

840 1270 909 1320 haec
927 1269 961 1319 dc
974 1266 1097 1318 Zalmoxi
1115 1266 1242 1317 narratio
1258 1279 1290 1316 ex
1302 1264 1376 1313 noni-

839 1355 904 1389 num
927 1337 1105 1389 similitudine
1132 1335 1253 1402 quadam
1277 1333 1375 1383 fluxim

840 1409 964 1473 putanda
983 1408 1034 1466 sit,
1058 1408 1099 1458 ita
1119 1411 1151 1456 ut
1169 1405 1299 1456 Getarum
1318 1403 1375 1454 deus

841 1479 971 1542 indigena
986 1477 1058 1527 lorte
1072 1477 1186 1526 fortuna
1199 1475 1272 1525 idem
1288 1487 1375 1523 nomen

840 1549 969 1599 babuerit
981 1552 1064 1611 atque
1081 1561 1152 1596 uuna
1168 1543 1282 1611 quidam
1298 1558 1313 1593 e
1331 1542 1376 1605 Py-

841 1618 973 1682 thagorae
988 1615 1140 1680 discipulis.
1160 1616 1199 1665 At
1213 1629 1279 1664 vero
1288 1611 1378 1677 Pytha·

842 1703 925 1754 goras
943 1702 976 1738 ae
993 1685 1104 1737 scholae
1122 1683 1326 1749 Pythagoricae
1342 1697 1378 1731 ae

842 1762 941 1820 tatem,
954 1761 984 1807 ut
997 1757 1055 1821 ipse
1065 1756 1227 1805 Herodotus
1241 1753 1378 1811 existimat,

841 1827 922 1891 longe
940 1825 1079 1876 antecedit
1096 1825 1253 1885 Zalmoxis,
1274 1823 1338 1873 adeo
1353 1827 1377 1871 ut

841 1898 921 1947 huius
931 1896 1057 1947 doctriua
1066 1909 1083 1945 a
1093 1894 1258 1959 Pythagora
1266 1893 1378 1958 protecta

842 1968 897 2017 dici
910 1972 1040 2031 nequem
1061 1964 1135 2015 coni.
1147 1962 1267 2015 Bessell.
1289 1961 1308 2012 l.
1326 1961 1344 2011 l.
1354 1977 1377 2025 p.

842 2037 876 2088 42
889 2051 975 2101 seqq,
988 2037 1037 2099 qni
1050 2034 1194 2085 Zalmoxirr
1204 2034 1284 2083 deum
1296 2031 1377 2092 habet,

844 2107 891 2169 qui
907 2106 941 2155 ad
955 2105 1147 2169 antiquissima
1160 2101 1378 2165 Thracicae'gen·

842 2175 879 2223 tia
892 2178 1015 2235 tempora
1028 2176 1180 2237 pertineat,
1200 2173 1236 2222 ad
1249 2185 1318 2237 quae
1328 2171 1379 2234 ipsa

841 2242 973 2305 placitum
984 2243 1051 2293 illud
1063 2243 1097 2294 de
1109 2243 1222 2293 animae
1234 2238 1379 2291 immortali-

842 2315 903 2362 tate
923 2326 1008 2376 aequs
1025 2314 1172 2375 pertineat.
1203 2313 1284 2362 Unde
1295 2310 1334 2361 vel
1347 2310 1380 2357 in·

841 2382 959 2431 ferorum
976 2382 1073 2443 deum,
1094 2373 1290 2443 ααταχθόντον
1309 2371 1378 2440 θεὸν,

843 2466 904 2501 esse
920 2454 1000 2513 putat
1014 2450 1244 2514 Rhousopoulus,
1261 2457 1379 2510 utsupra

844 2519 880 2570 ad
898 2536 959 2585 cap.
978 2520 1013 2572 94
1033 2520 1088 2569 iam
1111 2519 1308 2573 iudicavimus.
1334 2518 1379 2581 qni

845 2591 929 2642 Getas
943 2606 992 2653 pro
1003 2588 1100 2639 Gothis
1115 2588 1234 2652 habent,
1253 2589 1381 2642 Zalmoxin

845 2676 905 2710 curu
940 2659 1030 2709 Odiuo
1062 2659 1231 2711 contendero
1270 2662 1380 2723 adeoque

845 2730 989 2781 Germanis
1006 2729 1162 2791 vindicare,
1185 2735 1220 2779 nt
1237 2729 1260 2778 Ι.
1280 2730 1378 2778 Grimm.

845 2805 873 2849 et
885 2800 1043 2861 Wieubarq.
1054 2797 1073 2847 1.
1084 2812 1169 2861 snpra
1180 2797 1212 2858 l.,
1223 2797 1298 2848 baud
1309 2801 1379 2847 mira-

843 2870 941 2919 bimur.
968 2868 1022 2930 Qui
1037 2869 1190 2930 nuperrime
1211 2868 1284 2918 banc
1304 2872 1379 2917 totam

844 2939 966 2989 fabulam
997 2943 1126 2989 accurato
1157 2943 1319 3002 persecutus
1344 2941 1379 2986 est

844 3009 932 3059 Clesa.
949 3008 967 3059 l.
982 3022 1065 3070 supra
1081 3007 1115 3068 l.,
1131 3010 1156 3056 is
1174 3023 1240 3072 paq.
1252 3006 1320 3059 2679
1330 3004 1380 3056 Zal

843 3080 935 3128 morin
948 3076 1043 3126 haberi
1059 3076 1119 3127 vult
1132 3093 1182 3142 pro
1197 3080 1260 3127 viro
1272 3077 1378 3142 egregio,

843 3153 907 3200 vate
920 3164 954 3198 ae
965 3147 1123 3208 sacerdote,
1144 3148 1189 3212 qui
1208 3148 1243 3198 de
1255 3145 1380 3211 populari-

843 3220 894 3270 bus
907 3218 996 3282 iisque
1007 3215 1153 3267 admodum
1163 3218 1277 3267 rudibus
1289 3216 1379 3280 optime

844 3290 973 3346 meritus,
986 3287 1085 3350 quippe
1099 3302 1166 3352 quos
1180 3302 1226 3337 res
1242 3302 1333 3337 sacras
1344 3288 1379 3334 at·

844 3375 896 3424 que
909 3358 1018 3409 animae
1031 3356 1268 3408 immortalitatem
1281 3356 1379 3407 edocmt

844 3442 1011 3494 quorumque
1023 3442 1111 3477 mores
1125 3426 1261 3486 excoluit,
1281 3426 1378 3476 divinos

843 3499 960 3548 bonores
977 3497 1121 3562 postmodo
1138 3502 1283 3547 assecutus
1300 3502 1326 3547 et
1335 3509 1377 3559 pro

843 3568 895 3619 deo
906 3568 996 3619 cultus
1013 3573 1065 3618 est.
1099 3568 1161 3617 Hoc
1176 3567 1264 3632 igitur
1277 3568 1330 3616 nisi
1344 3579 1379 3615 ss

845 3640 947 3703 quaris,
958 3636 1100 3688 Zalmoxiu
1109 3637 1198 3697 ipsum
1212 3638 1291 3688 deum
1302 3635 1378 3686 luisse

845 3709 956 3771 eredas,
978 3722 1058 3771 quem
1082 3706 1168 3758 Getae
1188 3706 1335 3767 coluerint,
1352 3709 1378 3753 nt

844 3782 952 3829 veteres
968 3777 1100 3839 tradunt,
1122 3775 1158 3827 ad
1176 3777 1249 3828 bunc
1269 3792 1330 3827 vero
1342 3789 1376 3824 re-

843 3848 902 3898 lata
917 3848 979 3898 dein
994 3846 1089 3897 credas
1106 3862 1283 3912 quaecuuque
1296 3846 1327 3896 de
1339 3859 1376 3895 sa-

844 3919 899 3968 cris
917 3917 953 3967 ad
971 3918 1056 3983 ipsius
1074 3917 1178 3968 cultum
1198 3915 1375 3982 spectantibus

300 4143 320 4188 *l
339 4141 413 4188 „Fecst
427 4156 452 4181 cu
471 4145 492 4184 in
511 4157 534 4184 ro
552 4159 600 4185 cum
614 4148 691 4187 Nostro
706 4140 829 4192 Hellanicus
844 4151 934 4193 Lesbius
953 4153 987 4194 vsl
1006 4154 1079 4204 portus
1097 4149 1220 4192 Herodotea
1237 4150 1307 4192 intulit
1324 4146 1372 4186 libro

249 4211 299 4240 sno:
324 4197 382 4250 τοῖς
399 4192 580 4263 βαρβαρικοῖς
599 4194 703 4263 νόμοις.
732 4208 766 4248 Cf.
785 4208 880 4260 Etyruol.
900 4223 972 4261 uragu.
996 4220 1013 4248 a.
1033 4222 1054 4248 v.
1075 4197 1214 4270 Ζάλμοξις
1236 4213 1257 4248 et
1276 4204 1372 4247 Sounion

250 4258 313 4298 docte
327 4261 366 4300 hae
384 4260 415 4320 tle·
431 4275 452 4321 rc
472 4271 595 4304 monentem
610 4268 637 4306 ad
651 4268 755 4308 Hellanici
776 4269 874 4321 srngmm.
889 4281 910 4321 p.
926 4271 949 4310 13
968 4275 988 4310 et
1007 4283 1040 4309 ur.
1055 4269 1126 4311 XXV.
1143 4285 1162 4324 p.
1177 4272 1225 4311 Μ’·
1254 4270 1370 4310 ereum.

250 4308 319 4350 L⁰⁶¹¹⁵
333 4311 437 4352 H⁰l¹³⁰¹⁰¹
450 4327 505 4353 ΝΜ
520 4316 599 4361 leriam
613 4320 635 4358 in
650 4317 755 4368 l'ruqmm
772 4319 822 4361 hist.
838 4322 923 4362 Graece.
939 4323 955 4361 l.
971 4334 992 4374 p.
1006 4321 1038 4360 69.
1055 4334 1086 4364 nr.
1101 4322 1136 4362 173
1151 4323 1194 4370 (ed.
1205 4321 1298 4363 Mueller.
1312 4316 1371 4358 Paris·

250 4359 314 4421 lsslll·
344 4362 387 4403 Sed
402 4364 513 4404 reprendit
528 4366 615 4408 Proller:
632 4369 662 4408 De
678 4368 781 4410 Hcllsnic.
797 4372 860 4414 Lesb.
875 4385 925 4422 paq.
940 4371 960 4420 s,
975 4371 1029 4412 salso
1048 4373 1101 4413 haec
1115 4375 1181 4415 tribui
1196 4372 1311 4414 llellauico.
1325 4376 1370 4417 quat
1459 4351 1460 4406 l

249 4424 276 4451 0¹
293 4425 339 4464 *1¹⁸0
355 4414 542 4468 H0¹0d010atque
558 4418 655 4461 Damastc
669 4422 784 4475 compilata
798 4421 847 4464 licto
863 4423 968 4465 Hellanicl
981 4423 1069 4465 nomino
1083 4426 1128 4466 sint
1141 4426 1235 4467 vendita.
1255 4419 1371 4471 obloquitur
1459 4429 1460 4432 ¹

249 4462 331 4505 Besssll
344 4465 358 4505 Ι.
373 4466 388 4507 l.
402 4478 453 4520 pag.
467 4468 499 4508 4⁵.
