3042 5125
429 426 755 490 MELPOMENE.
779 427 835 487 IV.
857 434 902 487 22.
1192 425 1253 488 335

124 610 173 683 ἐπ’
188 609 339 704 ἡμερέων
359 613 441 685 ἑπτὰ
455 613 553 702 ὁδὸν,
573 615 655 707 μετὰ
670 617 707 686 di
727 614 789 707 τὴν
810 620 933 705 ἐρῆμον
946 613 1162 686 ἀποκλίνοντι
1174 622 1254 707 μᾶλ-

122 725 175 786 λον
188 717 272 807 πρὸς
287 716 481 809 ἀπηλιώτην
494 717 619 810 ἄνεμον
638 725 796 811 νέμονται
812 724 1037 809 Θυσσαγέται,
1060 728 1160 800 ἔθνος
1174 731 1254 791 πολ-

122 889 184 953 ting.
206 887 275 938 Ana.
296 888 371 940 1823.
390 904 431 939 nr.
453 891 495 941 75.
515 905 581 955 pag.
601 890 662 939 747.
713 888 816 939 muccis
829 890 936 954 Νοιηπ,
958 902 976 937 a
996 887 1253 954 Russisllprrperlri.

120 957 169 1007 Ubi
189 974 224 1010 ex
238 957 354 1009 historia
367 957 513 1024 Poloniae,
534 974 603 1025 quae
616 974 663 1009 au·
712 960 850 1009 Mannert.
867 959 915 1009 lV.
936 972 999 1023 pag.
1020 956 1070 1008 109
1090 959 1124 1009 de
1145 961 1256 1024 regione

119 1032 189 1078 ctore
218 1027 347 1077 Bandtks
376 1029 478 1094 prodiit
511 1029 663 1080 Oratoriao
713 1028 842 1079 sabulosa
855 1033 931 1078 trans
945 1027 1058 1092 Volgum
1076 1029 1152 1078 circa
1167 1028 1255 1079 lacum

119 1097 197 1160 1822,
210 1097 282 1146 inter
292 1096 347 1147 alia
356 1096 407 1148 hoc
417 1114 523 1165 qnoque
535 1099 661 1162 refertur,
712 1098 828 1159 salsum,
842 1097 940 1159 Elton,
953 1096 999 1148 hie
1011 1098 1186 1164 cogitandum
1196 1113 1255 1148 esse

118 1167 237 1217 Bndinos
251 1167 376 1231 primitus
391 1167 533 1220 habitasse
551 1169 579 1218 in
592 1169 662 1218 Rus·
712 1170 878 1232 suspicatur.
909 1167 979 1217 Utut
998 1173 1054 1230 est,
1078 1168 1113 1217 ad
1135 1169 1255 1219 orienta-

118 1236 174 1286 siae
185 1236 372 1288 meridionalis
382 1240 518 1290 tractibus
530 1238 661 1289 finitimos
710 1236 761 1287 lem
769 1237 874 1303 Volgae
882 1239 970 1303 ripam
978 1236 1045 1287 haec
1057 1237 1166 1289 deserta
1174 1254 1257 1303 qnae·

118 1306 269 1356 Sarmatiae
292 1307 449 1371 Asiaticae,
483 1324 554 1374 qnae
584 1309 658 1357 intra
710 1307 795 1359 renda
815 1322 888 1370 esse,
910 1307 954 1357 bio
971 1306 1027 1356 illic
1044 1322 1116 1357 nnnc
1131 1309 1166 1358 od
1184 1310 1255 1374 agri-

119 1375 230 1440 Volgam
243 1391 276 1426 ac
290 1377 397 1427 Tanain
411 1379 466 1428 sita
477 1378 578 1440 fertur,
593 1384 661 1428 tem·
711 1377 847 1427 culturam
862 1376 987 1427 adhiberi
1005 1382 1118 1442 coepta,
1137 1393 1253 1442 pronun-

119 1460 210 1510 porum
234 1445 366 1509 decursu,
390 1446 452 1497 aliis
473 1449 601 1512 gentibus
626 1463 659 1498 ex
710 1446 910 1498 tiatReicbard
928 1446 978 1498 l.l.
997 1462 1062 1512 pag.
1078 1446 1120 1498 33.
1138 1475 1171 1484 -
1190 1448 1254 1498 Mox

118 1516 180 1564 Asia
197 1516 325 1566 interiori
344 1516 566 1580 advenientibus,
589 1518 660 1568 occi·
711 1532 772 1567 cum
789 1521 905 1567 recentt.
924 1515 985 1567 edd.
1008 1515 1117 1567 exhibui
1136 1507 1255 1566 οἷποιιλί-

118 1584 224 1635 dsntem
236 1600 333 1636 versus
345 1587 434 1651 magis
446 1588 587 1653 magisque
601 1603 661 1652 pro·
710 1601 787 1636 νοντι
799 1602 848 1652 pro
860 1579 1055 1636 ἀποκλίνοντι.
1073 1587 1114 1637 Cf.
1127 1587 1179 1650 ΙΙΙ,
1195 1588 1252 1637 114.

118 1656 243 1714 rescirem
263 1670 325 1706 esse
338 1671 403 1706 vero
418 1655 538 1707 Budinos
550 1658 658 1708 eoadem
708 1657 800 1707 Verba
818 1650 890 1718 πρὸς
908 1646 1071 1719 ἀπηλιώτην
1091 1645 1196 1720 ἄνεμον
1214 1657 1254 1721 (iu

118 1729 195 1790 atque
227 1726 354 1776 ll'udiaoe
376 1741 410 1776 ae
441 1727 571 1779 Werredoe
598 1725 658 1790 (noa
709 1728 808 1793 quibus
838 1720 943 1789 ἄνεμον
973 1725 1057 1775 simili
1083 1725 1253 1775 abundantia

123 1795 235 1844 ll'errden
248 1794 405 1861 vocamus),
418 1796 525 1847 nomine
543 1796 659 1846 deducto
709 1797 847 1847 adiectum
858 1798 995 1861 putamus,
1011 1810 1064 1861 qua
1077 1796 1104 1844 iu
1116 1795 1253 1847 locutione

118 1865 255 1914 all'errdu
280 1881 303 1915 s.
333 1865 451 1926 Wmda,
475 1866 548 1931 quod
569 1883 660 1933 apuam
707 1866 757 1917 illa
770 1859 841 1928 πρὸς
851 1859 953 1932 βορέην
970 1857 1076 1929 ἄνεμον
1094 1865 1147 1925 IV,
1169 1866 1252 1915 ml.

117 1932 201 1999 (anda,
215 1933 300 1998 modu)
312 1934 433 1998 denotet,
446 1951 506 1986 oum
518 1938 608 2001 gentis
619 1952 659 1987 se·
710 1937 732 1998 1,
743 1936 759 1987 6
770 1935 827 2000 (ubi
840 1936 877 1986 el.
886 1932 969 1997 nott.)
979 1934 1094 1999 aliisque
1103 1933 1171 1984 locis
1183 1949 1254 1983 corn·

117 2003 160 2053 dea
171 2004 330 2069 primitivae
341 2007 432 2069 aquis,
445 2008 552 2072 stagnis
565 2022 599 2056 ac
610 2021 659 2070 pa·
709 2005 843 2071 pluribus,
853 2003 960 2056 valent:
974 2006 1079 2062 Eurota,
1090 2004 1253 2055 Subtolonum

116 2071 223 2124 ludibus
244 2073 341 2138 plenae
361 2075 472 2125 suerint.
501 2076 572 2138 Quin
585 2077 660 2127 Gelo-
710 2093 813 2134 νοτιιιτ,
834 2079 865 2126 ut
883 2075 937 2136 IV,
952 2073 999 2148 ⁴99.
1024 2074 1082 2122 152.
1101 2073 1168 2134 Vll,
1193 2074 1251 2124 188.

116 2141 229 2194 amillio
247 2142 361 2208 legimns
379 2144 489 2195 eosdem
505 2151 660 2210 essentque
710 2147 781 2195 Nam
806 2137 821 2194 ὁ
847 2135 1009 2209 οἷπηλιωτης
1038 2144 1188 2194 subsolanus
1211 2148 1252 2193 est

115 2212 318 2277 Hyperboreos,
335 2228 448 2280 quornm
461 2213 531 2264 dona
546 2220 660 2281 quotan-
708 2221 823 2275 ventus,
850 2217 896 2280 qui
922 2211 1040 2263 abortu
1056 2213 1253 2276 aequinoctiali

117 2283 155 2332 uis
168 2282 267 2332 Delum
284 2284 368 2334 missa
388 2284 500 2336 suerint.
525 2284 598 2351 [Quo
615 2300 660 2336 eo-

116 2352 172 2402 dem
187 2354 324 2418 pertinet,
344 2355 416 2419 qnod
435 2355 575 2405 contendit
587 2356 615 2406 J.
629 2356 657 2405 J.

116 2421 245 2473 Hanuseh
260 2423 325 2486 (Die
333 2424 533 2475 Wissenscbait
544 2424 592 2476 des
605 2423 658 2475 sla·

116 2491 353 2558 vischenbiythus.
361 2494 449 2544 Wien.
461 2494 536 2544 1842.
544 2510 570 2559 p.
579 2494 656 2558 utin:

116 2560 232 2614 (ΙοΙοοοτ
260 2571 343 2629 atque
367 2565 533 2615 Bndinornm
563 2564 657 2615 urbem

116 2646 173 2682 esse
193 2632 329 2683 coloniam
351 2632 484 2684 Graecam
504 2635 533 2684 in
553 2635 657 2685 medias

115 2700 256 2752 slavorum
268 2710 355 2753 terras
366 2702 527 2767 deductam,
544 2719 606 2755 cum
619 2705 659 2753 in-

115 2775 155 2820 ter
167 2771 264 2823 slavos
278 2777 305 2823 et
315 2772 433 2824 Graecos
445 2789 573 2840 magnum
586 2789 658 2824 eom-

116 2842 242 2891 mercium
267 2841 475 2910 intercesseritl.
506 2844 581 2894 Idem
608 2846 657 2896 Cr.

116 2911 233 2961 conferri
244 2910 306 2962 vult
316 2913 470 2978 interprett.
480 2914 515 2963 ad
522 2914 657 2964 Ammian.

116 2980 232 3033 Marcell.
247 2982 348 3043 XXXI,
359 2985 384 3033 2.
399 2983 440 3033 13.
455 2984 488 3034 Τ.
502 2984 552 3037 ΙΙΙ.
567 3000 594 3049 p.
606 2984 657 3035 358

117 3049 210 3117 Wagn.
231 3049 380 3128 -Ἶττᾶοιιν
396 3047 502 3117 duntur
518 3044 570 3119 ὅλη
588 3068 658 3102 παν-

117 3118 182 3185 τοίη.
199 3122 252 3171 Ρτο
268 3119 320 3186 alp
333 3122 420 3171 Koen.
433 3121 467 3172 ad
482 3122 594 3187 Gregor.
608 3123 658 3173 Co-

117 3189 196 3242 riutb.
209 3207 273 3256 pag.
290 3193 341 3243 ΙΙΙ
355 3192 513 3256 auspicatur
528 3189 583 3259 36η.
614 3194 657 3242 Tu

117 3259 176 3310 vide
193 3262 246 3323 iv,
268 3260 319 3311 109
335 3260 426 3326 ibique
443 3266 515 3311 nott.
541 3288 577 3298 —
602 3263 656 3312 Pro

117 3324 232 3395 διιτέην,
261 3330 333 3394 qnod
356 3345 450 3382 omnes
472 3330 534 3380 libri
561 3332 657 3398 scripti

115 3400 252 3461 praebent,
268 3405 382 3450 recenti.
397 3400 457 3451 edd.
471 3394 584 3452 δασέαν.
613 3403 656 3452 ef.

115 3467 166 3520 ΙΙΙ.
178 3469 213 3521 32
223 3470 316 3535 ibique
328 3475 397 3521 nott.

293 3571 360 3625 (iar.
379 3573 469 3624 XXII.

147 3667 202 3724 ἔστι
217 3668 385 3751 πρώτημὲν
401 3668 504 3743 ἕρημος
530 3664 577 3725 ἐπ’
590 3667 657 3741 ἡμε-

708 2285 841 2350 procedit.
854 2285 923 2334 Nos:
935 2283 1053 2334 Ostroiml.
1079 2281 1121 2331 Cf.
1136 2282 1250 2334 Salmas.

709 2356 841 2405 Exercitt.
867 2354 956 2404 Plinn
978 2368 1040 2418 pag.
1060 2350 1113 2403 879
1130 2353 1178 2415 R,
1200 2368 1251 2418 quo

707 2430 783 2475 recte
800 2425 887 2474 utitur
899 2421 1031 2487 Leopold.
1049 2422 1084 2471 ad
1102 2422 1174 2472 Plut.
1192 2423 1252 2474 Ser·

707 2499 759 2546 tor.
771 2495 797 2545 8.
817 2494 859 2545 Cs.
871 2494 971 2544 Cora'e's
982 2493 1017 2542 ad
1028 2493 1053 2541 H
1057 2493 1189 2556 ippoerat.
1210 2494 1252 2543 De

708 2567 765 2615 aiir.
795 2580 838 2628 aq.
865 2570 893 2614 et
914 2564 982 2614 loce.
1004 2562 1037 2611 Τ.
1057 2564 1078 2614 Ι.
1105 2578 1132 2627 p.
1152 2562 1250 2613 LXIX.

708 2634 862 2684 Lxxxul.
874 2636 962 2683 Krusc
979 2631 1072 2681 Hellas
1085 2633 1108 2680 l.
1123 2646 1150 2695 p.
1162 2633 1224 2685 275.

744 2698 928 2766 Θυσσαγέται]
942 2702 1004 2751 Vid.
1016 2702 1090 2750 inira
1102 2702 1149 2761 lv,
1165 2701 1212 2751 123
1224 2708 1251 2751 et

708 2771 804 2837 Steph.
819 2773 885 2837 Byr.
898 2787 920 2821 s.
934 2787 961 2822 v.
974 2786 999 2835 p.
1009 2771 1060 2819 465
1072 2769 1114 2819 ed.
1124 2770 1210 2820 Bekk.
1224 2787 1250 2836 p.

709 2843 756 2894 141
770 2843 913 2892 Westerm.
924 2834 1023 2910 (ἔθνος
1033 2836 1098 2914 περὶ
1111 2832 1162 2902 τὴν
1174 2838 1250 2888 Μαι-

707 2910 776 2961 ιότιν
796 2909 906 2975 λίμνην,
924 2925 962 2966 τος
978 2902 1153 2971 Ἡροόοτος).
1170 2909 1251 2973 Apud

707 2983 824 3033 Plinium
841 2982 875 3031 H.
892 2981 926 3030 N.
945 2980 997 3041 IV,
1020 2979 1052 3029 12
1072 2976 1139 3043 (26).
1162 2981 1214 3037 vl,
1235 2981 1249 3029 7

707 3057 842 3102 vocantur
870 3052 1047 3115 Tlmeaopetue.
1083 3047 1152 3098 Add.
1172 3049 1251 3098 Pom-

707 3137 771 3188 pon.
782 3121 844 3171 bloi.
858 3121 887 3184 l,
902 3119 948 3181 19,
968 3121 1029 3170 141:
1049 3119 1151 3181 „quta
1164 3118 1251 3183 Tbys-

707 3196 820 3256 sogetae
831 3192 990 3254 Turoaeque
1002 3196 1097 3239 vastas
1108 3187 1193 3239 silvas
1205 3204 1248 3239 oe·

707 3268 809 3326 cupant
826 3260 988 3325 alunturque
1013 3259 1171 3318 venando;“
1203 3258 1250 3308 ubi

706 3330 781 3381 coni.
795 3330 829 3381 de
845 3330 922 3382 vocis
940 3330 1077 3394 scriptura
1090 3327 1250 3379 Tzsclrnclre

706 3401 735 3451 in
751 3405 821 3450 nott.
840 3401 914 3451 eritt.
929 3400 989 3450 Vol.
1004 3399 1041 3450 ΙΙ.
1055 3401 1084 3450 Ρ.
1101 3401 1124 3449 Ι.
1142 3414 1169 3463 p.
1187 3397 1248 3449 648.

707 3470 769 3520 coll.
783 3468 923 3519 Eiohwald
936 3469 995 3519 loco
1012 3484 1073 3517 mox
1087 3469 1105 3518 l.
1129 3469 1196 3518 Post
1207 3468 1249 3519 De

706 3540 840 3605 Guignm,
852 3537 952 3604 quill.
966 3538 1093 3603 pagbdll.
1105 3537 1157 3588 550
1173 3539 1250 3603 Thya·

705 3618 808 3675 rupetae
825 3610 860 3659 ad
880 3614 1022 3673 utramque
1040 3606 1142 3673 Volgae
1161 3608 1249 3673 ripam

705 3680 735 3729 in
744 3679 901 3744 regionibus
912 3675 1001 3743 planiir
1012 3682 1100 3727 terrae
1110 3677 1250 3743 Captchac

114 3737 182 3807 pluo
196 3734 267 3796 ἔπτὰ
277 3736 358 3812 ὁδον]
378 3747 482 3798 Eadem
501 3745 658 3798 reseruntur
705 3764 793 3814 nsque
810 3750 845 3799 od
862 3748 974 3798 fluvium
988 3747 1031 3797 lbi
1049 3746 1188 3796 habitasse
1203 3762 1250 3810 po·

113 3813 183 3866 inira
198 3816 252 3880 IV,
269 3816 329 3869 123.
359 3817 494 3869 Obserrat
510 3821 601 3867 antem
614 3817 656 3866 De
706 3822 813 3879 suerat,
831 3818 938 3866 exstitit
951 3817 1104 3874 (letteren,
1122 3817 1170 3880 qni
1188 3814 1248 3865 loco

113 3882 231 3951 Guignss
258 3886 353 3952 (Mem.
377 3886 411 3938 de
432 3885 539 3937 l‘Acad.
563 3886 589 3936 d.
613 3887 658 3935 ln·
706 3903 790 3953 supra
814 3885 927 3936 laudato
949 3901 975 3949 p.
1000 3885 1034 3935 34
1062 3885 1248 3950 'l'lryssugetas

111 3954 217 4020 scriptt.
229 3957 340 4007 XXXV.
356 3971 418 4023 pag.
429 3957 503 4021 546),
516 3957 590 4007 intra
603 3956 657 4005 Ta·
706 3959 847 4022 etZyrcas
863 3959 963 4005 terram
979 3954 1148 4018 Kirgisorum
1166 3955 1250 4005 mino·

110 4024 175 4074 nain
188 4032 216 4077 et
229 4025 345 4092 Volgam
359 4031 387 4077 et
403 4027 510 4093 quidem
528 4024 657 4077 orientali
705 4028 744 4077 ria
767 4026 891 4087 Hordeo,
918 4023 1053 4075 Herodoti
1076 4029 1151 4076 certe
1174 4030 1249 4075 aeta·

111 4091 244 4159 inpane,
265 4097 299 4147 ab
316 4095 658 4148 urbeAstracansirecti
708 4102 749 4160 te,
779 4095 901 4147 tenuisse
919 4093 1069 4145 contendit.
1105 4094 1158 4157 Qui
1179 4095 1250 4145 idern

110 4164 279 4217 occidentem
305 4181 401 4217 versus
425 4167 538 4228 tendas,
568 4164 657 4215 adbuc
707 4165 781 4231 opud
796 4164 959 4217 Billerbeclr.
977 4163 1097 4214 Difficili.
1119 4167 1166 4216 lla.
1186 4181 1249 4231 pag.

110 4230 189 4295 plura
210 4251 271 4287 esse
293 4236 414 4297 deserta3
441 4252 555 4302 quarum
573 4249 656 4285 unum
708 4238 742 4288 25
766 4236 799 4287 de
821 4236 873 4288 boo
890 4234 1023 4285 Herodoti
1044 4233 1104 4285 loeo
1126 4235 1196 4286 buno
1222 4237 1251 4285 in

109 4300 243 4355 hocloco
262 4305 298 4355 ab
319 4305 460 4357 Herodoto
479 4304 659 4371 probabiliter
708 4306 817 4356 modum
845 4306 1013 4371 disputavit:
1041 4305 1150 4369 „Supra
1171 4304 1252 4355 Budi·

111 4370 291 4440 intelligatur.
305 4375 384 4438 Quod
393 4375 660 4435 desertnmauctore
709 4391 759 4425 nos
773 4376 835 4427 inde
853 4392 870 4426 a
883 4377 998 4426 Samara
1015 4375 1097 4425 fluvio
1115 4390 1200 4440 usque
1217 4373 1253 4424 ad

110 4439 258 4496 Gutturero
271 4444 288 4495 l.
301 4444 318 4493 Ι.
328 4460 391 4511 pag.
401 4445 444 4508 33,
457 4445 537 4495 hodie
548 4448 662 4494 vocatur
711 4445 823 4496 flurium
833 4445 895 4495 Iaik
905 4449 932 4496 et
943 4445 1006 4496 inde
1015 4460 1101 4509 nsque
1114 4445 1149 4494 ad
1164 4444 1253 4494 deser-

112 4509 247 4566 Iailroruoa
260 4531 282 4566 s.
298 4516 411 4567 Urolima
421 4516 566 4579 desertum,
579 4513 663 4565 aCal·
712 4520 771 4566 tum
779 4515 943 4567 Vlldiernm
955 4516 1008 4566 iter
1018 4513 1117 4575 iniss03
1130 4513 1165 4564 ad
1176 4513 1253 4564 cuins
