3042 5125
438 436 450 459 ·
467 420 669 481 THALIA.
692 421 751 482 ΙΙΙ.
773 430 941 485 rso-122.
1211 423 1272 487 235

142 609 197 679 τόν
208 637 244 680 τε
257 607 321 701 γὰρ
337 611 465 702 κήρυκα
484 611 544 682 τὸν
561 609 711 703 Ὀροίτεω
732 610 947 702 παρελθόντα
962 616 1194 703 διαλέγεσθαι,
1218 619 1273 686 καί

142 712 196 784 τὸν
207 716 427 805 Πολυκράτεα
443 719 571 804 (τυχεῖν
590 716 654 806 γὰρ
676 720 946 806 ἐπεστραμμένου
964 714 1047 807 πρὸς
1066 716 1125 788 τὸν
1147 727 1272 807 τοῖχον)

140 815 213 887 οὔτε
233 846 267 887 τι
286 825 575 909 μεταστραφῆναι,
599 818 678 889 οὕτε
702 814 961 909 ὑποκρίνασθαι.
1010 828 1122 891 Αἰτίαι
1147 821 1210 912 μέν
1230 821 1340 912 (isitii

140 913 234 990 αὗται
256 921 410 1012 διφάσιαι
431 926 584 1012 λέγονται
605 928 666 993 τοῦ
678 922 831 993 θανάτου
851 929 912 993 τοῦ
924 924 1157 1013 Πολυκράτεος
1178 929 1270 1013 γενέ-

139 1034 231 1094 σθαι·
269 1024 411 1116 πάρεστι
436 1026 472 1095 di
493 1035 693 1113 πείθεσθαι,
720 1018 859 1116 ὁκοτέρῃ
881 1055 930 1108 τις
956 1026 1112 1116 βούλεται
1134 1025 1272 1098 αὐτέων.

133 1124 166 1196 ‘0
180 1126 222 1216 dr}
236 1116 288 1199 ὦν
306 1127 468 1219 Ὀροίτης,
489 1130 635 1219 ίζόμενος
655 1134 692 1199 ἐν
705 1137 889 1218 Μαγνησίῃ
903 1134 945 1220 τῇ
967 1126 1052 1219 ὑπὲρ
1067 1130 1273 1221 Μαιάνδρου

137 1238 285 1320 ποταμοῦ
304 1236 463 1323 οίκημένῃ
483 1240 608 1321 ἔπεμπε
622 1232 769 1323 Μύρσον
789 1232 848 1302 τὸν
862 1233 996 1322 Γύγεω,
1017 1231 1126 1324 ἄνδρα
1144 1233 1272 1323 Λυδὸν,

137 1339 167 1416 ές
186 1332 309 1425 Σάμον
337 1335 497 1425 ἀγγελίην
522 1340 689 1427 φέροντα,
721 1334 844 1427 μαθων
871 1342 931 1407 τοῦ
954 1337 1189 1427 Πολυκράτεος
1212 1336 1272 1409 τὸν

136 1438 218 1509 νόον.
259 1440 482 1535 Πολυκράτης
495 1439 559 1531 γάρ
574 1445 643 1511 ἐστι
656 1445 785 1530 πρῶτος
799 1445 867 1509 τῶν
878 1435 972 1529 ἡμεῖς
986 1445 1084 1528 ίδμεν
1092 1437 1271 1531 Ἑλλήνων,

136 1658 179 1708 pro
194 1641 268 1707 vulg.
285 1634 520 1707 κατηλογέοντα,
540 1658 621 1709 qnam
634 1658 677 1693 re·
728 1639 810 1707 ὃρου]
830 1640 981 1706 Μαρκετὶα,
997 1657 1068 1707 quae
1080 1642 1115 1692 ad
1128 1643 1271 1695 Maeandri

135 1712 213 1761 tinnit
234 1711 369 1762 Dindorf.
405 1710 485 1761 Geni.
503 1712 634 1763 Herodot.
652 1712 675 1776 Ι,
727 1711 806 1763 fluvii
835 1711 922 1775 ripam
950 1711 1189 1775 septentrionalem
1216 1712 1270 1763 sita

135 1782 178 1843 84,
194 1780 241 1831 ubi
254 1782 291 1832 de
307 1783 470 1832 accusativo
483 1781 578 1831 addito
595 1796 676 1847 quae·
727 1779 976 1845 erat,quindeei1n
989 1780 1118 1831 milliaria
1137 1783 1172 1832 ad
1192 1783 1271 1833 meri-

136 1850 191 1901 dam
208 1850 322 1911 monui,
343 1855 370 1901 et
390 1849 444 1900 vid.
460 1850 532 1901 intra
549 1851 604 1914 111,
627 1851 676 1902 125
727 1851 798 1900 diem
813 1856 840 1899 et
856 1850 986 1899 orientem
1001 1850 1035 1899 ob
1046 1850 1169 1914 Epheso,
1187 1851 1213 1901 si
1225 1866 1271 1915 pe-

135 1910 238 2000 ἆλογείν
256 1926 285 1970 et
306 1920 361 1984 VI,
380 1922 414 1972 ‘15
432 1911 463 1969 έν
485 1909 583 1986 ἀλογίῃ
602 1914 676 1984 ἔχειν
726 1935 775 1969 nes
792 1917 908 1970 Plinium
927 1918 1011 1985 (Hist.
1026 1919 1091 1970 Nat.
1105 1922 1144 1982 V,
1156 1918 1204 1982 29,
1224 1919 1269 1983 31)

136 2003 194 2038 τινα
211 1989 274 2041 eoll.
303 1990 345 2053 11,
369 1989 432 2052 141,
458 1990 506 2040 ubi
528 1990 585 2043 vid.
604 1993 675 2040 nott.
726 1989 809 2051 fides,
825 1987 957 2052 distingui
970 1987 1051 2038 debet
1066 1989 1102 2039 ab
1117 1991 1270 2053 eaMagne·

135 2060 273 2110 Caeterum
290 2063 457 2110 structuram
472 2059 536 2110 inde
551 2075 568 2110 a
584 2059 676 2110 verbis
727 2059 784 2121 sia,
800 2071 869 2122 quae
887 2057 924 2107 ad
938 2057 1060 2122 Sipylum
1073 2063 1193 2108 montem
1205 2058 1269 2120 sita,

135 2125 181 2176 καί
197 2144 253 2186 κως
279 2128 409 2179 nonnihil
432 2128 570 2179 turbatam
589 2128 676 2179 videri
726 2127 870 2191 Smyrnam
881 2140 987 2192 versus,
999 2130 1026 2177 et
1035 2127 1096 2191 ipsa
1108 2128 1145 2177 ad
1156 2125 1271 2192 Lydiam

136 2212 179 2247 nee
196 2214 312 2264 prorsus
337 2198 458 2264 legitimo
480 2197 560 2249 modo
582 2212 676 2264 prooe-
725 2196 890 2263 pertinebat.
908 2197 1059 2247 Eamnune
1070 2197 1223 2263 Μαῃιιίιωιι,
1234 2196 1272 2247 al-

135 2266 206 2332 dere,
221 2269 334 2318 monitu
345 2269 392 2319 vix
401 2282 479 2332 opus.
499 2269 590 2319 Causa
602 2269 631 2318 in
643 2281 675 2318 eo
726 2271 813 2317 teram
825 2266 1010 2317 Maeandrium
1030 2263 1111 2316 hodie
1126 2266 1271 2318 Inelrbazar

135 2341 187 2398 est,
202 2337 274 2402 quod
286 2342 354 2402 post
363 2337 448 2388 verba
458 2335 511 2386 καί
522 2352 579 2395 κως
593 2337 674 2403 (quae
725 2336 782 2388 diei
792 2334 941 2386 affirmant.
967 2334 1045 2387 Conf.
1056 2335 1147 2388 Strab.
1158 2335 1231 2399 XIV,
1244 2337 1268 2387 1.

134 2406 221 2456 eodem
244 2406 307 2458 iere
330 2405 411 2457 modo
433 2406 524 2472 posita
547 2406 675 2473 leguntur
724 2421 751 2471 p.
765 2404 817 2456 639
828 2422 850 2455 ε.
861 2404 913 2457 943
924 2405 953 2456 0.
967 2406 1137 2472 aliorumque
1149 2406 1271 2457 testimo-

134 2476 264 2539 111‚123.
292 2478 346 2539 IV,
367 2476 426 2529 149.
451 2476 511 2538 111,
537 2475 598 2540 150)
620 2492 675 2526 non
725 2475 786 2538 nia,
804 2490 873 2540 quae
890 2475 960 2525 citat
971 2476 1033 2526 Van
1046 2475 1094 2527 der
1106 2476 1179 2539 bes
1192 2475 1270 2525 Com·

135 2549 277 2611 sequnntur
296 2561 344 2611 ea,
367 2560 437 2610 quae
454 2550 674 2612 exspectaveras,
724 2548 809 2596 ment.
826 2546 1177 2611 geogr.adArrian.p.20.
1204 2545 1269 2608 Qui-

135 2629 215 2681 neque
233 2617 323 2667 verba
345 2607 435 2665 αὐτὸν
451 2616 481 2681 (i.
501 2633 525 2667 e.
544 2616 674 2680 Polycra·
724 2615 776 2666 bus
796 2615 879 2678 adde,
901 2630 971 2680 quae
986 2631 1020 2666 ex
1038 2615 1162 2680 antiquis
1182 2629 1269 2680 aeque

135 2684 194 2751 ten)
210 2679 419 2750 καταλογέοντα
442 2686 544 2751 exeipit
559 2685 674 2736 infiniti·
725 2700 758 2735 ae
770 2684 968 2734 recentioribus
981 2683 1162 2748 scriptoribus
1175 2683 1270 2734 attulit

133 2768 193 2815 vas,
214 2771 297 2821 quem
310 2759 449 2806 structura
465 2755 594 2820 requirit,
612 2771 673 2805 euru
723 2755 866 2817 Forbiger.
879 2754 991 2803 Hundb.
1007 2754 1033 2805 d.
1052 2751 1100 2803 ait.
1116 2753 1269 2818 Gangraph.

134 2824 294 2875 subiiciatnr
303 2824 423 2876 causalis
432 2825 583 2890 sententia,
593 2824 672 2875 illata
724 2823 762 2874 ΙΙ.
774 2839 800 2887 p.
814 2823 865 2873 225
879 2836 937 2887 seq.
961 2823 1041 2873 Conf.
1054 2822 1138 2873 etiam
1152 2836 1235 2886 supra
1246 2824 1269 2886 1,

135 2907 177 2956 per
186 2895 315 2946 sonulam
328 2886 395 2959 γὰρ,
418 2896 489 2946 unde
505 2895 606 2945 factum
621 2899 672 2958 est,
725 2893 785 2945 ldl.
806 2891 849 2941 De
858 2892 1004 2944 Maeandro
1017 2892 1135 2943 diximus
1146 2891 1181 2942 ad
1191 2891 1215 2954 I,
1229 2893 1268 2943 18.

135 2968 163 3012 nt
180 2967 268 3015 oratio
292 2964 423 3015 inchoata
445 2965 547 3014 instaur
566 2964 673 3014 elausn-
723 2961 766 3012 Ad
787 2953 922 3027 οἰκημένῃ
940 2961 1014 3012 noni.
1033 2965 1102 3013 nott.
1120 2960 1157 3010 ad
1175 2960 1203 3023 1,
1224 2963 1268 3012 27.

135 3030 182 3081 iam
195 3049 247 3084 non
260 3034 410 3086 inveniret.
440 3035 530 3096 Quare
540 3032 674 3084 Herodoti
723 3032 777 3094 111,
794 3030 836 3106 1'7.
1061 3071 1065 3082 .

135 3101 210 3152 verba
222 3104 263 3153 sie
277 3104 392 3170 proprie
404 3103 598 3153 constituenda
613 3117 673 3153 esse
758 3095 893 3163 Μυρσον]
916 3095 991 3146 Idem
1015 3111 1113 3149 nornen
1133 3097 1207 3149 inira
1234 3100 1267 3162 V,

136 3176 206 3222 notat
218 3173 328 3239 Steger.
346 3173 382 3223 ad
393 3171 420 3226 b.
437 3171 473 3224 t:
492 3170 545 3221 καί
554 3186 611 3228 κως
622 3163 673 3221 τὸν
725 3170 785 3219 122.
809 3168 850 3217 Ae
867 3166 995 3217 videntur
1015 3166 1087 3230 apud
1100 3168 1193 3230 Lydos
1213 3167 1268 3218 usi-

137 3233 327 3308 Πολυκράτεα,
349 3231 401 3292 τίν’
420 3232 450 3291 ἐκ
469 3237 607 3307 προνοίας
623 3256 674 3290 κα-
723 3243 785 3288 tata
799 3236 883 3287 tuisse
895 3236 1005 3286 nomina
1016 3239 1044 3286 et
1052 3236 1141 3301 Myrai
1153 3236 1187 3302 (s.
1195 3238 1269 3302 Myr·

137 3301 288 3375 τηλὸγεετά
302 3301 360 3392 ᾩρ.
374 3301 674 3375 πρήγματα-έπεγέ·
724 3307 782 3372 sili)
801 3311 829 3358 et
846 3307 933 3371 θηρία.
972 3303 1035 3358 vid.
1049 3305 1151 3357 Herod.
1169 3308 1197 3368 I,
1211 3306 1269 3359 7.8

137 3393 203 3428 νετο·
222 3373 273 3430 τὸν
289 3395 341 3431 ουν
360 3372 396 3445 δὴ
409 3369 605 3445 Πολυκράτεα,
623 3376 675 3429 τοῦ
723 3377 791 3442 ibiq.
810 3379 880 3426 nott.
899 3374 991 3425 Verba
1008 3375 1204 3440 subsequentia
1218 3376 1269 3427 Le·

137 3439 674 3584 ort
725 3513 1268 3580 ι

138 3585 234 3651 (τυχεῖν
243 3558 298 3656 peip
308 3579 398 3638 -τὸν
409 3588 516 3653 τοῖχον)
530 3581 593 3641 οὔτε
605 3583 675 3639 ὑπο·
725 3584 853 3636 baeuseri
870 3582 1096 3647 interpretatione
1117 3581 1269 3649 („Myreum
1343 3646 1345 3648 ι

138 3654 295 3720 κρίνασθαι.
327 3660 426 3724 Itaque
439 3657 674 3712 totinslooibuno
725 3680 759 3691 -
777 3655 877 3705 Sumam
895 3655 974 3712 misit,
1000 3656 1113 3703 nunciam
1133 3654 1266 3715 serentem,

138 3739 192 3777 esse
203 3743 313 3781 sensum
329 3733 418 3793 patet:
438 3739 538 3793 ,ωηατ
550 3732 676 3796 Polycra-
725 3741 774 3791 qao
791 3727 897 3773 aninuuu
914 3724 1060 3788 Polycratia
1080 3721 1267 3787 euplorareffl)

137 3804 192 3857 tem,
210 3804 264 3850 τίοι
280 3802 392 3851 comalio
407 3797 515 3850 Oroetae
530 3811 573 3851 ret
586 3815 676 3864 asper-
724 3791 975 3856 rectius,.opinor,
1001 3791 1040 3841 sie
1059 3790 1268 3855 interpretanda

138 3875 205 3918 outae
215 3872 262 3927 sit,
273 3872 327 3920 eive
337 3885 399 3920 casu
411 3869 517 3934 quodam
528 3873 564 3921 ίια
575 3870 674 3919 occide-
725 3878 785 3914 esse
795 3864 901 3912 censet:
913 3863 998 3920 „misit
1005 3863 1031 3910 in
1039 3861 1137 3910 Saum
1146 3862 1182 3910 ad
1188 3862 1267 3925 Pory-

138 3938 182 3994 ro,
203 3954 256 3988 σιαα
277 3938 386 3990 Oroetao
404 3953 501 4002 praeco
512 3940 674 3989 .aoceerieeet
725 3941 828 3991 σταται,
839 3932 894 3981 ercis
905 3932 1015 3994 capitata
1026 3932 1172 4008 nouerat‘ss
1186 3930 1268 3979 Nam-

139 4006 258 4072 ruboque
265 4008 384 4069 fecisset,
402 4022 482 4072 neque
496 4010 546 4061 ullo
558 4010 632 4059 modo
645 4022 674 4057 se
725 4017 776 4068 qne
786 3993 854 4050 νόον
862 3999 932 4050 idem
942 3998 1034 4048 valere
1045 3997 1117 4063 quod
1125 3996 1266 4062 διανοιαν,

139 4080 286 4128 eonomine
301 4076 374 4142 (enm
388 4076 458 4127 sorte
470 4075 505 4126 ud
517 4092 623 4127 murum
632 4090 673 4126 es·
724 4074 863 4129 consiliari,
873 4079 974 4120 mentem
986 4066 1058 4130 (,‚les
1067 4082 1142 4130 vaes,
1153 4067 1192 4118 les
1205 4068 1266 4120 des·

140 4150 177 4192 set
195 4144 355 4209 conuersus)
380 4162 460 4212 neque
480 4150 613 4213 quidquem
631 4161 674 4196 re·
724 4142 798 4202 sins,
814 4139 854 4192 les
866 4135 1013 4203 projets“),
1026 4139 1101 4188 reete
1113 4143 1203 4189 monet
1215 4140 1266 4189 Le·

140 4215 304 4275 wondieoef‘
334 4215 375 4266 ad
390 4215 472 4267 verba
490 4204 519 4266 ἔκ
536 4213 674 4281 προνοίης
724 4215 834 4269 tronue,
850 4206 1082 4288 5qnernpdpnodum
1093 4207 1266 4287 paulopost:

141 4283 207 4333 conf.
220 4286 244 4350 I,
261 4283 309 4336 159
319 4285 412 4352 ibique
423 4288 493 4335 nott.
725 4270 829 4344 μαθων
843 4293 881 4326 ων
893 4292 979 4326 ταυτα
996 4291 1045 4340 μιν
1064 4275 1267 4343 διανοευμενον

727 4339 742 4398 ὁ
759 4337 904 4413 Ὀροίτης,
928 4361 998 4412 qnae
1016 4345 1167 4413 Schweigb.
1192 4351 1267 4398 reete

305 4405 371 4456 ΟΠ·
391 4405 503 4456 CXXII·
724 4418 766 4470 sio
776 4419 873 4468 vertit:
888 4418 954 4477 „hoc
966 4434 1019 4467 αντ
1028 4420 1108 4469 οκίοιο
1118 4420 1217 4482 opilare
1227 4419 1265 4465 in-

181 4477 212 4540 ἒν
235 4489 385 4559 Μαγνησίῃ
408 4488 442 4560 τῇ
463 4481 535 4556 ὑπὲρ
561 4477 674 4540 Μαιοίν·
724 4492 838 4556 ίιίίίῃεατ
848 4487 983 4539 Oroetee.“
1086 4488 1091 4495 '
