3042 5125
259 389 320 450 ιιι
628 352 631 356 ’
696 392 961 456 nnuonour

258 606 392 666 γοντος,
415 573 458 658 ὦς
478 584 543 648 νύν
562 582 625 670 μὲν
649 580 705 650 διὰ
727 560 877 666 Δαρεῖον
896 587 1034 663 ἕκαστος
1053 579 1166 652 αὐταῖν
1190 581 1413 669 τνραννεύειδιι

258 681 386 761 πόλιος·
422 687 479 769 τῆς
499 692 649 771 Δαρείου
670 685 707 753 δέ
735 683 896 773 δυνάμιος
918 695 1171 775 καταιρεθείσης
1199 683 1275 755 οὐτε
1293 683 1380 766 αὐτὸς

259 793 438 874 Μιλησίων
458 782 527 866 οἷός
549 815 584 855 τε
605 796 743 858 ἔσεσθαι
765 785 897 876 ἄρχειν,
925 788 1003 860 οὐτε
1020 787 1124 858 ἄλλον
1146 786 1271 858 οὐδένα
1291 786 1380 857 οὐδα-

258 892 346 977 μῶν·
374 888 601 977 βουλήσεσθαι
620 888 685 978 γὰρ
709 889 851 979 ἑκάστην
871 897 939 960 τῶν
959 901 1086 962 πολίων
1108 890 1398 982 δημοκρατέεσθαι

258 996 385 1079 μᾶλλον
399 988 420 1080 ἢ
432 991 709 1082 τυραννεύεσθαι.
743 990 901 1066 Ἰστιαίου
918 999 954 1066 δὲ
968 996 1107 1086 γνιύμην
1121 996 1248 1084 ταύτην
1262 993 1382 1064 ἀποδει-

259 1099 428 1184 κνυμένου
456 1092 576 1166 αὐτίκα
603 1095 725 1178 πάντες
744 1087 831 1186 ἦσαν
852 1106 1069 1189 τετραμμένοι
1091 1097 1173 1189 πρὸς
1194 1099 1317 1188 ταύτην
1333 1096 1384 1186 τὴν

197 1203 255 1266 138
264 1197 418 1287 γνώμην,
440 1198 603 1288 πρότερον
618 1198 679 1288 τὴν
693 1201 889 1272 Μιλτιάδεω
903 1203 1099 1292 αἱρεόμενοι.
1133 1194 1243 1272 Ἠσαν
1256 1203 1292 1272 δέ
1304 1193 1384 1271 οὗτοι

264 1309 299 1372 οἱ
310 1304 525 1391 διαφέροντές
545 1331 581 1373 τε
601 1303 662 1393 τὴν
681 1310 796 1393 ψῆφον
817 1309 874 1376 καὶ
893 1305 1003 1387 έόντες
1017 1307 1118 1395 λόγου
1137 1304 1222 1397 πρὸς
1235 1310 1383 1396 βασιλέος,

292 1458 332 1527 ⁰3⁶
351 1466 404 1518 νῦν
421 1461 472 1533 μὶν
488 1463 536 1518 διὰ
550 1471 672 1532 Δαρεῖον
685 1486 711 1521 κ.
728 1485 750 1520 τ.
764 1466 801 1534 1.]
853 1473 896 1525 nis
905 1473 1040 1525 transitus
1054 1473 1184 1524 edirectu
1197 1475 1226 1524 iu
1239 1472 1384 1524 indirectum

259 1539 330 1604 Apte
352 1539 423 1590 hunc
440 1540 468 1589 iu
484 1540 591 1590 modum
603 1540 745 1591 Histiaeus
763 1546 805 1589 et·
853 1545 1018 1606 oraticnem,
1040 1544 1073 1595 de
1091 1560 1145 1610 qua
1157 1544 1277 1594 Wessel.
1292 1544 1355 1592 citat
1365 1543 1383 1592 1.

261 1624 314 1673 que
333 1625 348 1659 e
364 1626 393 1660 re
412 1624 464 1658 suu
483 1609 590 1659 locutus
602 1615 658 1670 est3
677 1610 725 1675 qui
734 1609 804 1661 bene
851 1613 897 1663 Fr.
915 1613 1034 1665 Gronov.
1054 1614 1091 1663 ud
1110 1614 1208 1665 senec.
1232 1614 1266 1664 de
1283 1610 1383 1662 Beusic

259 1679 330 1729 vidit
355 1695 410 1729 non
441 1681 495 1729 uisi
519 1679 664 1730 Persarum
688 1680 803 1745 imperio
852 1681 960 1744 1v‚³2.
985 1681 1383 1747 Tucouf.‚neplura‚flerud.

259 1753 351 1799 stante
365 1755 440 1799 sture
453 1749 568 1813 seipsos
580 1764 674 1814 posse,
689 1750 803 1800 Graecis
852 1752 905 1814 IV,
927 1753 986 1804 110.
1013 1752 1070 1803 196.
1091 1753 1132 1813 11,
1153 1753 1214 1819 113.
1235 1753 1285 1802 152
1305 1751 1383 1814 ibique

259 1819 497 1883 impatientissime
514 1833 563 1883 pro
573 1816 709 1871 libertatis
721 1833 803 1869 sensu
852 1828 965 1873 nott.-
977 1822 1019 1873 Ad
1028 1822 1194 1873 locutionem
1205 1811 1384 1886 ηνιύμηκύτο

259 1890 381 1953 ingenito
399 1888 550 1938 ferentibus
568 1888 663 1953 iugum
679 1904 697 1939 a
709 1889 803 1940 Persis
853 1889 1022 1941 δείκνυσθαι
1033 1892 1070 1942 cf.
1084 1892 1138 1956 lv,
1157 1891 1207 1943 132
1223 1892 1315 1955 ibique
1326 1893 1383 1937 uctt

259 1959 426 2023 impositum.
451 1958 574 2023 Namque
587 1958 700 2020 Persae,
718 1963 750 2007 ut
767 1958 801 2008 ιδ

260 2027 316 2090 lv,
334 2027 369 2079 08
388 2029 441 2077 iam
459 2030 625 2089 monuimus,
646 2028 759 2079 Graecis
773 2029 802 2078 in

259 2098 418 2148 civitatibus
443 2098 576 2163 siugulis,
598 2113 666 2162 quas
687 2100 801 2162 imperio
994 2062 1060 2114 ΟΠ·
1075 2062 1257 2115 cxxxvm'

258 2184 308 2218 suo
321 2167 491 2230 addiderant,
507 2172 638 2232 tyrannos
653 2167 803 2219 constitue·
880 2152 970 2215 Ἦσαν
984 2160 1013 2215 δὲ
1030 2152 1107 2215 οὖτοι
1120 2160 1150 2215 oi
1168 2156 1350 2228 διαφέροντές
1362 2174 1384 2210 τε

149 2237 154 2246 ’
257 2240 329 2299 rant,
344 2238 390 2302 qui
401 2237 505 2288 arctius
517 2252 579 2287 cum
588 2237 680 2287 Persis
690 2237 802 2287 ccuinn·
851 2229 904 2302 την
919 2233 1032 2300 ψῆφον]
1048 2238 1067 2287 i.
1078 2253 1102 2287 e.
1114 2237 1199 2287 Fuere
1211 2235 1339 2292 actardi,
1351 2233 1386 2298 qui

258 2307 297 2357 cti
327 2321 496 2372 quorumque
519 2304 594 2357 salus
622 2322 756 2372 suspense
785 2322 802 2356 s
850 2310 929 2358 inilia
939 2307 1119 2356 deliberatione
1130 2303 1385 2371 mffraqiaferebau.

258 2377 360 2439 Persis,
373 2377 419 2441 qni
429 2376 482 2440 ipsi
491 2376 519 2424 in
529 2375 711 2426 subiectorum
719 2375 802 2427 (irec-
849 2377 894 2426 lta
906 2373 1066 2439 Schweigh.,
1081 2377 1127 2440 qui
1138 2376 1211 2425 idem
1226 2376 1254 2424 iu
1268 2375 1331 2424 Lex.
1342 2372 1386 2422 He·

258 2461 351 2498 corum
369 2444 564 2509 rempublicam
580 2445 690 2495 minime
711 2460 741 2495 sc
752 2446 802 2495 im·
850 2446 908 2496 rud.
922 2447 963 2495 sic
976 2445 1072 2495 vertit:
1095 2446 1227 2510 suffr-cpia
1241 2447 1308 2495 uitro
1319 2446 1385 2493 citro·

258 2517 373 2568 miscere
385 2514 521 2567 solebant.
532 2515 603 2564 Hinc
617 2529 677 2580 cap.
694 2515 743 2567 lue
758 2519 801 2580 ty·
850 2533 897 2583 que
911 2526 972 2579 ipro
987 2528 1038 2564 eus
1052 2515 1170 2580 quisque
1187 2511 1338 2573 sententie)
1351 2510 1385 2574 [e

258 2601 405 2636 raucorum
416 2600 558 2647 recensus,
573 2586 619 2651 qui
631 2601 648 2635 ιι
661 2586 752 2636 Persis
761 2586 802 2634 vi·
851 2593 951 2643 rentem
969 2590 1000 2634 ut
1014 2580 1162 2647 διαφέρειν
1180 2587 1228 2634 vix
1251 2584 1385 2649 quidquam

258 2657 380 2707 ctoribus
392 2656 422 2706 in
435 2654 549 2706 Graecis
562 2655 722 2706 civitatibus
737 2653 801 2706 oiim
851 2655 959 2704 differat
970 2668 986 2702 a
1001 2652 1118 2718 simpiici
1132 2648 1250 2717 φέρειν,
1263 2660 1294 2705 ut
1306 2653 1333 2701 in
1342 2653 1386 2701 Eu·

257 2726 353 2777 liberis
375 2724 555 2792 popularique
578 2726 693 2789 irnperio
717 2725 802 2773 maxi·
849 2725 902 2789 rip.
912 2723 1003 2775 Orest.
1011 2723 1055 2781 48,
1065 2721 1183 2788 aliisque
1195 2721 1386 2776 Demosthenis.

259 2812 331 2846 maun
357 2800 461 2860 partem
482 2794 637 2847 fruentibus
656 2795 802 2845 constituti
849 2793 1028 2844 isocratissc
1042 2792 1180 2843 Plutarchi
1192 2793 1265 2844 locis
1278 2790 1385 2842 inTbee.

259 2872 346 2917 erant.
369 2892 404 2901 -
423 2855 516 2914 αὐτῶν
540 2879 601 2915 cum
622 2864 711 2915 Gaisi.
738 2863 802 2913 dedi
850 2863 918 2927 ling.
933 2862 1030 2912 Graec.
1042 2862 1078 2912 11.
1095 2878 1121 2927 p.
1136 2861 1200 2913 1315
1219 2863 1262 2913 ed.
1272 2860 1385 2912 Diudcri.

259 2950 308 3001 pro
325 2927 441 2985 αὐτέων.
457 2961 490 2970 -
509 2935 541 2984 ln
557 2950 632 2999 eeqq.
648 2934 683 2983 cd
700 2933 802 2998 signiti-
850 2932 953 2982 uitatis.
970 2932 1027 2982 Nec
1036 2932 1115 2982 aliter
1122 2933 1258 2997 bangius,
1268 2943 1387 2981 uernacu-

259 3004 396 3055 catiouem
410 3002 485 3055 verbi
497 3001 715 3067 καταιρεθείσης
728 3001 802 3053 coni.
850 3001 893 3052 ius
903 3003 1045 3065 interpres,
1057 3005 1139 3066 utque
1148 3002 1241 3052 italus
1254 3003 1385 3064 interpres.

260 3072 346 3123 allata
362 3073 398 3123 ad
410 3072 453 3135 ΙΙ,
467 3072 526 3122 172.
700 3126 711 3147 ν
851 3070 946 3121 Malim
964 3071 1102 3136 equidem:
1119 3072 1386 3137 qeibceseseuteutiu*

294 3134 355 3198 οἷος
368 3154 396 3190 τε
415 3136 531 3190 ἔσεσθαι
544 3130 656 3203 ἄρχειν,
679 3155 742 3189 αντε
755 3128 803 3188 ἄλ·
852 3142 881 3205 (a
889 3140 1022 3191 Miltiadis
1032 3139 1182 3204 sententia)
1188 3145 1298 3193 alienun
1309 3155 1329 3190 s.
1337 3154 1387 3189 eeu·

259 3210 308 3258 λον
327 3200 431 3259 οὐδένα
449 3200 592 3274 οὐδαμῶν]
617 3210 718 3261 Omnes
739 3209 803 3259 libri
851 3214 957 3263 traciam
971 3209 1098 3272 ferebam.
1134 3212 1211 3273 Quae
1230 3218 1386 3276 sequuntur:

259 3279 357 3345 scripti
368 3284 396 3329 et
408 3278 471 3330 clim
484 3278 552 3330 editi
565 3272 641 3357 έσηαι
658 3278 799 3355 exhibeutq
853 3278 903 3329 καὶ
920 3270 1011 3336 ε’ὁνιες
1027 3274 1108 3345 λόγον
1122 3273 1195 3341 πρὸς
1216 3273 1342 3346 βασιλέος
1357 3278 1386 3325 si·

278 3348 332 3400 uod
345 3365 405 3399 cum
419 3348 454 3399 ud
473 3348 558 3399 verba
575 3361 638 3397 οντε
655 3347 740 3396 citou
754 3339 803 3395 οὐ·
852 3348 997 3415 gnificsut:
1021 3359 1044 3401 et
1056 3352 1099 3416 qui
1110 3355 1207 3401 muitum
1220 3350 1337 3402 valebant
1349 3363 1387 3395 eu-

260 3366 329 3468 δέκα
336 3409 469 3482 οὐδαμῶν
481 3418 554 3468 haud
566 3418 727 3479 conveniat,
740 3417 802 3467 Rei·
853 3422 970 3472 τιονίιοιτ
987 3420 1058 3481 apud
1073 3436 1173 3487 νεηαιι,1
1197 3420 1256 3469 vid.
1275 3425 1340 3468 uctt.
1357 3415 1387 3463 ιδ

260 3489 319 3540 zius
331 3491 452 3554 reposuit
463 3481 587 3551 ἔσεσθαι,
603 3503 620 3538 a
630 3487 764 3540 Borbeck.
775 3493 803 3537 et
854 3490 876 3551 1,
892 3488 941 3539 120
955 3495 982 3538 et
994 3488 1029 3538 ci.
1041 3490 1089 3551 IV,
1105 3489 1161 3541 1:33.
1178 3488 1236 3539 111,
1262 3486 1329 3538 Δδδ.
1339 3484 1388 3534 Sie-

259 3559 418 3620 Msttbiaec,
427 3574 460 3609 ac
473 3562 570 3623 postea
583 3572 690 3623 quoquc
702 3573 719 3607 s
731 3556 803 3608 Bek-
852 3556 921 3609 beiis
935 3558 970 3607 ad
981 3558 1100 3609 Pausau.
1110 3559 1144 3619 X,
1157 3558 1183 3609 0.
1197 3561 1222 3620 1.
1241 3560 1265 3609 1.
1275 3587 1308 3596 -
1320 3552 1386 3621 βασι·

260 3630 340 3691 kerc,
352 3628 491 3679 Dindcrfic
505 3632 533 3678 et
548 3626 688 3679 Dietschio
706 3628 803 3678 merito
853 3620 915 3683 te'ce
928 3627 991 3678 dedi
1003 3642 1051 3691 pro
1065 3624 1209 3693 βασιλῆος,
1225 3627 1299 3693 qnod
1311 3623 1387 3677 (leiti.

260 3704 397 3765 receptum
417 3699 613 3764 probatumque
630 3696 689 3747 viro
711 3697 803 3759 uincto,
854 3696 1036 3777 etMsttb3hic
1047 3698 1386 3775 retinuerunt-lngeqq·

260 3769 408 3831 Schoenio,
423 3769 466 3818 in:
494 3769 566 3819 Dies.
579 3767 612 3817 de
627 3768 803 3817 attractionis
853 3767 946 3817 verbis
959 3780 1036 3815 ουτοι
1048 3760 1099 3830 μέν
1113 3779 1187 3832 ησαν
1198 3769 1301 3817 retinui
1314 3776 1385 3829 ησαν,

261 3854 342 3904 quam
359 3839 455 3889 dicunt
474 3841 561 3903 siugg.
577 3836 737 3902 quibusdam
759 3852 803 3887 ex·
854 3835 1003 3902 quodcum
1022 3852 1039 3886 ιι
1058 3836 1195 3888 διοοτοίιί
1211 3835 1283 3887 libro
1300 3834 1387 3884 altere

262 3907 357 3970 emplis
386 3908 458 3973 apud
486 3907 616 3957 Herodot.
648 3905 801 3967 (Bieleieid.
854 3921 906 3971 que
921 3906 1003 3965 absit,
1019 3906 1190 3957 aDindoriio
1204 3907 1331 3957 omissum
1342 3907 1385 3953 esu

264 3977 341 4039 1840)
356 3993 381 4041 p.
395 3982 421 4027 5.
452 3977 595 4042 Vulgatsm
610 3969 702 4038 ἔσται,
723 3992 802 4041 quam
854 3975 1021 4026 aDietschio
1031 3977 1108 4026 uncis
1121 3975 1255 4027 inclusum
1266 3981 1385 4038 tauquam

261 4045 510 4109 Schweighaeuser.
530 4053 557 4096 et
572 4045 709 4096 Gaist'ord.
728 4061 806 4096 τινα·
855 4045 1034 4109 spurium-
1052 4045 1125 4097 Inter
1142 4052 1274 4111 tyrannos
1291 4043 1385 4094 urbium

263 4122 408 4176 caverant,
428 4114 517 4166 denuo
537 4117 606 4166 tueri
620 4116 725 4165 studuit
742 4114 805 4165 Ettz
855 4115 1220 4181 Hellespontffleroptunm,
1231 4116 1277 4180 qui
1288 4112 1384 4175 Παριη

264 4187 305 4233 in:
316 4213 318 4216 >
330 4183 445 4233 Jahrbb.
461 4185 503 4234 fiir
518 4182 614 4234 Philol.
632 4200 658 4234 u.
682 4185 805 4249 Paedag.
856 4179 906 4241 νὸς
918 4192 1040 4245 uocatur,
1052 4191 1186 4250 tyrannus
1197 4192 1257 4235 erat
1268 4184 1346 4239 Perii,
1357 4178 1385 4226 ‘10
1458 4230 1459 4243 ,

263 4250 357 4317 Suppl.
372 4254 418 4302 ΙΧ.
426 4269 452 4317 p.
462 4253 512 4303 134
522 4253 646 4316 (Quaest.
661 4253 804 4306 Herodott.
857 4269 910 4320 que
926 4254 993 4305 urbe
1007 4253 1064 4305 vid.
1077 4255 1208 4306 Herodot.
1223 4256 1259 4318 V,
1279 4253 1325 4302 117
1342 4246 1384 4298 ibi·
1458 4246 1459 4255 ’

265 4340 290 4387 p.
311 4322 355 4385 7),
377 4337 465 4388 neque
485 4337 549 4372 vero
572 4319 638 4370 mihi
659 4325 805 4385 persuasit.
857 4339 908 4390 que
922 4329 992 4374 nott.
1023 4325 1130 4375 Strauit
1148 4330 1279 4387 tyrannus
1296 4333 1383 4371 menuc-

264 4392 407 4443 Caeterum
434 4392 462 4445 iu
488 4390 531 4440 his
554 4391 664 4440 minime
688 4391 808 4444 offendet
854 4398 933 4444 retur
949 4393 1033 4456 vm,
1053 4393 1117 4455 1323
1146 4396 1244 4445 Aeacos
1259 4390 1332 4443 Sami
1349 4394 1384 4449 ty·

263 4463 381 4527 subitus,
392 4477 480 4528 neque
491 4477 555 4514 vero
564 4459 691 4512 insolitus
707 4463 806 4514 crstin-
855 4479 959 4516 rannus
977 4463 1032 4527 vl,
1052 4464 1092 4517 tt.
1130 4465 1185 4515 Pro
1201 4455 1303 4527 Aluum
1321 4454 1383 4524 quod
