3042 5125
1196 407 1257 468 107

469 404 909 469 THALIA.111.5e-55.
992 404 997 413 '

115 587 350 680 ἀπηλάθησαν.
384 590 469 662 κατά
485 595 523 664 δὲ
543 594 601 666 τόν
620 597 732 667 ἐπάνω
753 596 900 685 πύργον,
920 593 979 666 τὸν
1000 600 1054 668 ἐπὶ
1073 603 1130 686 τῆς
1144 599 1256 689 ῥάχιος

115 702 175 765 τοῦ
187 694 309 784 οὔρεος
323 697 482 783 ἐπεόντα,
502 702 686 790 ἐπεξῆλθον
706 707 741 771 οἵ
752 729 788 770 τε
802 704 973 792 ἐπίκουροι
990 704 1046 772 καὶ
1059 698 1172 774 αὐτόν
1184 714 1254 775 Σα-

114 810 201 890 μίων
229 809 363 889 συχνοί·
397 800 569 892 δεξάμενοι
595 806 631 875 dl
651 803 728 886 τοὺς
748 812 1036 896 Λακεδαιμονίους
1064 804 1119 877 ἐπ’
1139 805 1254 899 ὀλίγον

114 904 239 995 χρόνον
263 913 409 993 ἔφευγον
429 904 553 995 ὀπίσω,
580 915 616 978 ol
635 911 672 980 dl
693 907 908 999 ἐπισπόμενοι
930 917 1088 981 ἔκτεινον.
1133 919 1177 982 Εί
1191 917 1254 1004 μέν
1262 922 1302 984 55

114 1039 177 1079 νον
192 1016 231 1079 οί
248 1009 430 1098 παρεόντες
443 1019 720 1103 Λακεδαιμονίων
743 1012 851 1104 ὁμοῖοι
872 1017 1026 1103 ἐγίνοντο
1046 1013 1172 1104 ταύτην
1194 1016 1256 1107 τὴν

112 1111 245 1203 ἡμέρην
263 1112 375 1204 Ἀρχίῃ
389 1143 424 1185 τε
445 1119 501 1186 καί
513 1118 682 1209 Λυκώπῃ,
698 1123 819 1210 αἱρέθη
832 1113 876 1187 clv
889 1116 1011 1209 Σάμος.
1050 1115 1179 1208 Ἀρχίης
1192 1121 1256 1211 γάρ

112 1221 166 1287 καὶ
175 1216 352 1308 Λυκώπης
362 1225 481 1309 μοῦνοι
495 1221 756 1304 συνεσπεσόντες
771 1219 935 1311 φεύγουσι
949 1227 982 1303 ἐς
997 1220 1034 1291 τὸ
1048 1238 1155 1311 τεῖχος
1170 1243 1255 1297 τοῖσι

113 1331 294 1413 Σαμίοισι,
316 1325 372 1393 καί
386 1322 668 1415 ἀποκληισθέντες
681 1331 738 1416 τῆς
750 1323 856 1395 ὀπίσω
870 1321 952 1395 ὁδοῦ
971 1322 1145 1396 άπέθανον
1163 1326 1201 1420 ἐν
1214 1335 1256 1420 τῃ

65 1427 197 1497 tutudit
214 1432 258 1517 τῇ
270 1435 420 1517 Σαμίων.
452 1439 552 1523 τρίτω
575 1431 611 1500 δὲ
630 1427 691 1501 ἄπ’
710 1428 845 1520 Ἀρχίεω
865 1428 984 1501 τούτου
998 1429 1149 1519 γεγονότι
1163 1430 1254 1526 ἄλλῃ

110 1530 242 1621 Ἀρχίῃ,
267 1536 314 1624 τῷ
334 1540 469 1623 Σαμίου
490 1540 551 1604 τοῦ
567 1532 719 1623 Ἀρχίεω,
741 1531 842 1614 αὐτὸς
865 1537 903 1603 ἐν
923 1533 1055 1624 Πιτάνῃ
1075 1536 1253 1624 συνεγενό-

110 1701 171 1752 dnm
199 1702 443 1753 commendaverat
461 1703 659 1770 Wesseliugius
709 1703 839 1770 reliquias
850 1703 986 1755 moenium
998 1701 1075 1754 urbis
1087 1707 1170 1770 etque
1181 1704 1254 1755 ercis

110 1771 136 1821 iu
163 1771 313 1823 Sencrofti
340 1770 411 1851 libro
436 1772 544 1840 elioque
570 1790 660 1839 reper-
709 1779 839 1825 scemate
852 1772 997 1837 descripsit
1006 1788 1140 1839 unumque
1149 1775 1255 1824 invenit

109 1847 163 1892 turn
178 1857 233 1907 pro
246 1841 323 1907 vulg.
337 1839 530 1907 νπερέβησαν,
550 1843 660 1894 exhibui
709 1845 805 1895 turrim
819 1841 907 1894 adhuc
917 1846 1065 1905 servatam,
1079 1858 1185 1893 summe
1195 1849 1254 1895 erte

108 1928 168 1962 cnm
182 1915 305 1964 recentt.
322 1911 384 1964 edd.
413 1913 455 1963 Tu
470 1913 506 1963 ct'.
518 1914 546 1975 1,
559 1913 595 1965 84
610 1914 661 1965 ibi·
711 1931 725 1965 e
741 1913 880 1979 lapidibus
896 1912 1053 1963 marmoreis
1070 1916 1253 1963 exstructum:

108 1997 158 2047 qne
178 1986 253 2032 nott.
285 1982 351 2032 Mox
369 1996 419 2045 pro
438 1972 658 2049 ἀπηλάσθησαν,
711 1999 793 2049 quem
813 1982 848 2032 sb
866 1981 1006 2033 Herodoto
1030 1979 1161 2032 hocloco
1185 1982 1255 2034 desi-

107 2052 181 2118 quod
192 2052 320 2118 plerique
334 2051 413 2103 codd.
426 2051 551 2114 efferunt,
562 2053 660 2118 scripsi
710 2054 791 2118 pueri
814 2050 888 2118 quod
905 2055 997 2117 putet,
1021 2050 1145 2116 equidem
1161 2066 1255 2102 essen-

107 2137 168 2173 cum
181 2121 305 2173 Bredov,
320 2138 347 2187 p,
362 2120 413 2173 342
430 2127 457 2173 et
467 2126 583 2175 recenti.
597 2124 660 2176 edd.
710 2125 758 2174 tiri
771 2137 889 2188 nequeo,
904 2137 965 2171 curu
977 2121 1061 2171 turris
1073 2119 1141 2172 haec
1151 2120 1179 2171 in
1193 2122 1253 2186 ipso

106 2181 323 2257 άπηίάθησαν,
342 2192 415 2258 qnod
426 2192 539 2257 praebet
550 2192 659 2247 Aldine.
710 2195 810 2244 montis
821 2193 886 2258 iugo
897 2196 969 2242 esset
981 2194 1128 2255 exstructo,
1139 2205 1254 2254 osvero,

106 2263 252 2313 bloeninm
261 2278 295 2313 ac
304 2264 420 2312 turrium
429 2263 612 2314 veterisSemi
620 2280 661 2316 re·
709 2279 780 2330 quse
791 2261 880 2312 adhuc
894 2266 1027 2327 superest,
1039 2265 1148 2311 centum
1160 2261 1255 2311 metris

106 2332 213 2398 liquiss
231 2332 364 2398 quasdem
376 2347 406 2383 ee
423 2331 526 2383 vidisse
540 2338 660 2384 testetur
710 2332 824 2384 Gallicis
842 2331 915 2382 infre
934 2332 1035 2381 montis
1052 2332 1144 2396 iugum
1158 2346 1175 2380 e
1192 2332 1253 2382 viro

107 2402 295 2453 Tournelort:
318 2401 446 2453 Relation
469 2402 534 2453 d'un
552 2419 659 2470 voyage
710 2404 791 2453 docto
816 2402 925 2452 dicetur
948 2401 1012 2453 site,
1052 2401 1179 2451 Penofke
1206 2401 1255 2452 Se-

107 2472 146 2521 du
156 2472 272 2524 Levant
284 2472 308 2523 I.
321 2487 347 2536 p.
364 2471 421 2522 loo.
455 2473 532 2536 Ques
550 2474 659 2525 eusdem
709 2474 801 2524 urion:
815 2487 859 2523 res
868 2471 1008 2535 p.4hunc
1020 2470 1155 2522 Herodoti
1165 2469 1253 2521 locum

107 2557 280 2608 persequens
301 2541 374 2594 Ross
401 2542 514 2601 (Reisen
536 2544 586 2595 eui
606 2543 658 2596 den
708 2543 857 2607 respiciens
867 2540 935 2592 bueo
947 2541 1253 2608 adscripsiteTourne-

107 2611 660 2681 priecb.1nseln11.p.l47)ruderequee-
709 2611 1252 2678 fortiiuerretionedesumpta:„Moenia

107 2684 173 2734 dem
185 2683 359 2735 occidentem
373 2699 468 2735 versus
486 2683 520 2734 ub
535 2685 601 2736 urbe
612 2701 658 2736 ve·

107 2758 168 2805 tere
183 2755 336 2820 conspicue
350 2754 385 2804 ad
400 2754 472 2804 hanc
488 2756 583 2805 turrim
597 2771 658 2819 pcr-

107 2826 199 2874 tinere
213 2840 297 2890 posse
306 2824 460 2889 suspicatus
473 2829 528 2887 est,
548 2825 596 2876 sed
606 2826 659 2876 lio·

107 2909 211 2944 menae
232 2897 388 2945 structurae
405 2893 454 2944 ille
477 2909 536 2946 esse
553 2895 659 2947 invenit

108 2962 232 3015 Gue'rin:
253 2965 433 3029 Description
450 2964 484 3014 de
495 2963 554 3015 l’ile
565 2965 598 3015 de
610 2966 659 3016 Su·

109 3050 168 3085 mos
190 3050 256 3100 ρας.
275 3033 327 3086 200
346 3033 407 3086 coll.
425 3049 452 3098 p.
471 3034 537 3099 181,
558 3035 605 3085 ubi
624 3035 658 3086 de

109 3105 244 3156 suburbio
259 3105 393 3170 quaedem
406 3104 493 3156 effert.
579 3158 592 3180 n

143 3165 198 3224 τόν
225 3164 272 3224 ἐπὶ
292 3172 343 3239 τῆς
365 3165 464 3238 ὁάχιος
489 3169 541 3221 τοῦ
559 3187 658 3236 ονρεος

111 3234 245 3308 ἐπεόντα]
266 3235 348 3308 όάχις
360 3245 393 3296 de
405 3243 585 3295 animantium
598 3244 659 3294 dor·

112 3331 142 3365 so
149 3314 207 3381 (lli.
215 3314 334 3377 mbos)
341 3320 423 3380 etque
432 3314 465 3365 de
476 3314 542 3377 ipsis
551 3313 659 3378 plenta·

112 3401 169 3435 rum
182 3384 259 3435 foliis
273 3384 465 3449 (Theophreet.
479 3383 553 3436 Hist.
569 3382 657 3447 pleni.

112 3455 164 3516 ΙΠ,
177 3457 205 3514 7,
217 3455 243 3505 5.
261 3455 302 3514 17,
314 3457 339 3506 4.
352 3455 391 3517 18,
405 3445 514 3518 Ὶὸάχις
525 3452 577 3502 τοῦ
588 3443 657 3516 φάλ-

112 3524 172 3589 ίου)
186 3524 302 3583 dicitur3
322 3524 369 3576 sed
379 3523 431 3575 hoc
443 3524 504 3575 loco
517 3528 545 3575 et
559 3522 657 3583 altero,

112 3595 159 3661 qui
172 3599 268 3646 exstet
277 3594 341 3658 Vll,
354 3594 419 3655 216,
432 3594 565 3647 dementis
578 3595 657 3646 dorso

110 3665 352 3729 accipiendum,ut
361 3666 389 3714 in
398 3664 493 3729 Polyb.
501 3665 554 3727 111,
564 3663 655 3727 101,2.

111 3735 143 3797 V,
155 3734 203 3791 611,
221 3735 246 3785 1.
265 3735 380 3799 Dionys.
392 3733 533 3785 Halicarn.
544 3733 657 3799 Autiqq.

111 3807 149 3865 V,
167 3807 205 3856 44
224 3803 341 3868 aliisque
358 3805 444 3867 locis,
469 3819 536 3870 quos
554 3802 611 3855 vid.
629 3802 657 3853 in

112 3875 257 3925 Thesauro
274 3875 355 3940 Liug.
373 3874 469 3925 Graec.
481 3875 529 3924 VI.
546 3889 574 3938 p.
588 3872 655 3924 2351

112 3945 154 3995 ed.
174 3943 306 3994 Dindorf.
341 3943 408 3995 Cum
426 3944 511 4011 igitur
529 3943 612 3994 turris
628 3942 656 3993 in

111 4015 213 4065 montis
226 4013 308 4065 dorso
320 4015 379 4065 sive
389 4014 453 4081 iugo
464 4018 604 4066 exstructo
617 4029 658 4064 cs·

112 4090 168 4148 set,
187 4085 216 4134 in
232 4083 308 4134 Sami
324 4100 402 4146 arce,
423 4100 477 4151 que
495 4083 658 4150 septentrio·

111 4170 172 4205 nem
189 4168 289 4206 versus
307 4159 429 4220 spectat,
449 4170 507 4206 earu
526 4168 658 4219 quaeren-

111 4224 173 4275 dem
191 4238 254 4275 esse
271 4226 409 4291 suspicor,
434 4241 495 4277 cum
515 4227 658 4289 ssepten-

110 4297 201 4346 trione
223 4298 331 4345 tentum
352 4311 415 4357 arx,
441 4311 510 4361 quse
529 4297 656 4355 montem,

112 4366 156 4416 cui
166 4380 243 4415 nuuc
255 4380 353 4416 nomen
365 4366 479 4429 Castro,
492 4363 657 4427 occupabat,

112 4436 219 4486 munite
233 4439 319 4497 esset,
336 4440 367 4485 ut
383 4435 479 4486 scribit
492 4432 596 4485 Gudrin
609 4433 626 4482 l.
638 4432 658 4481 l.

112 4522 137 4571 p.
149 4505 200 4556 195
209 4520 277 4571 seq,
291 4505 338 4572 qui
350 4509 413 4572 post
424 4501 627 4557 Tonrnelortd.
638 4501 657 4553 1.

709 2684 772 2735 elbo
784 2696 917 2733 marmore
931 2680 1103 2745 splendentis
1111 2682 1140 2730 in
1149 2680 1255 2746 Ampeli

709 2754 790 2804 dorso
808 2750 961 2819 quindecim
981 2750 1064 2815 pedes
1086 2749 1252 2813 eminebant,

710 2824 802 2873 decern
820 2820 903 2887 pedes
926 2819 1076 2870 latitudine
1097 2817 1254 2885 complexe:

709 2897 773 2959 post
787 2891 921 2942 decimum
935 2894 1040 2941 sextum
1055 2903 1188 2955 quemque
1206 2904 1254 2953 pe-

709 2964 769 3014 dem
783 2961 867 3013 turris
880 2959 1112 3025 conspiciebatur,
1131 2958 1186 3008 nisi
1200 2974 1253 3023 que

708 3038 810 3083 natura
829 3045 924 3081 sexum
945 3044 1077 3096 praeceps
1094 3029 1122 3077 iu
1139 3029 1198 3078 eius
1216 3027 1254 3076 lo-

708 3118 770 3153 cum
787 3100 1000 3153 substitueret.“
1014 3126 1048 3135 -
1071 3098 1104 3148 In
1122 3112 1196 3164 seqq.
1219 3098 1253 3148 ud

709 3163 855 3237 ἐπίκουροι
870 3170 904 3221 cf.
917 3175 988 3221 nott.
1001 3167 1036 3220 ed
1050 3169 1104 3233 111,
1117 3169 1142 3218 4.

913 3341 979 3394 Cur.
992 3341 1048 3393 LV.

744 3440 783 3495 Εί
795 3438 847 3510 μέν
860 3459 912 3494 νυν
923 3470 957 3481 -
968 3433 1108 3509 ἐγένοντο]
1126 3433 1250 3508 ἐγίνοντο

708 3515 861 3581 Schweigh.
885 3519 913 3566 et
930 3513 1018 3565 Geisf.
1041 3529 1090 3579 pro
1113 3503 1250 3577 ἐγένοντο,

708 3587 780 3709 233⁶
793 3583 1251 3711 'utriuslibet‘tituli

709 3716 911 3792 συμπεσόντες,
927 3740 978 3775 uec
990 3723 1071 3774 aliter
1081 3722 1192 3787 Gregor.
1201 3723 1252 3773 Go-

708 3795 791 3848 riuth.
807 3796 841 3846 de
852 3794 917 3845 diol.
929 3794 987 3845 Ion.
1004 3792 1028 3855 ἐ.
1043 3795 1066 3844 l.
1080 3807 1143 3857 pag.
1154 3791 1215 3842 374.

749 3856 835 3922 αὐτὸς
859 3855 890 3914 ἐν
912 3854 1023 3930 Πιτάνη
1050 3853 1249 3924 συνεγενόμην]

708 3937 794 3989 Gravi
805 3950 896 3987 errore
911 3934 1018 3999 lapsus,
1033 3932 1138 3996 opinor,
1149 3930 1194 3978 vir
1206 3929 1252 3979 do-

707 4012 783 4070 ctus,
796 4007 889 4070 Heyse
904 4005 933 4053 in
947 4005 1060 4065 Quaest.
1071 4000 1216 4050 Herodoti.
1227 4001 1251 4051 I.

707 4094 734 4143 p.
752 4077 787 4129 89
804 4075 849 4126 bic
864 4074 898 4125 de
911 4076 1021 4133 Pitana,
1044 4069 1157 4121 Aeolios
1173 4068 1251 4135 urbe,

707 4147 826 4213 cogitet,
845 4161 906 4196 cum
918 4143 1005 4195 omnis
1019 4142 1141 4192 narratio
1156 4154 1188 4191 eo
1201 4155 1251 4190 nos

709 4217 807 4277 ducet,
820 4220 851 4266 ut
862 4215 1001 4265 Laconico
1013 4212 1102 4262 locum
1117 4209 1162 4260 hic
1173 4210 1253 4262 intel-

707 4285 758 4351 ligi
771 4289 934 4346 stetuumus,
948 4284 1019 4334 hauc
1032 4298 1099 4333 vero
1112 4281 1199 4345 ipsein
1212 4296 1253 4331 re·

708 4359 816 4421 giouem
826 4358 956 4407 Nostrum
968 4354 1067 4404 risisse
1082 4349 1172 4417 plures
1187 4350 1250 4413 loci,

706 4426 755 4477 nbi
763 4425 918 4477 Herodotus
928 4421 1153 4474 Lacedaemoniis
1165 4420 1253 4469 utitur

707 4496 840 4559 testibus,
863 4492 1011 4545 abeodem
1027 4493 1120 4558 Heyse
1142 4486 1252 4540 collecti
