3042 5125
253 314 315 379 340
552 357 558 369 .
618 359 622 366 -
689 311 1034 376 ΗΕΒΟΒΟΤΙΗ

254 508 401 575 οἰκέουσι
421 501 579 596 ὑννέρεαν
598 501 728 595 οὐρέων
749 501 890 594 ὑψηλῶν
909 500 1087 593 ἄνθρωποι
1106 503 1278 595 λεγόμεναι
1303 503 1381 575 εἶναι

256 608 377 689 πάντες
398 612 565 700 φαλακροὶ
584 612 621 679 ἐκ
642 613 759 698 γενεῆς
774 608 963 697 γινόμενοι,
986 610 1043 678 καὶ
1056 616 1187 698 ἔρσενες
1202 610 1259 677 καὶ
1271 606 1381 698 θῆλεαι

255 709 393 802 ὁμοίως,
411 714 467 781 καὶ
481 715 590 803 σιμοὶ,
611 714 668 781 καὶ
681 715 793 802 γένεια
813 718 943 801 ἔχοντες
955 711 1099 801 μεγάλα,
1118 709 1238 802 φωνῆν
1252 713 1287 780 dl
1301 717 1382 801 ἰδίην

256 913 436 979 gippaeerum
452 912 571 978 vestigia
587 912 738 963 arbitratur
754 926 800 961 oo-
849 910 920 961 dori.
939 910 1019 973 Quod
1031 910 1067 961 ad
1079 911 1167 976 ipsam
1176 909 1315 964 calvitiem
1325 912 1383 962 atti·
1467 903 1469 926 ¹

256 983 352 1048 gnossi
370 984 398 1032 in
424 983 508 1034 fluvio
523 983 705 1047 Arctipowla,
727 980 800 1046 quod
848 986 906 1043 net,
925 980 1019 1031 eadem
1038 981 1073 1031 de
1091 981 1263 1048 Arimphaeis
1281 981 1383 1031 uadunt

256 1052 396 1103 brachium
415 1067 475 1103 esse
490 1053 577 1103 fertur
590 1051 669 1102 fluvii
680 1050 800 1103 Tsobus-
847 1050 922 1101 Mela
933 1065 966 1100 ae
975 1050 1081 1101 Plinius
1089 1050 1107 1102 l.
1118 1050 1137 1103 l.
1147 1046 1177 1100 ἐν
1187 1048 1286 1116 γενεῆς
1298 1051 1383 1103 eodem

256 1122 698 1256 :3t:t⁸t.l3.{?l22ttl⁰ll..
711 1121 800 1255 itt?
849 1119 1383 1256 &tistitiidittdffttf

256 1261 470 1326 septentrionem
480 1275 574 1312 versus
585 1261 639 1312 sita
648 1266 701 1324 est,
712 1258 747 1310 ad
757 1275 800 1309 ra·
848 1256 940 1325 νειῆς.
976 1257 1090 1312 Calritii
1102 1276 1232 1325 cansam,
1251 1276 1330 1328 quam
1342 1262 1383 1309 Ze-

256 1330 331 1382 dices
348 1331 449 1380 montis
461 1329 528 1381 Ural
539 1331 709 1397 Argippqeos
721 1329 798 1379 habi·
847 1328 946 1379 uobius
959 1331 993 1391 V,
1005 1330 1040 1380 25
1049 1329 1086 1380 ad
1099 1344 1217 1395 aquam,
1233 1346 1288 1397 qus
1300 1330 1383 1380 fruan-

255 1404 332 1451 tasae
352 1400 452 1449 statuit
467 1398 579 1451 Kolster
597 1399 615 1457 1.
634 1400 653 1451 Ι.
675 1415 738 1466 pag.
755 1400 800 1449 44.
848 1404 894 1448 tur
905 1398 1011 1462 reiicit,
1023 1399 1125 1449 Ritter:
1142 1400 1293 1451 Erdkunde
1309 1401 1343 1450 11.
1358 1415 1382 1464 p.

255 1469 387 1534 Equidem
406 1469 512 1520 radices
529 1468 647 1521 altorum
665 1469 798 1520 montium
846 1467 899 1519 892
915 1484 973 1534 seq.
988 1473 1017 1519 et
1026 1467 1158 1526 Verballe
1170 1485 1236 1536 pag.
1252 1471 1303 1522 wi
1315 1484 1383 1520 exeo

255 1529 400 1604 (ὑπώρεαν
419 1529 525 1604 οὐρέων
544 1529 675 1604 ὑψηλῶν)
693 1540 728 1589 de
743 1537 799 1588 alio
848 1553 922 1588 more
934 1539 1044 1603 repetit,
1059 1554 1112 1604 quo
1122 1554 1172 1604 per
1185 1555 1293 1590 omnem
1305 1540 1384 1590 orien-
1469 1579 1470 1586 ,

255 1612 348 1659 monte
357 1612 441 1673 atque
454 1608 487 1659 de
499 1614 592 1659 monte
603 1609 671 1660 Ursi
682 1606 799 1671 intelligi
847 1613 904 1658 tem
929 1607 1087 1661 sacerdotes
1111 1609 1300 1676 antiquissimi
1322 1607 1385 1661 Bud·
1469 1611 1470 1614 ’

254 1692 308 1728 uon
319 1692 398 1742 posse
409 1678 491 1729 oredo
499 1683 660 1744 gentemque
670 1679 709 1729 ibi
721 1677 801 1727 habi·
847 1677 919 1728 dbae
940 1683 1023 1743 caput
1048 1678 1161 1730 tondere
1186 1679 1263 1730 soliti
1283 1678 1384 1730 fuerint.

254 1751 358 1799 tantem
371 1763 428 1799 non
443 1747 526 1798 aliam
543 1752 628 1814 atque
642 1747 799 1799 Oalmucco-
846 1748 917 1798 Nam
926 1748 1096 1813 Argippaeos
1106 1764 1157 1814 pro
1170 1747 1334 1800 sacerdotali
1344 1748 1385 1797 tri·

254 1832 313 1867 rum
326 1822 434 1883 gentem
446 1833 507 1869 esse
516 1823 592 1884 puto,
605 1819 652 1883 qui
662 1832 733 1869 nuno
741 1832 799 1867 ma·
847 1816 885 1867 bu
897 1816 933 1867 ab
948 1831 980 1868 eo
991 1816 1086 1868 heberi
1097 1817 1178 1869 modo
1192 1819 1321 1870 vidimus.
1337 1816 1384 1868 Sed
1469 1853 1470 1886 ρ

254 1886 297 1953 gis
315 1887 455 1938 meridiem
472 1903 569 1940 versus
591 1888 619 1937 iu
640 1886 799 1954 reglouibns
846 1885 982 2008 quomodo
997 1885 1067 1937 haec
1077 1903 1139 1938 cum
1149 1887 1287 1939 Herodoti
1303 1887 1384 1939 verbis

251 1956 343 2021 planis
353 1972 387 2007 sc
401 1956 517 2009 desertis
526 1973 610 2023 prope
620 1957 799 2009 Astracanam
866 1971 883 2005 ιι
896 1953 1020 2022 γενεῆς
1032 1948 1175 2021 γινόμενοι
1186 1955 1299 2024 (quibus
1310 1957 1385 2022 signi·

253 2026 347 2077 urbem
372 2042 501 2093 mareque
524 2027 655 2093 Caspium
685 2027 798 2093 degunt,
846 2027 978 2078 ficantur:
1001 2030 1045 2092 qru'
1061 2029 1121 2078 inde
1140 2045 1158 2078 a
1174 2031 1306 2079 ιιαιίαἰιαιι
1326 2028 1384 2076 celsi

253 2095 318 2146 olim
331 2112 397 2147 vero
409 2096 446 2147 ad
460 2103 578 2148 montem
589 2095 656 2147 Ural
667 2097 741 2147 circa
752 2111 797 2146 ur-
845 2105 905 2148 sunt
917 2111 940 2147 s.
950 2099 994 2162 qui
1004 2099 1071 2147 calvi
1078 2100 1132 2148 nati
1142 2101 1244 2150 omnino
1253 2095 1321 2162 ιιιιιι)
1330 2111 1385 2147 con·

253 2164 470 2231 bemOreuburg
489 2167 569 2217 iniis
588 2165 704 2217 desertis
722 2166 799 2215 habi·
847 2164 936 2216 ciliari
956 2170 1073 2230 queant,
1092 2167 1221 2232 equidem
1241 2182 1296 2217 non
1312 2181 1385 2231 expu·
1470 2153 1471 2198 Ῑ

254 2240 328 2286 tasse
343 2235 460 2299 putendi
477 2241 554 2299 snut,
573 2236 712 2300 inquibus
725 2249 798 2286 nunc
846 2242 912 2286 tem.
941 2234 983 2285 Ad
997 2236 1075 2286 sinae
1085 2236 1192 2288 incolas
1206 2236 1339 2288 retulerat
1349 2236 1385 2284 De

253 2304 524 2369 Kirgisorumtribua
538 2303 582 2355 rel
598 2305 680 2355 etiam
695 2304 798 2355 Basch-
848 2305 970 2371 Guigues
991 2304 1009 2356 l.
1030 2304 1048 2355 l.
1071 2320 1137 2371 pag.
1155 2306 1220 2358 553.
1250 2309 1307 2358 Nos
1330 2320 1384 2356 cum
1470 2317 1471 2320 ’

253 2372 306 2422 kiri
325 2372 371 2436 (de
389 2372 489 2438 quibus
506 2373 576 2423 adeo
594 2372 645 2424 hoc
663 2374 798 2424 Herodoti
847 2374 910 2425 aliis
921 2375 954 2425 de
967 2376 1103 2426 Calauccis
1113 2375 1239 2441 cogitare
1251 2375 1385 2437 malumus,

253 2440 314 2492 loco
336 2441 384 2506 agi
400 2447 499 2508 putant
515 2443 633 2493 Erman:
652 2443 735 2494 Reise
751 2459 797 2495 um
848 2446 896 2512 qui
907 2458 995 2510 aeque
1006 2447 1089 2509 atque
1100 2444 1172 2496 aliae
1183 2452 1282 2511 gentes
1300 2445 1385 2510 stirpis

253 2510 379 2562 dieWelt
393 2511 513 2577 1.p.428
526 2528 581 2580 seq.
596 2517 624 2565 et
630 2513 661 2565 F.
669 2510 797 2565 Mueller:
847 2514 1019 2581 Hougolicae
1033 2518 1062 2566 et
1074 2515 1208 2568 Turcicse
1220 2514 1385 2580 adbuceepi·

252 2582 309 2632 Der
318 2581 453 2648 Ugrische
466 2582 653 2635 Volksatamm
663 2584 686 2635 1.
695 2599 720 2648 p.
735 2584 797 2650 142)
847 2586 884 2637 tis
896 2586 1027 2637 vertIcem
1039 2589 1149 2636 tonsum
1165 2592 1277 2652 gestare
1290 2586 1384 2637 solent:

252 2651 331 2703 sedes
343 2652 516 2705 suashabere
528 2652 664 2705 dicuutur.
685 2653 726 2704 De
737 2653 799 2704 Cal·
846 2655 919 2706 uude
935 2652 1016 2705 facile
1033 2656 1105 2706 iuter
1116 2656 1241 2708 Graecos
1258 2672 1318 2707 eam
1334 2656 1385 2721 opi·
1471 2652 1472 2655 ’

253 2722 355 2772 muccis
366 2723 433 2774 solis
444 2722 490 2775 hic
500 2724 616 2789 eogitari
625 2738 715 2789 posse,
727 2722 797 2775 alios
844 2725 953 2776 niouem
965 2724 1030 2774 oriri
1042 2726 1163 2790 potuisse
1175 2731 1279 2791 putant
1291 2728 1387 2777 Ermau

252 2797 284 2842 ut
296 2799 415 2857 taceam,
431 2798 587 2844 statuerunt
599 2807 706 2860 quoque
715 2793 796 2844 Eich·
845 2793 864 2846 l.
881 2794 900 2847 1.
912 2810 940 2860 p.
951 2794 1004 2845 429
1017 2798 1045 2844 et
1060 2794 1201 2846 Eichuald
1220 2795 1241 2846 l.
1255 2795 1274 2848 l.
1291 2812 1319 2861 p.
1329 2795 1385 2853 tid,

253 2861 337 2912 wald:
353 2862 415 2913 Alte
421 2862 576 2929 Geograph.
586 2869 671 2929 etc.p.
680 2862 731 2913 259
738 2879 797 2928 seq.
846 2879 916 2929 quae
927 2862 989 2914 illos
1000 2864 1078 2915 nasci
1088 2864 1194 2916 ferebat
1202 2865 1310 2918 calvos.
1325 2865 1385 2916 Cum

252 2930 407 2981 etKlemm:
421 2931 673 2998 Culturgesclriehte
681 2932 759 2982 v111.
771 2949 798 2998 p.
845 2933 1385 3000 hiaconreuitquoquesententiablalte

253 3000 279 3048 8.
294 3001 372 3051 Unus
385 3006 481 3051 contra
496 3004 603 3053 monuit
613 3003 646 3052 A.
662 3002 695 3053 dc
711 3003 796 3053 Hum·
844 3003 936 3055 brunii
962 3003 1082 3070 (Annall.
1104 3004 1130 3055 d.
1149 3006 1259 3072 Voyag.
1283 3006 1306 3056 1.
1326 3020 1383 3071 pag.

253 3066 343 3117 boldtr
356 3069 421 3120 Asie
430 3070 579 3122 ceutrslel.
588 3087 615 3137 p.
623 3071 740 3136 eteius
750 3088 796 3123 ae·
843 3071 907 3140 372)
919 3072 1100 3137 observantis,
1113 3074 1262 3126 monachos
1269 3074 1384 3125 Calmuc-

252 3141 329 3200 tate,
343 3153 396 3202 qua
406 3140 515 3204 scripsit
524 3141 696 3203 Herodotus,
709 3158 796 3208 neque
842 3158 935 3194 eorum
946 3142 1089 3209 (ghelongs
1098 3145 1245 3212 vocantur)
1257 3147 1384 3212 integrum

253 3204 414 3257 Calmuccos
427 3223 514 3274 neque
528 3209 694 3261 Basehklros
706 3211 735 3261 iu
752 3212 795 3264 his
844 3212 898 3263 sibi
914 3217 1000 3278 caput
1017 3215 1113 3265 radere
1126 3214 1257 3281 ipsosque
1268 3215 1382 3265 infantes

253 3275 408 3340 regionibus
421 3278 497 3327 circa
510 3283 629 3329 montem
638 3279 707 3331 Ural
717 3280 795 3332 habi-
843 3283 1000 3335 sacerdotio
1014 3282 1168 3335 destinatos
1181 3285 1253 3348 radi,
1266 3284 1383 3336 simulat

251 3349 342 3406 tasse,
358 3343 395 3395 ad
407 3360 476 3410 quas
490 3345 579 3397 medio
596 3352 703 3399 tautum
715 3366 793 3415 aevo,
843 3368 895 3419 que
908 3356 1085 3418 provenerint
1096 3353 1199 3419 capilli.

251 3412 434 3479 compluribus
446 3420 508 3480 post
519 3416 688 3469 Herodotum
699 3435 794 3472 saecu·
878 3417 927 3471 καὶ
945 3417 1037 3488 σιμαὶ,
1057 3419 1106 3473 καὶ
1116 3417 1210 3487 γένεια
1220 3416 1382 3489 {gonew

251 3483 603 3546 lis‚exiuterioribusdsiae
611 3489 744 3540 tractibus
752 3491 794 3542 Si·
845 3481 927 3556 γάλα]
946 3492 965 3543 i.
980 3506 1004 3543 e.
1021 3497 1083 3545 αἰιια
1099 3503 1158 3545 secat
1180 3512 1244 3547 anso
1259 3504 1382 3559 mentoque

251 3552 794 3621 useadiscentibusproieotifuerint.De
843 3561 950 3627 oblonpo
972 3562 1032 3613 sire
1054 3567 1203 3628 praelongo.
1228 3566 1300 3616 Nos:
1323 3564 1383 3624 „Sic

250 3637 303 3687 quo
314 3622 438 3704 equidem
449 3624 521 3675 hand
534 3624 794 3679 decernam-Vo-
841 3632 923 3682 laten
947 3632 1125 3697 διακρίνωσιν
1153 3636 1207 3683 aad
1236 3638 1277 3685 ein
1300 3638 1383 3697 tames

250 3707 308 3742 cem
323 3708 455 3759 νκωρεαν
466 3693 538 3747 haud
551 3698 664 3758 mouri,
674 3696 739 3747 licet
753 3698 792 3758 11,
844 3700 945 3762 Ktnu,“
956 3701 1024 3763 sire,
1038 3707 1069 3752 ut
1078 3703 1209 3754 Heereuii
1220 3708 1284 3754 utar
1297 3701 1382 3753 vorbis

251 3761 690 3842 158(ub3vid.n0tt.)etvr1‚199
704 3766 792 3818 altera
841 3767 860 3820 1.
877 3770 911 3827 l..
931 3771 996 3830 „Sis
1013 3772 1094 3822 habea
1109 3774 1288 3837 einqedrrickte
1301 3774 1381 3823 Nesea

250 3831 338 3882 forma
351 3830 483 3900 νπωρὲῆν
500 3835 535 3885 ab
554 3836 678 3887 omnibus
696 3836 793 3888 affere·
842 3841 895 3889 und
912 3856 1005 3904 prosse
1024 3841 1223 3893 Kinnbaclren.“
1257 3840 1381 3905 Quaado

249 3904 295 3951 tur
315 3900 411 3964 libris;
438 3919 526 3970 neque
550 3905 678 3956 Diudorl.
704 3923 792 3973 neque
842 3906 995 3960 Oalmuceia
1012 3911 1153 3975 aptissime
1167 3910 1222 3962 dici
1240 3925 1381 3963 uemeuon

248 3969 372 4023 Dietscb.
388 3972 529 4038 vulgatam
545 3979 733 4035 mutaveram
754 3977 791 4027 ci.
841 3978 926 4029 ridet.
950 3979 1042 4042 Quare
1052 3978 1126 4031 hand
1135 3981 1265 4033 accedere
1273 3994 1380 4048 possum

249 4037 366 4091 Bredov.
384 4058 412 4106 p.
433 4045 483 4095 156
501 4049 529 4094 et
553 4048 622 4096 nott.
641 4046 743 4096 Herod.
766 4047 790 4112 I,
841 4045 876 4095 sd
891 4046 1141 4113 Schweighaeuseri
1152 4050 1315 4133 opinionem,
1326 4049 1378 4115 qui.

251 4106 310 4158 110.
841 4121 985 4183 postquam
1001 4119 1077 4184 prius
1092 4112 1126 4169 soi
1144 4134 1236 4184 γενεια
1254 4121 1288 4172 de
1302 4128 1378 4171 nesto

283 4173 424 4240 φαλακροὶ
451 4167 483 4227 ἓν
509 4176 607 4245 γενεῆς
634 4177 790 4249 γινόμεναι]
841 4185 1038 4251 interpretatus
1065 4194 1120 4253 est,
1143 4195 1241 4255 postea
1265 4194 1294 4241 in
1316 4190 1378 4239 Len·

247 4244 290 4295 De
303 4260 370 4295 voce
388 4244 537 4311 paiuupol,
557 4264 611 4314 qua
623 4255 691 4302 ααὶιιι·
705 4253 788 4317 signi·
840 4255 941 4308 Herod.
963 4272 986 4308 s.
999 4274 1026 4310 v.
1044 4258 1191 4311 videndum
1205 4275 1264 4312 esse
1276 4258 1377 4319 scribit,

248 4313 638 4381 licarisoleuthomiues‚vid.
655 4319 788 4374 Thesaur.
839 4339 873 4375 ne
893 4327 988 4377 bardus
1001 4332 1123 4393 prolixas
1147 4329 1192 4381 hie
1217 4330 1315 4380 dixerit
1334 4343 1377 4378 au·

212 4430 215 4437 ,
247 4384 325 4449 Ling.
343 4382 439 4435 Graec.
456 4385 534 4437 VIII.
554 4403 581 4453 p.
595 4390 646 4440 605
661 4389 703 4440 ed.
719 4392 787 4443 Diu·
837 4398 906 4459 etur,
921 4400 1070 4463 quomegis
1083 4400 1152 4449 mira
1162 4399 1232 4450 foret
1244 4414 1295 4462 res,
1308 4394 1376 4464 quod
