3042 5125
234 1218 295 1277 145

298 395 360 456 550

737 394 1004 456 HERODOTI

299 593 475 664 κτίσαντας
496 582 557 672 τὴν
570 582 682 674 χώρην
695 593 904 670 Βυζαντίων,
928 584 1120 672 πυθόμενος
1134 583 1170 652 δὲ
1184 590 1246 671 ἔφη
1259 587 1404 669 Καλχηδο-

300 698 395 768 νίονς
415 694 534 757 τοῦτον
555 687 614 756 τὸν
637 688 759 776 χρόνον
785 688 965 776 τυγχάνειν
984 688 1099 768 ἐόντας
1116 685 1274 773 τυφλούς·
1306 681 1404 772 οὐγὰρ

301 789 345 861 ἂν
366 798 426 861 τοῦ
446 799 620 872 καλλίονος
640 792 822 881 παρεόντος
841 799 963 888 urrisu:
983 790 1096 880 χώραν
1118 788 1177 859 τὸν
1197 796 1339 876 αἰσχίονα
1352 790 1403 857 ill-

300 907 402 980 σθαι,
419 902 449 963 εί
461 892 505 983 μὴ
520 886 604 981 ἦσαν
618 903 748 982 τυφλοί.
774 887 871 976 οὗτος
885 893 926 983 δὴ
942 886 990 963 ὦν
1003 894 1077 963 τότε
1091 891 1108 962 ὁ
1123 893 1316 982 Μεγάβυζος
1328 914 1405 979 σιρι-

301 997 400 1086 τηγὸς
413 1000 566 1085 λειφθεὶς
587 1002 624 1068 ἐν
643 1004 685 1089 τῇ
698 997 789 1088 χαίρῃ
802 995 1068 1087 Ἑλλησποντίων
1087 996 1165 1077 τούς
1184 995 1229 1085 μὴ
1242 1001 1407 1084 μηδιζοντις

301 1105 551 1189 κατεστρέφετο.
581 1091 678 1182 οὗτος
695 1105 758 1191 μέν
774 1131 838 1171 νυν
852 1107 956 1171 ταῦτα
969 1110 1121 1190 ἔπρησσε.
1453 1097 1454 1104 ¹

409 1202 476 1274 Τὸν
496 1200 600 1272 αὐτὸν
621 1206 657 1274 δὲ
676 1210 796 1275 τοῦτον
816 1205 936 1294 χρόνον
963 1209 1090 1293 ἐγίνετο
1114 1206 1169 1274 ἐπὶ
1187 1201 1316 1290 Λιβύην
1333 1198 1407 1281 ἄλλος

304 1313 457 1397 στρατιῆς
468 1310 570 1397 μέγας
583 1306 698 1388 στόλος
710 1307 765 1378 διὰ
776 1308 957 1399 πρόφασιν,
973 1307 1034 1397 τὴν
1044 1307 1108 1397 ἐγω
1117 1305 1334 1395 ἀπηγήσομαι,
1347 1331 1405 1389 προ-

302 1410 544 1500 διηγησάμενος
564 1411 728 1500 πρότερον
746 1412 835 1482 τάδε.
882 1418 958 1481 Τῶν
977 1416 1013 1482 ἐκ
1028 1417 1085 1500 τῆς
1102 1409 1241 1498 Ἀργοῦς
1254 1411 1407 1497 ἐπιβατέων

301 1609 411 1661 meridie
423 1608 532 1662 advecti
545 1612 620 1676 prius
632 1613 789 1664 inciderint.
807 1612 844 1662 At

300 1681 334 1731 de
342 1681 531 1744 situByzautii
540 1682 723 1733 commodisve
732 1682 786 1733 loci
796 1682 843 1731 hu-

300 1752 344 1801 ius
354 1765 423 1815 quae
436 1750 520 1801 refert
528 1750 625 1816 Polyb.
637 1752 684 1811 IV,
699 1754 746 1808 tl.
764 1767 845 1818 quae-

299 1836 351 1886 que
370 1819 426 1868 alia
445 1819 540 1870 attulit
556 1821 634 1884 plura
657 1821 726 1871 hanc
743 1823 770 1871 in
788 1837 843 1871 rem

299 1889 431 1940 Alexand.
441 1889 512 1938 Falli
523 1889 564 1939 in:
582 1890 730 1940 Dissertat.
743 1892 778 1941 de
791 1892 845 1941 ori-

298 1960 361 2025 giue
373 1958 502 2023 Byzantii
514 1959 676 2023 (Vratislav.
688 1959 766 2022 1820)
778 1976 842 2026 pag.

301 2029 348 2090 10,
367 2028 415 2092 qui
432 2030 596 2093 respexerit,
619 2028 783 2079 confiteatur
799 2046 844 2080 ne·

299 2113 375 2147 cesse
386 2102 441 2160 est,
454 2098 514 2147 loco
525 2098 609 2148 multo
622 2098 730 2162 aptiore
743 2099 843 2149 multo-

299 2181 351 2231 qne
370 2166 449 2231 plura
466 2168 614 2232 praebente
630 2168 772 2218 commoda
790 2169 845 2231 By-

298 2237 419 2285 aantium
444 2235 530 2288 fuisse
550 2237 706 2298 conditum,
738 2237 772 2288 de
798 2253 844 2288 cu-

297 2305 340 2354 ius
351 2306 555 2370 opportunitate
566 2321 657 2356 omnes
668 2306 846 2358 consentiunt

298 2374 461 2438 scriptores,
483 2375 542 2424 sive
555 2373 610 2425 loci
624 2380 765 2439 naturam,
783 2378 842 2427 sive

298 2443 368 2493 coeli
385 2446 555 2509 temperiem,
573 2446 632 2493 sive
645 2446 766 2509 regionis
781 2461 844 2496 sua-

297 2514 412 2564 vitatem
429 2528 462 2564 ac
480 2514 652 2566 fertilitatem
669 2516 843 2582 omniumque

297 2598 386 2634 rerum
399 2583 595 2634 abundantiam
606 2591 723 2650 spectes.
744 2585 843 2636 Condi-

298 2658 355 2703 tam
368 2653 461 2704 urbem
480 2660 551 2704 teste
565 2654 684 2704 Errsebio
699 2654 781 2719 vulgo
801 2671 843 2706 re-

299 2724 390 2773 ferunt
402 2725 438 2774 ad
452 2723 561 2789 Olymp.
575 2725 664 2786 XXX,
682 2724 698 2774 3
714 2725 774 2775 sive
791 2723 843 2776 658

298 2800 362 2843 ante
375 2792 437 2845 Chr.
451 2810 491 2845 n:
507 2810 558 2843 nee
570 2793 715 2844 admodum
727 2794 790 2843 inde
802 2809 843 2844 re-

297 2863 399 2913 cedunt
410 2864 524 2913 aliorum
541 2865 703 2928 scriptorum
721 2863 843 2913 testimo-

297 2934 359 2994 nia,
374 2933 407 2983 ds
424 2934 522 2998 quibus
539 2933 595 2982 rid.
608 2932 682 2984 Alex.
699 2932 780 2983 Falli.
792 2931 810 2983 l.
822 2933 841 2984 Ι.

297 3016 324 3066 p.
337 3002 368 3050 21
385 3016 460 3067 seq,
476 3004 521 3067 qui
537 3003 596 3067 ipse
612 3002 686 3051 urbis
705 3003 843 3068 principia

297 3071 332 3120 ad
346 3069 462 3121 medium
479 3071 535 3120 iere
547 3069 684 3121 saeculum
698 3073 842 3135 septimum

297 3154 323 3187 a.
335 3138 397 3189 chr.
408 3155 435 3189 n.
449 3140 598 3203 releganda
611 3156 671 3189 esse
684 3141 798 3203 iudicat,
816 3148 844 3191 et

297 3208 465 3271 potissimum
473 3209 599 3259 Fischer:
610 3209 718 3260 Griecb.
727 3211 842 3261 Zeittaf.

297 3291 358 3341 pag.
371 3276 414 3327 01.
429 3278 496 3327 lnde
506 3277 660 3328 Chalcedon
672 3280 786 3329 condita
796 3297 843 3345 po-

296 3345 370 3395 nitur
388 3345 495 3411 Olymp.
510 3347 613 3408 XXVI,
633 3347 649 3396 3
669 3349 727 3398 sire
745 3350 796 3399 074
814 3365 840 3400 a.

296 3414 359 3466 Chr.
379 3431 404 3464 n.
437 3417 498 3466 Vid.
513 3415 625 3466 Fischer
645 3415 662 3466 1.
684 3416 701 3467 Ι.
718 3433 779 3483 pag.
796 3418 839 3470 86.

296 3512 330 3520 -
349 3485 486 3535 Dissentit
507 3492 597 3535 auteur
622 3487 650 3535 in
674 3491 840 3552 septendecim

295 3570 426 3605 annorum
439 3571 564 3617 numero,
586 3556 632 3621 qui
652 3556 686 3605 ab
699 3558 839 3608 Herodoto

223 3654 226 3659 <
295 3624 433 3688 proditur,
463 3625 584 3690 Hesych.
613 3625 737 3676 Milesius
762 3628 839 3678 Rerr.

295 3693 503 3760 Constantinop.
523 3711 585 3761 pag.
600 3695 648 3757 48,
671 3711 774 3760 ponens
791 3712 840 3746 an-

294 3779 343 3813 nos
351 3765 425 3827 xlx,
435 3772 465 3814 nt
474 3766 638 3829 Wesseling.
648 3764 773 3819 adnotat.
785 3767 827 3816 He
836 3796 840 3803 -

293 3833 385 3882 rodoti
399 3836 592 3885 auctoritatem
607 3839 700 3885 tuetur
713 3835 838 3886 Bustath.

294 3901 321 3952 h.
331 3901 349 3951 l.
362 3931 394 3939 —
405 3903 448 3953 sd
457 3898 589 3967 λειφθείς
599 3904 672 3955 conf.
685 3906 732 3966 IV,
742 3905 777 3956 84
786 3905 839 3955 ibi-

295 3986 347 4035 que
358 3970 449 4024 laudd.

361 4132 367 4143 “
471 4141 536 4192 Car.
553 4142 659 4195 CXLV.

330 4233 390 4288 Τὸν
411 4230 497 4289 αὐτὸν
515 4234 545 4290 di
569 4241 670 4292 τοῦτον
690 4237 793 4308 χρόνον
813 4261 837 4294 ιι.

258 4330 262 4339 ·
293 4322 314 4355 τ.
330 4307 366 4374 l.]
386 4310 488 4359 Incidit
505 4311 590 4375 igitur
608 4311 676 4363 haee
694 4314 838 4365 Persarum

293 4377 430 4443 expeditio
451 4380 479 4429 in
492 4380 608 4445 Libyam
624 4382 754 4432 adversus
770 4386 838 4434 Bar-

292 4462 341 4498 cen
360 4452 491 4513 suscepta
508 4449 537 4499 in
558 4450 629 4502 idem
649 4451 706 4502 fere
720 4458 837 4518 tempus3

895 1627 948 1679 quo
961 1612 1139 1677 Megabyaus,
1153 1612 1183 1659 in
1196 1609 1313 1659 Thracia
1323 1607 1408 1659 relictos

893 1687 956 1746 post
974 1681 1111 1733 infelicem
1123 1680 1204 1730 Darii
1221 1680 1249 1729 in
1262 1679 1366 1743 Scythas
1378 1693 1408 1727 er·

894 1752 1067 1816 peditionem‚
1082 1750 1221 1799 Thraciae
1229 1754 1320 1815 gentes
1329 1748 1407 1812 subige

895 1821 952 1870 bat.
980 1822 1057 1883 Quas
1073 1820 1152 1869 Darii
1168 1819 1305 1884 expeditio
1322 1817 1406 1868 eumad

895 1906 996 1940 annum
1009 1890 1059 1942 515
1072 1893 1137 1939 ante
1147 1889 1213 1939 Chr.
1224 1905 1251 1942 n.
1264 1887 1407 1953 probabiliter

893 1962 931 2009 sit
942 1959 1100 2021 referenda,
1117 1963 1148 2009 ut
1162 1959 1192 2008 in
1206 1961 1326 2009 Exeursn
1335 1956 1365 2007 ad
1375 1956 1407 2016 ll,

895 2030 907 2079 l
920 2029 1072 2091 docuimus,
1083 2028 1150 2079 haec
1162 2029 1226 2093 ipsa
1238 2029 1267 2078 in
1277 2029 1369 2078 Barcen
1377 2042 1407 2076 rr·

892 2099 998 2163 poditio
1017 2101 1146 2149 continno
1169 2101 1234 2162 post
1253 2098 1367 2148 instituta
1381 2096 1407 2143 ri·

893 2167 953 2217 deri
980 2167 1070 2221 debet.
1107 2168 1187 2219 Corsi.
1209 2168 1291 2217 etiam
1312 2171 1371 2217 nott.
1384 2163 1407 2214 si

933 2293 1198 2370 προδιηγησάμενος
1217 2292 1356 2368 πρότερον]
1374 2300 1408 2349 Er

893 2374 953 2425 dem
966 2377 1099 2426 sermonis
1113 2373 1291 2436 abundantia,
1303 2386 1372 2439 quam
1380 2384 1409 2418 so-

892 2459 942 2507 pra
953 2445 988 2495 ad
999 2444 1051 2506 ΙΙΙ,
1063 2445 1096 2496 10
1108 2443 1287 2495 advertimus.
1309 2441 1409 2506 Sequitur

892 2512 944 2564 hoc
968 2513 1028 2565 loco
1042 2513 1152 2579 'longior
1174 2514 1209 2565 de
1227 2510 1409 2579 Cyrenorum

893 2583 1061 2649 disputatio,
1082 2586 1110 2633 in
1129 2599 1212 2648 quam
1229 2578 1408 2634 Herodotosde

894 2652 983 2703 altera
1003 2654 1146 2703 Persarum
1166 2653 1335 2718 expeditione
1349 2650 1408 2714 (quas

892 2722 1049 2787 Scythicum
1062 2721 1162 2772 bellum
1175 2723 1306 2772 continno
1318 2718 1408 2783 excipis·

892 2791 940 2841 bat
952 2790 1084 2857 ternpore)
1095 2793 1123 2841 in
1134 2792 1252 2856 Libyam
1261 2795 1408 2854 susceptare

891 2861 997 2912 laturus
1015 2860 1083 2926 (vid.
1101 2859 1234 2923 1v‚167)
1255 2866 1346 2925 sponte
1362 2856 1408 2906 inci·

891 2931 978 2982 derat.
1003 2928 1408 2994 QnalesdigressionesabHero

891 2999 951 3050 doti
969 3016 1042 3050 more
1060 3014 1113 3050 non
1127 2999 1273 3067 abhorrere
1291 2996 1408 3063 aliquoties

891 3070 1052 3121 monuimus.
1077 3070 1114 3118 Et
1127 3069 1163 3119 ci.
1179 3070 1209 3118 in
1222 3070 1366 3118 universum
1375 3079 1409 3113 no-

894 3139 1003 3189 tataad
1016 3140 1038 3198 1,
1054 3136 1097 3189 23.

935 3206 999 3257 Τῶν
1020 3200 1050 3257 ἐκ
1071 3205 1123 3272 τῆς
1150 3197 1263 3271 Ἀργοῦς
1283 3195 1409 3270 ἐπιβατέων

893 3276 1005 3327 παίδων
1019 3274 1130 3341 παῖδες]
1155 3278 1173 3327 i.
1193 3294 1216 3327 e.
1236 3286 1334 3341 nepotes
1347 3274 1410 3335 Arpo

892 3358 1025 3398 naulorum
1048 3364 1070 3398 s.
1093 3364 1191 3406 corma,
1220 3350 1263 3412 qai
1284 3347 1338 3396 noui
1357 3343 1409 3405 Ατρο

892 3421 956 3468 uerti
974 3426 1055 3467 oront
1084 3414 1197 3465 παίδων
1215 3412 1314 3470 παῖδες
1332 3412 1409 3487 Noster

892 3487 961 3535 dixit
977 3486 1072 3537 eodem
1085 3486 1178 3548 modo,
1202 3501 1256 3550 quo
1269 3484 1366 3533 Homer.
1378 3477 1408 3527 lh·

891 3556 951 3618 XX,
963 3553 1022 3607 308.
1035 3555 1111 3606 Pind.
1127 3556 1203 3604 Nem.
1216 3554 1278 3614 VII,
1291 3551 1335 3602 100
1344 3546 1408 3611 (lli).

891 3626 924 3675 In
942 3625 1032 3676 verbis
1056 3615 1085 3673 ἔα
1103 3621 1154 3688 τῆς
1176 3614 1287 3688 Ἀργοὺς
1305 3637 1335 3671 ea
1352 3616 1409 3669 raltl

892 3694 1104 3758 praepositionis
1118 3694 1206 3755 ratio,
1230 3708 1307 3758 quam
1322 3691 1346 3739 in
1355 3690 1407 3737 nott

890 3764 926 3813 ad
936 3763 1074 3815 Plutarch.
1082 3762 1178 3827 Pyrrh.
1193 3779 1254 3828 cap.
1263 3762 1302 3812 ll.
1310 3774 1363 3826 pag.
1372 3752 1407 3807 109

891 3834 1041 3898 attigimus.
1076 3833 1144 3883 Add.
1171 3834 1300 3898 Krueger.
1325 3828 1354 3877 ad
1369 3825 1408 3874 Xe·

889 3903 971 3966 noph.
989 3901 1075 3952 Anab.
1090 3904 1118 3964 1,
1134 3904 1165 3962 2,
1186 3903 1211 3952 3.
1239 3901 1312 3952 Intra
1328 3899 1406 3948 Noster

889 3971 951 4034 vll,
959 3972 1006 4024 93:
1017 3969 1138 4033 Δωριέες
1149 3963 1179 4020 di
1190 3964 1220 4020 οί
1231 3963 1264 4020 ἐκ
1273 3967 1320 4033 τῆς
1328 3957 1405 4027 Ἀσίης·

830 4086 833 4091 ,
889 4041 968 4105 Apud
987 4042 1093 4092 Schwei
1112 4041 1236 4091 haenser.
1257 4040 1284 4089 in
1297 4032 1406 4087 120ch-

887 4109 946 4160 rod.
966 4126 989 4161 a.
1004 4128 1032 4160 v.
1047 4057 1182 4175 ἐπιβάτης
1200 4127 1225 4175 p.
1239 4108 1288 4160 250
1304 4103 1403 4155 invenio:

872 4234 876 4243 Ι
890 4172 940 4242 „oi
951 4177 1001 4245 τῆς
1012 4169 1124 4245 Ἀργοῦς
1136 4171 1280 4247 ἐπιβάται,
1292 4176 1404 4251 Arpocras·

888 4251 967 4306 rae‚·“
986 4250 1075 4300 rninus
1088 4245 1402 4303 accurate-,Valckenano

888 4317 917 4367 in
930 4324 1046 4369 mentem
1058 4324 1171 4369 venerat
1188 4309 1217 4368 ἐκ
1231 4315 1291 4366 τῶν
1303 4312 1347 4376 τῆς
1361 4304 1401 4369 'At
1455 4310 1456 4319 ¹

888 4384 957 4449 γοῦς
966 4380 1135 4454 ἐπιβατέων,
1149 4404 1203 4454 quo
1211 4389 1256 4440 vix
1266 4398 1334 4449 opus.
1348 4379 1401 4430 Sunt

888 4460 987 4520 autem,
1000 4464 1126 4510 monente
1139 4458 1170 4511 C.
1185 4458 1217 4511 Ο.
1226 4452 1345 4508 diuellere
1355 4446 1399 4511 (Or
1455 4464 1456 4501 ξ
