3042 5125
1250 397 1306 462 181

559 390 764 454 THALIA.
788 393 846 453 ΙΠ.
866 401 910 456 92.

170 576 208 647 dl
235 580 292 646 καὶ
319 586 508 665 Παυσίκαι,
541 587 760 670 Παντίμαθοί
782 610 817 652 τε
844 584 901 651 καί
927 594 1107 673 Δαρεῖται,
1134 591 1174 667 ’ἐς
1201 585 1309 658 τωύτὸ

168 684 423 770 συμφέροντες,
463 681 615 771 διηκόσια
648 684 795 754 τάλαντα
826 680 1031 774 ἀπαγίνεον·
1075 688 1177 778 νομός
1216 694 1307 763 ἑνδέ-

168 812 270 865 κατος
293 776 399 866 οὗτος.
447 782 512 855 dard
538 793 756 877 Βακτριανῶν
793 789 830 859 δὲ
858 792 953 878 μέχρι
988 797 1124 880 Αίγλῶν
1153 792 1309 885 ἑξήκοντα

168 891 226 958 καὶ
251 888 423 978 τριηκόσια
447 889 593 959 τάλαντα
613 891 715 979 φόρος
741 883 800 982 ἦν·
838 891 939 981 νομός
967 898 1176 977 δυωδέκατος
1202 889 1307 979 οὗτος.

166 1065 215 1107 tem
227 1056 378 1121 signifieat.
394 1058 490 1122 Neque
499 1056 659 1124 Caspiorum
670 1075 715 1110 ne·
761 1064 798 1110 'eo
810 1059 940 1123 inclinat,
955 1066 985 1110 ut
996 1077 1089 1113 verum
1106 1065 1196 1129 gentis
1210 1081 1308 1116 nomen

169 1141 224 1190 que
248 1124 414 1191 reliquarum
438 1128 558 1191 gentium
585 1144 607 1181 s.
628 1136 735 1180 terra.
766 1130 850 1180 fuisse
865 1130 1004 1183 existimet
1016 1133 1231 1198 Parthi-Medae,
1247 1151 1307 1186 eum

167 1210 244 1258 rum,
268 1211 339 1261 quae
363 1197 535 1248 undecimam
562 1199 713 1264 satrapiam
764 1199 861 1250 Parthi
873 1199 962 1250 Medis
976 1202 1093 1253 admixti
1106 1203 1215 1256 fuerint.
1228 1205 1307 1256 —In

167 1266 348 1316 constituisse
363 1265 390 1316 b.
404 1265 422 1317 1.
444 1267 588 1331 dicuntur,
607 1268 663 1318 alia
681 1268 713 1319 iit
764 1270 885 1334 proxime
899 1284 975 1336 seqq.
992 1272 1026 1322 ad
1041 1268 1232 1338 συμφέροντες
1244 1290 1307 1341 sup-

167 1335 272 1386 mentio
286 1336 315 1385 in
325 1335 566 1402 inscriptionibus:
582 1353 668 1403 quare
677 1338 712 1389 ad
763 1330 982 1404 ρ1οτὸυφόρον.

167 1406 293 1457 Sarum
315 1412 415 1456 terram
433 1423 455 1458 s.
478 1408 513 1458 ad
532 1408 710 1469 ebernensem,
797 1398 855 1458 ἀπὸ
881 1408 1061 1475 Βακτριανῶν
1085 1403 1116 1460 δὲ
1138 1404 1217 1476 μέχρι
1244 1406 1307 1477 Αίγ-

167 1490 240 1540 quas
253 1479 369 1540 utraque
382 1474 465 1526 inhis
478 1483 711 1543 commemoratur,
763 1476 829 1545 loir]
850 1479 936 1529 Nemo
956 1485 1045 1530 nescit
1067 1486 1188 1532 veterum
1208 1483 1308 1533 Baetra
1369 1524 1372 1529 .

166 1544 219 1594 iras
235 1550 331 1610 gentes
349 1546 514 1611 pertinuisse
538 1547 601 1597 olim
625 1549 713 1613 suspi-
762 1550 944 1601 recentiorum
956 1566 1017 1601 esse
1028 1551 1127 1612 Ballrb3
1142 1566 1307 1617 quamquam

167 1619 250 1665 catus
262 1630 338 1665 sum:
353 1616 410 1666 vid.
424 1615 522 1670 Jahrb.
543 1616 562 1666 1.
577 1615 710 1683 Philolog.
763 1619 921 1684 provinciae
933 1620 1052 1671 ambitus
1066 1636 1129 1670 num
1151 1622 1225 1670 omni
1240 1626 1307 1672 tem-

167 1700 194 1735 u.
209 1684 330 1750 Paedag.
342 1686 375 1736 L.
390 1701 453 1752 pag.
466 1686 526 1738 399.

763 1704 829 1754 pore
853 1688 924 1739 idem
947 1687 1044 1749 inerit,
1078 1690 1188 1741 minime
1211 1691 1307 1756 liquet,

203 1750 358 1815 Παυσίκαι]
372 1755 418 1805 Ita
430 1753 492 1805 libri
505 1756 602 1821 scripti
620 1771 712 1807 omnes

764 1757 924 1823 praesertim
938 1774 1012 1822 cum,
1031 1763 1145 1810 notante
1157 1760 1271 1810 Rennel.
1288 1760 1307 1811 l.

168 1829 279 1890 praeter
290 1824 429 1876 Saneroiti
446 1825 586 1888 codicem,
607 1827 652 1891 qui
669 1841 713 1877 ex·

167 1894 246 1944 bibet
262 1890 373 1943 Huvool
385 1889 447 1957 nul,
469 1895 540 1961 quod
552 1903 713 1962 receperunt

167 1963 297 2015 Dindori.
325 1970 353 2015 et
378 1964 492 2015 Dietseb
515 1964 575 2031 (qui
601 1967 713 2031 scripsit

168 2030 309 2099 Παῦσαι),
323 2049 384 2084 eum
398 2035 426 2083 in
438 2036 537 2087 ceteris
549 2050 655 2101 quoque
667 2051 713 2101 po·

167 2103 294 2169 palorum
308 2104 462 2156 nominibus
480 2106 581 2156 iunctis
594 2106 714 2171 particu-

166 2173 222 2224 lam
239 2169 289 2222 καὶ
305 2174 427 2224 additam
442 2175 623 2227 inveniamus.
645 2178 712 2227 Pae·

165 2248 237 2295 riecoe
251 2244 324 2308 apud
339 2245 471 2309 Pompon.
485 2245 584 2296 Melam
603 2245 622 2296 l.
636 2245 654 2297 l.
674 2244 714 2294 di-

166 2318 269 2365 cuntur
295 2315 415 2379 itemque
440 2314 513 2380 apud
539 2314 611 2365 Plin.
638 2315 712 2365 Hist.

165 2386 230 2435 Nat.
244 2384 301 2446 Vl,
317 2384 431 2450 11107),
444 2384 522 2436 unde'
532 2384 561 2434 in
572 2385 713 2435 Herodoto

166 2451 307 2502 Παισίιιαι
323 2451 379 2519 legi
400 2452 459 2504 vult
476 2454 500 2504 1.
520 2455 616 2517 Voss,
641 2454 713 2521 quod

167 2524 258 2589 ipsum
268 2524 398 2575 continuo
410 2524 514 2591 recepit
526 2523 604 2577 Reiz.
614 2562 619 2588 ‚
633 2539 713 2591 quem

165 2593 443 2660 sequiturMattbiae.
451 2594 527 2646 Inter
532 2595 620 2646 Oxum
631 2600 658 2645 et
670 2596 713 2645 la·

165 2667 275 2714 xartem
288 2663 367 2715 sedes
379 2664 470 2730 gentis
484 2664 570 2716 fuisse
581 2666 679 2715 statuit
689 2664 711 2714 l.

165 2734 248 2784 Voss.
275 2735 333 2785 Nee
349 2733 458 2784 dubitat
477 2733 591 2786 Rennel.
610 2734 628 2786 1.
647 2735 665 2786 l.
686 2751 712 2800 p.

167 2803 236 2866 503,
254 2804 321 2868 quin
333 2803 468 2856 Herodoti
485 2807 613 2856 Pmssieae
631 2803 712 2854 iidem

168 2874 277 2925 sintae
296 2871 441 2925 Strabonis
459 2874 575 2925 Pasieae
597 2872 632 2938 (s.
653 2872 712 2923 Πα-

167 2938 280 3004 σιανοὶ,
297 2948 331 2993 ut
343 2959 416 2994 nune
434 2944 522 2995 editur
542 2945 570 2993 in
584 2942 712 2995 Strabon.

166 3012 218 3064 xl.
235 3028 301 3078 pag.
321 3012 382 3076 511)
404 3018 432 3064 et
448 3014 602 3064 Ptolemaei
625 3015 712 3078 Aspa-

167 3083 277 3145 siacae‚
297 3082 344 3147 qui
353 3081 520 3135 Chorasmiis
532 3083 616 3134 vicini
626 3083 714 3134 orien-

169 3159 225 3204 tem
240 3167 337 3202 versus
359 3168 376 3202 a
399 3154 467 3203 mari
484 3153 586 3218 Caspio
605 3152 715 3203 babita-

166 3224 240 3283 rint,
260 3222 290 3271 in
311 3236 364 3288 quo
387 3220 544 3289 obloquitur
554 3222 680 3273 Wbeeler
693 3221 713 3272 l.

167 3293 187 3343 l.
205 3307 269 3358 pag.
288 3291 354 3355 290,
373 3292 420 3357 qui
433 3308 487 3343 non
504 3298 562 3343 tam
577 3291 657 3357 louge
673 3307 714 3342 se·

167 3362 352 3428 ptentriouem
364 3377 461 3413 versus
473 3362 552 3413 sedes
560 3362 640 3413 buius
650 3377 715 3427 gen·

168 3434 207 3484 tis
221 3431 340 3497 proferri
354 3447 435 3495 posse
455 3437 543 3499 putat.
564 3433 600 3484 H.
616 3431 714 3496 Apetu.

166 3503 212 3566 (iu
228 3500 335 3551 noted
349 3502 448 3553 Mattb.
462 3502 550 3565 edit),
564 3502 611 3566 qui
625 3504 715 3553 Paesi-

763 1827 781 1879 i.
796 1843 859 1892 pag.
878 1827 944 1889 514,
961 1829 1091 1879 Bactriae
1111 1844 1208 1879 nomeu
1222 1829 1307 1880 latius

764 1896 883 1962 patuerit
903 1901 931 1946 et
947 1899 1055 1949 omnino
1076 1898 1200 1963 regiones
1221 1901 1308 1950 orien-

764 1973 819 2017 tem
838 1981 934 2016 versus
960 1967 1030 2018 sitas
1048 1966 1159 2018 indicet.
1192 1969 1235 2018 De
1253 1969 1305 2019 bae

764 2041 838 2085 terra
851 2035 925 2085 coni.
937 2036 1036 2101 Bayer.
1048 2035 1112 2087 hist.
1125 2051 1200 2102 regn.
1213 2038 1307 2088 Baetr.

766 2108 790 2169 §-
806 2103 883 2155 4-8.
905 2105 937 2154 In
950 2106 1035 2172 copiis
1049 2106 1146 2157 Xerxis
1159 2122 1308 2157 memoran·
1385 2105 1390 2112 ’

766 2181 810 2224 tur
822 2175 963 2226 Bactriani
975 2176 1045 2239 Vll,
1060 2178 1103 2227 74.
1125 2177 1159 2226 ln
1168 2176 1256 2227 tribus
1268 2176 1308 2226 in·

765 2243 961 2310 scriptionibus
987 2246 1113 2297 cuneatis
1140 2251 1212 2297 terra
1237 2245 1306 2297 baec
1375 2266 1382 2281 ⁸

766 2314 903 2380 profertur
922 2316 1031 2366 nomine
1048 2315 1186 2379 ΒδΙτΙιίνίο,
1203 2315 1236 2365 de
1254 2331 1307 2381 quo

764 2383 821 2435 vid.
841 2384 962 2435 Lassen:
977 2385 1136 2436 Zeitsebrift
1152 2390 1205 2437 ete.
1217 2386 1266 2437 VI.
1279 2401 1306 2451 p.

765 2455 798 2506 51
814 2469 872 2520 seq.
885 2454 989 2520 Oppert
1001 2455 1019 2507 1.
1030 2456 1047 2507 l.
1058 2455 1146 2507 xvli.
1157 2471 1184 2520 p.
1196 2456 1255 2506 282.
1274 2455 1306 2505 ln

764 2523 1313 2661 tritri-‘it'tibittdbtttttb

885 2632 892 2645 ·
1110 2633 1117 2657 ι

765 2669 825 2726 est,
840 2664 896 2714 vid.
908 2665 1011 2715 Ritter:
1026 2664 1175 2715 Erdkundo
1187 2665 1265 2716 VllI.
1279 2682 1305 2730 p.

764 2732 816 2784 218
826 2748 902 2799 seqq.
920 2734 963 2783 De
973 2733 1062 2799 Αερίίο
1075 2733 1144 2783 nibil
1159 2734 1307 2799 quidquem

765 2807 934 2867 compertum
955 2802 1097 2853 habemus.
1135 2803 1167 2852 ln
1187 2807 1308 2852 extrema

765 2872 877 2924 Bactria
894 2873 1026 2922 orientem
1043 2886 1152 2934 versus,
1170 2872 1219 2922 ubi
1237 2885 1309 2921 nunc

764 2948 839 2993 terra
853 2941 907 3000 Kii,
920 2943 961 2993 th
971 2957 993 2992 s.
1009 2942 1096 3004 Kreas,
1113 2957 1160 2992 eos
1169 2940 1310 2992 habitasse

765 3011 920 3075 suspicatur
937 3010 1050 3062 Renuel.
1075 3010 1094 3062 1.
1118 3009 1136 3062 l.
1164 3025 1228 3076 pag.
1247 3011 1308 3063 515.

765 3080 844 3144 Quod
861 3080 934 3146 apud
952 3080 1084 3145 Stephan.
1101 3081 1170 3146 Bya.
1194 3079 1308 3146 legitur:

765 3147 879 3215 Alypius
888 3141 1245 3216 {dvoqudsuquuidam
1257 3151 1309 3201 hue
1331 3203 1335 3212 ,

765 3220 897 3271 referunt.
915 3219 1077 3272 Biiierbeck.
1097 3219 1116 3270 1.
1131 3219 1149 3268 l.
1167 3235 1195 3286 p.
1212 3221 1245 3270 15
1262 3215 1307 3269 Αί-

764 3287 838 3354 γίών
851 3289 943 3354 (cuius
956 3289 1018 3341 ioco
1036 3289 1100 3340 iibri
1119 3289 1230 3355 quidam
1243 3288 1308 3354 Λίγ-

766 3357 825 3409 δων
837 3359 901 3412 οο11.
911 3360 974 3423 vn,
988 3358 1083 3424 7280)
1097 3364 1255 3425 corruptum
1268 3375 1309 3410 es·

766 3445 797 3481 ee
810 3428 915 3480 iudicat
927 3445 977 3494 pro
986 3421 1105 3491 Ἀρείων.
1119 3429 1220 3501 Lassen
1235 3429 1309 3492 (Bei-

766 3504 843 3565 triige
859 3505 911 3550 etc.
927 3515 953 3563 p.
972 3498 1033 3563 106)
1048 3499 1149 3564 corrigi
1168 3499 1227 3550 vult
1239 3489 1308 3561 Σόγ-

168 3590 215 3625 coe
226 3572 368 3635 componit
382 3587 443 3624 eum
452 3571 602 3623 Ptolemaei
617 3571 714 3624 Pascis
766 3566 840 3620 drove
862 3558 968 3632 Σόγδοι
990 3569 1019 3618 iu
1040 3568 1146 3620 decima
1169 3573 1248 3619 sexta
1265 3583 1309 3618 sa-

169 3632 323 3707 (Πόσιιαι),
345 3642 374 3691 in
386 3641 531 3708 Sogdianis
550 3657 609 3693 esse
625 3645 715 3707 putat,
766 3639 857 3703 trapia
866 3643 1044 3689 numerantur
1055 3655 1116 3704 eap.
1130 3636 1173 3688 113.
1184 3636 1311 3687 Wheeler

167 3726 238 3778 quos
251 3709 323 3761 Plin.
335 3712 466 3775 H.N.VI‚
484 3713 516 3763 11
529 3711 658 3775 Seythiae
667 3726 716 3777 po·
766 3707 931 3774 (ieography
943 3708 973 3758 oi
983 3708 1116 3759 Herodot.
1129 3723 1156 3771 p.
1166 3706 1218 3758 29ss
1231 3706 1263 3756 de
1277 3721 1310 3756 ea

168 3781 245 3847 pulis
266 3779 436 3833 adnumerat.
464 3781 527 3847 lpse
545 3782 714 3833 Herodotum
766 3781 847 3844 gente
866 3794 888 3828 s.
905 3777 978 3828 tribu
990 3777 1178 3841 Aigbanorum
1192 3776 1310 3841 cogitari

169 3850 487 3970 5511511111ὲωῖ
501 3840 637 3972 ”itit
651 3844 715 3970 ’i‘l
767 3848 1162 3983 titts¹¹0titisditt
1196 3849 1311 3965 {titt

399 3960 404 3971 .
442 3960 447 3970 .
489 3959 494 3970 .
602 3938 640 3972 θ.
671 3956 678 3969 ·
709 3956 716 3970 ο
885 3956 891 3978 ο
1172 3950 1178 3972 r

170 4007 236 4056 pag.
250 3935 427 4043 rloeraurreas
445 3994 472 4043 et
491 3993 596 4043 Horitas
609 3989 717 4055 Caspiis
768 3987 913 4038 vicinitate
926 3991 1016 4036 terrae
1028 3983 1266 4064 Cabulvbabitans.

170 4077 188 4111 a
212 4059 326 4111 meridie
347 4060 476 4112 finitimos
498 4060 585 4112 luisse
607 4060 717 4111 statuit.
804 4046 891 4120 νομός
906 4051 1083 4112 δυωδέκατος
1094 4050 1188 4119 ουτος]
1211 4054 1311 4105 Mirum

171 4133 282 4181 Daritur
290 4130 404 4182 Bennel.
416 4130 436 4181 l.
448 4130 467 4181 l.
477 4147 504 4195 ρ.
519 4130 579 4186 4711,
593 4129 643 4181 503
656 4144 717 4180 eum
769 4141 830 4177 esse
841 4125 868 4177 h.
882 4125 901 4177 1.
919 4125 1062 4176 confitetur
1078 4124 1244 4175 Maltebrun.
1257 4124 1275 4175 l.
1291 4122 1311 4175 l.

172 4203 239 4252 duis
253 4198 300 4265 (de
315 4200 413 4265 quibus
424 4199 478 4250 vid.
489 4203 559 4251 nott.
570 4201 605 4250 ad
618 4200 641 4262 Ι,
655 4196 717 4262 125)
769 4212 831 4262 pag.
846 4196 910 4253 339,
935 4194 1007 4262 quod
1027 4195 1056 4246 iu
1073 4195 1257 4260 satrapiarum
1272 4209 1312 4244 re-

171 4269 323 4321 centendit.
352 4271 410 4320 Nec
435 4269 489 4320 alia
509 4269 564 4320 iere
589 4268 718 4319 Lareheri
768 4281 852 4317 censu
864 4265 1021 4318 Herodotus
1036 4265 1070 4316 ad
1084 4263 1312 4331 septentrionales

171 4338 322 4392 sententia.
769 4341 798 4388 et
811 4335 947 4387 australes
957 4340 1050 4401 partes
1063 4336 1154 4387 subito
1164 4348 1312 4386 conversus

209 4407 239 4457 Π
242 4406 323 4458 ανιί
326 4406 449 4474 paror]
463 4409 552 4459 Huius
562 4408 652 4473 gentis
662 4406 720 4457 nul·
769 4406 947 4457 Bactrianam
972 4405 1173 4471 praefecturam
1196 4418 1312 4454 comme·

172 4478 202 4529 la
217 4477 286 4529 alibi
299 4479 330 4528 iit
350 4479 459 4529 mentio.
479 4478 643 4528 Maltebrun.
659 4476 678 4527 l.
698 4475 717 4528 1.
769 4480 869 4537 moret3
889 4476 943 4527 nisi
957 4476 1102 4527 Persarum
1119 4476 1148 4524 iu
1164 4473 1207 4524 bis
1219 4485 1312 4522 narra·
