3042 5125
266 397 330 459 &2
707 394 973 459 HERODOTI

267 609 370 658 πατα·
415 587 555 657 δύναται
586 587 622 656 di
649 585 686 657 τὸ
715 584 844 675 οὕνομα
867 590 965 655 τοῦτο
987 583 1070 654 κατὰ
1090 582 1231 654 Ἐλλάδα
1253 586 1392 671 γλῶσσαν

269 787 392 838 omnibus
414 788 449 838 iis
473 787 643 854 reperiantur
659 786 742 849 locis,
768 787 816 853 qui
867 784 1052 850 surl’origiue
1070 784 1117 835 des
1131 785 1283 847 Sumates,
1299 782 1343 833 dee
1354 784 1395 831 Es-

267 859 408 908 Minervae
420 855 497 907 cultu
514 857 680 921 insigniores
692 856 818 922 perhibe·
867 855 991 917 clarens,
1004 855 1051 905 des
1062 854 1169 905 Slaves.
1187 850 1395 919 Petropolilflll.

270 927 408 989 untur,in
420 926 518 990 Libye,
534 926 673 991 Argolide,
686 928 816 989 Boeotia,
867 928 1036 976 Amazonum
1061 925 1193 989 originem
1217 925 1258 975 sic
1281 922 1396 987 explicat.

269 1000 373 1048 Attica.
397 996 439 1046 Tu
450 996 523 1047 coni.
536 1002 605 1046 nott.
618 995 654 1045 ad
663 996 712 1056 IV,
726 996 777 1047 188
790 998 818 1045 et
867 997 945 1046 Duos
965 994 1104 1059 principes
1126 993 1288 1060 Scytharum
1310 1007 1341 1042 ex
1355 992 1414 1041 Ba'

271 1067 301 1118 c.
322 1066 356 1117 Ο.
376 1065 499 1117 Mueller.
520 1066 683 1116 Orchomen.
709 1082 736 1130 p.
754 1065 815 1116 357.
869 1066 978 1116 atriana
993 1063 1139 1114 deduxisse
1151 1063 1286 1114 coloniam
1301 1060 1399 1125 incap-

270 1138 327 1186 Alii
344 1137 513 1185 Amazonum
535 1136 655 1200 vestigia
670 1134 761 1185 adhuc
777 1149 819 1184 re·
869 1134 1022 1200 padooiam,
1036 1133 1178 1184 Medorum
1190 1132 1331 1183 coloniam.
1346 1130 1399 1179 lllee

272 1207 356 1272 periri
367 1207 535 1269 putaverunt
545 1204 618 1270 apud
628 1204 747 1255 Caucasi
756 1219 820 1269 gen·
869 1204 981 1254 colonos
996 1203 1159 1254 Bactrianos
1179 1202 1291 1253 duxisse
1309 1200 1399 1264 Cappa·

273 1285 314 1326 tes
336 1276 484 1339 quaedam,
508 1274 711 1325 Techerkesaen
737 1272 820 1340 vulgo
869 1275 966 1324 docum
976 1272 1134 1337 virginesin
1145 1271 1344 1322 matrimonium
1352 1286 1400 1334 pro·

273 1351 390 1406 vocant,
413 1343 460 1393 ubi
481 1343 601 1408 virgines
621 1343 743 1406 nobiles,
765 1357 820 1393 non
869 1342 1022 1407 tulisseque
1034 1343 1077 1390 sni
1090 1342 1198 1407 imperii
1211 1338 1400 1401 terminos,eed
1462 1370 1463 1377 .

273 1414 354 1465 aliter
371 1417 454 1477 atque
465 1413 600 1474 iuvenes,
615 1414 698 1462 armis
717 1414 821 1463 iustru·
870 1418 968 1479 postea
981 1411 1108 1474 expulsos
1120 1427 1183 1462 esse
1195 1416 1292 1476 utpote
1303 1423 1400 1474 rapaces

275 1488 337 1535 ctae
349 1481 460 1548 proeliis
472 1484 610 1533 intersunt
629 1482 771 1547 fortesque
787 1497 821 1532 ac
871 1482 1023 1532 etieroces.
1042 1482 1102 1542 Quo
1114 1481 1192 1532 iacto
1209 1483 1328 1547 ipsorum
1339 1478 1401 1527 vidu-

275 1553 423 1604 bellieosas
440 1567 470 1602 se
492 1552 625 1616 praebent
650 1551 698 1615 (ci.
714 1551 821 1602 Dubois
871 1568 903 1602 as
914 1553 943 1600 in
951 1551 1063 1615 agmina
1071 1552 1169 1600 nodosa
1178 1556 1208 1601 et
1217 1566 1293 1601 snam
1302 1550 1401 1614 patriam

276 1624 309 1674 de
321 1619 503 1687 Montpdrenx
516 1623 628 1686 voyage
639 1636 675 1671 au
688 1621 821 1672 Caucaso.
873 1635 932 1672 esae
942 1625 1049 1670 tutatae
1065 1634 1167 1684 easque
1184 1621 1276 1671 dietas
1288 1632 1344 1669 ease
1356 1616 1401 1666 ile

275 1694 326 1745 IV.
339 1707 366 1756 p.
380 1690 459 1756 358)=
477 1706 510 1741 ex
527 1706 579 1756 quo
595 1691 731 1756 virginum
747 1706 823 1741 more
872 1692 960 1742 ἀονιαιι
971 1704 1095 1740 sermone
1105 1691 1252 1756 Sumezorrp
1267 1689 1323 1738 sive
1334 1687 1393 1735 diuzi

277 1777 341 1813 num
361 1766 421 1811 tota
437 1762 604 1811 Amazonum
621 1758 716 1810 sabula
735 1759 824 1825 repeti
871 1756 1401 1819 ιιιιιηιιιιίο11ιιιειίῑιιοιιιιιι,ι1ιιαιιιιιιιΗ

244 1838 247 1845 ’
278 1833 380 1898 possit,
408 1845 495 1896 aeque
519 1829 626 1891 dubito,
655 1845 690 1879 ao
711 1831 736 1879 si
762 1830 822 1894 quis
872 1829 948 1880 Idem
974 1829 1023 1879 Cr.
1048 1835 1193 1892 praeterea
1220 1827 1335 1879 conferri
1356 1823 1401 1873 rull

280 1901 382 1963 omnia,
396 1900 515 1965 quaeda
529 1899 714 1950 Amazonibus
730 1898 824 1950 ierun—
873 1897 1022 1964 Inghiranri
1033 1898 1204 1949 Monumenti
1215 1895 1402 1957 Etruschillag.

280 1978 339 2034 tur,
359 1970 394 2020 ad
411 1968 606 2034 mythologiarn
627 1971 729 2018 reiecto
751 1968 826 2019 omni
873 1970 912 2019 Vl
935 1967 977 2016 de'
1002 1968 1104 2017 Bronzi
1123 1967 1256 2018 Etruscb.
1283 1981 1342 2030 pag.
1363 1963 1400 2012 24¹

279 2040 412 2092 historiae
432 2038 609 2089 fundamento
627 2038 727 2089 referre
748 2037 825 2099 velit,
874 2052 951 2101 seqq.
963 2051 1024 2101 cap.
1041 2037 1070 2086 ll
1085 2037 1285 2087 Osservazioni
1300 2035 1339 2085 sul
1351 2034 1402 2083 mito

280 2111 322 2161 nti
337 2108 418 2171 iecit,
438 2124 472 2160 ne
486 2108 556 2159 alios
567 2107 693 2170 afferam,
713 2106 783 2158 Guhl
796 2107 825 2156 iu
874 2106 943 2157 delle
958 2106 1100 2157 Amazoni.
1125 2106 1183 2156 Nos
1211 2105 1335 2155 addimus
1349 2102 1402 2165 Hip

281 2178 443 2243 Ephesiaco.
469 2194 496 2243 p.
519 2176 577 2240 1:32,
600 2180 644 2227 cui
671 2176 826 2227 adsentitur
875 2180 980 2242 poerat.
1006 2176 1049 2224 De
1064 2176 1131 2237 alin,
1150 2190 1198 2239 aq.
1215 2182 1244 2224 et
1258 2174 1325 2225 loce.
1345 2170 1402 2234 §.tu

282 2250 383 2300 Grote:
401 2246 516 2310 Historp
529 2246 560 2297 oi
571 2246 673 2297 Greeee
686 2247 709 2295 1.
727 2261 753 2310 p.
775 2244 822 2296 191
873 2246 966 2309 ibique
978 2244 1093 2294 Coruin
1104 2259 1169 2308 pag.
1182 2245 1237 2296 291
1248 2259 1323 2309 seqq.
1338 2239 1403 2300 Τ.1Ι1

283 2318 321 2382 (p.
340 2316 390 2368 198
408 2330 479 2367 vers.
494 2331 579 2380 parm.
591 2313 730 2377 Fischer),
748 2315 826 2365 itern-
874 2330 928 2379 quo
939 2314 998 2364 loco
1011 2315 1095 2365 etiam
1104 2328 1170 2364 usus
1180 2328 1242 2363 sum
1254 2313 1283 2363 in
1296 2314 1338 2374 iis,
1349 2322 1404 2374 quse

283 2402 335 2451 quc
350 2384 459 2434 Kolster
472 2385 514 2433 in:
528 2383 783 2435 Jahrbb.f.Philol.
797 2399 825 2434 u.
876 2384 911 2433 de
925 2384 1109 2434 Amazonibus
1131 2382 1253 2433 disserui
1273 2383 1302 2432 in
1319 2377 1403 2442 Pauly:

282 2453 402 2518 Paedag.
414 2452 509 2518 Suppl.
520 2454 598 2504 xm.
610 2455 689 2518 pou.
705 2453 760 2504 Sed
769 2452 826 2504 lon·
875 2450 1085 2517 Realeneyolop.
1105 2453 1129 2504 1.
1153 2466 1181 2516 p.
1202 2451 1257 2502 394
1275 2467 1346 2517 seqq.
1372 2449 1404 2497 De

283 2540 347 2591 gum
374 2536 441 2574 sanc
468 2528 511 2574 est
536 2537 625 2590 neque
646 2538 706 2574 eum
732 2528 826 2574 nostro
876 2522 974 2588 quibus
994 2535 1174 2587 quaecunque
1193 2522 1301 2572 tradita
1318 2517 1406 2570 inveni·

284 2594 411 2645 instituto
435 2593 616 2656 couveniens,
645 2593 769 2659 pluribus
793 2592 827 2643 de
875 2591 1150 2653 unturaveteribue,
1166 2597 1301 2643 securata
1313 2587 1405 2653 collegit

283 2664 336 2715 hae
351 2661 461 2724 sabula,
480 2678 643 2728 quaequam
655 2664 709 2713 late
721 2666 826 2728 pateat,
875 2677 909 2712 ae
921 2661 1067 2713 secundum
1081 2666 1235 2726 temporum
1247 2663 1363 2712 rationes
1371 2659 1405 2706 be

284 2749 363 2784 nemo
383 2733 484 2795 nescit,
503 2733 636 2784 disserere
655 2734 767 2797 eiusque
784 2747 827 2781 ra·
876 2746 911 2781 ne
922 2730 1057 2794 disposita
1070 2729 1195 2780 exhibuit
1211 2731 1312 2782 leert:
1325 2730 1405 2793 Geop-

187 2822 191 2826 ’
285 2805 375 2854 tiones
391 2801 590 2853 reconditiores
608 2803 764 2852 accuratius
783 2815 828 2850 ex-
877 2800 903 2850 d.
921 2799 1029 2850 Grieeh.
1041 2815 1068 2850 n.
1081 2800 1244 2864 licem-111,
1257 2802 1282 2852 2.
1298 2816 1323 2865 p
1334 2797 1405 2850 379-

283 2887 401 2938 ponere,
423 2885 492 2936 quas
509 2886 602 2923 eruere
621 2871 729 2922 studuit
745 2870 829 2921 Oreu-
877 2868 929 2920 393
944 2874 972 2919 et
987 2870 1029 2919 in:
1048 2868 1241 2921 Denhsehriit.
1255 2871 1282 2919 d.
1294 2865 1405 2919 Miinehu.

286 2958 331 2992 zer
343 2943 372 2991 in
383 2938 503 3005 Symbol.
517 2939 554 2990 11.
575 2957 601 3007 p.
617 2940 668 2992 573
685 2956 761 3005 seqq.
776 2939 825 2991 971
877 2938 965 2989 Ahad.
991 2936 1052 2988 Vol.
1075 2938 1168 2990 XXIV
1195 2938 1299 3003 (Class.
1322 2933 1405 2989 Philel.

285 3026 361 3075 seqq.
373 3010 416 3059 ed.
429 3013 503 3072 tert„
518 3011 564 3074 qui
580 3010 632 3059 toti
643 3009 750 3060 fabulae
766 3010 829 3059 sub·
876 3008 915 3071 V,
934 3006 960 3070 l)
982 3022 1011 3071 p.
1027 3005 1062 3058 99
1078 3023 1169 3073 seqq,
1193 3009 1241 3059 cui
1263 3008 1326 3058 add.
1349 3018 1406 3070 quac

285 3094 345 3131 esse
365 3078 472 3129 cenauit
488 3079 559 3128 ritus
577 3078 710 3143 quosdam
733 3093 829 3129 saeros
877 3077 1052 3141 disputarunt
1080 3076 1113 3126 de
1140 3076 1312 3128 Amazonum
1340 3079 1406 3140 genle

284 3144 405 3213 gentium
421 3161 470 3212 per
479 3148 573 3197 Asiam
589 3146 779 3199 bellicosarum
792 3146 829 3197 ad
878 3146 1030 3210 Guigniant
1039 3146 1145 3212 Religg.
1160 3145 1195 3196 de
1204 3147 1223 3196 l’
1230 3143 1366 3212 Antiquitd
1376 3142 1405 3200 11.

285 3217 377 3267 sidera
396 3215 476 3266 simul
494 3232 528 3267 ac
554 3217 714 3281 praesertim
734 3218 828 3266 lunam
878 3215 904 3267 3.
918 3230 980 3280 pag.
1000 3215 1052 3266 979
1069 3231 1162 3280 seqq,
1182 3217 1298 3269 Preller.
1312 3211 1406 3266 (iriech.

286 3289 456 3350 spectantes,
469 3290 500 3336 nt
511 3287 676 3348 Amazones,
689 3285 827 3351 inquibus
876 3283 1027 3350 Mytholog.
1043 3284 1081 3335 11.
1094 3301 1120 3350 p.
1133 3285 1167 3336 59
1183 3301 1264 3352 seqq.
1288 3281 1407 3336 Peculiui

285 3354 419 3419 viraginis
441 3355 483 3404 vis
507 3370 541 3404 ao
558 3354 634 3404 notio
654 3355 828 3419 potissimum
876 3354 947 3404 libro
961 3354 995 3404 de
1006 3354 1193 3405 Amazonibus
1206 3354 1406 3421 disputavitlla

287 3422 414 3487 eminuit,
433 3424 545 3474 eandem
565 3423 621 3475 iere
636 3422 725 3474 locum
737 3424 828 3475 hocin
877 3424 920 3489 gel
933 3423 1107 3486 (Gesehiobte
1119 3422 1145 3475 d.
1153 3426 1321 3476 Amazonen.
1332 3424 1406 3474 Stutt·

285 3494 362 3545 cultu
379 3492 509 3545 bellicoso
533 3493 685 3545 obtinuisse
705 3493 828 3558 perhibe·
877 3498 941 3558 part
960 3491 1054 3556 1838);
1078 3508 1155 3557 quem
1173 3495 1198 3543 si
1216 3495 1351 3560 sequimur
1366 3488 1405 3556 (ci.

285 3569 385 3625 antur,
405 3577 482 3628 quem
501 3562 669 3614 Hierodulac
690 3582 712 3614 s.
732 3579 827 3614 merae
877 3561 1092 3627 p.43),e11ndia
1102 3564 1269 3628 repetendae
1278 3569 1355 3615 erunt
1364 3560 1406 3610 bas

284 3635 396 3684 dearum
415 3634 558 3685 ministrae
572 3635 599 3682 in
612 3631 729 3684 aliorum
741 3634 830 3683 nuuti-
878 3632 1009 3697 virigines
1023 3631 1185 3694 bellicosae,
1204 3639 1248 3684 tot
1264 3632 1360 3684 fabulis
1371 3643 1406 3679 cc

284 3719 348 3754 num
360 3719 408 3768 per
419 3703 512 3752 Asiam
524 3702 608 3753 cultu.
626 3702 680 3753 Sed
691 3701 761 3752 haee
771 3702 828 3752 lon·
876 3699 1013 3761 lebratae3
1027 3701 1150 3753 deSinae
1160 3702 1342 3754 Amazonibus
1350 3711 1407 3766 quaa

285 3774 347 3836 gius
362 3774 488 3838 persequi
505 3789 522 3822 a
537 3779 630 3823 nostro
646 3771 778 3834 consilio,
796 3776 827 3821 ut
878 3770 1011 3834 feruntur,
1024 3772 1343 3836 exposuitDeParavey:
1354 3769 1406 3820 Dia

284 3842 412 3905 diximus,
426 3842 553 3893 alienum.
572 3843 630 3892 Nec
642 3841 730 3906 magis
744 3844 828 3891 vacat
877 3841 1011 3892 sertation
1023 3855 1069 3891 sur
1080 3840 1121 3892 les
1132 3844 1300 3904 Amazones,
1318 3834 1406 3890 dontle

284 3911 313 3960 in
335 3912 424 3977 ipsum
446 3911 600 3964 Amazonum
623 3912 760 3975 inquirere
780 3925 827 3961 no·
877 3911 1007 3961 seuuenir
1023 3915 1065 3960 est
1078 3908 1210 3961 conserve
1225 3911 1405 3963 enChineeta

286 3995 361 4041 men,
382 3981 415 4031 de
434 3996 488 4045 qno
504 3996 590 4046 nuper
607 3981 676 4030 mira
692 3980 826 4045 quaedam
877 3978 1008 4040 (Annales
1024 3979 1059 4029 de
1075 3978 1246 4044 philosophie
1264 3980 1406 4032 ehretieune

284 4049 398 4113 protulit
413 4050 445 4100 G.
467 4050 561 4114 Meys:
585 4048 785 4101 Griechenland
797 4065 822 4100 u.
876 4049 955 4099 Paris
968 4047 1056 4111 1840).
1079 4049 1116 4099 Et
1127 4050 1200 4100 coni.
1214 4066 1320 4115 quoque
1333 4049 1405 4109 Berg-

285 4118 333 4168 der
345 4119 440 4168 Orient
457 4133 520 4182 pag.
540 4119 569 4169 ll
588 4134 645 4183 seq.
673 4119 763 4182 Alios,
781 4119 827 4185 qui
878 4133 973 4168 mann:
988 4119 1042 4168 Les
1049 4117 1406 4171 Amazonesdansl'histoirc

285 4185 319 4235 de
330 4185 381 4236 hoo
397 4187 506 4236 nomine
527 4189 734 4253 quaesiverunt,
753 4190 827 4239 erei·
878 4191 906 4237 et
925 4187 994 4237 dans
1017 4186 1045 4236 lu
1064 4187 1146 4240 sabla.
1162 4188 1326 4252 Strasbourg
1340 4183 1404 4236 185³.
1464 4179 1465 4232 l

285 4256 357 4305 tevit
381 4254 498 4305 Creuzer
518 4255 537 4306 l.
559 4255 576 4305 l.
595 4271 659 4322 pag.
678 4257 740 4308 574.
772 4259 827 4320 Qui
876 4256 932 4308 Alii
952 4257 1025 4307 hanc
1044 4257 1077 4307 de
1094 4259 1278 4310 Amazonibus
1298 4254 1404 4307 sabulum
1464 4261 1465 4270 ¹

283 4324 355 4374 idem
367 4338 438 4374 nune
458 4324 526 4375 haec
542 4324 630 4374 addit:
652 4325 826 4387 „Stanislans
875 4329 1044 4389 tractarunt,
1063 4334 1189 4393 respectu
1201 4327 1295 4378 habito
1309 4322 1404 4391 potiari-

285 4393 522 4444 Siestrrencewiez
538 4393 571 4444 de
584 4393 693 4444 Bohurz
712 4397 740 4445 in
755 4395 825 4447 libro
875 4412 947 4447 mum
959 4411 1070 4462 operum
1082 4398 1159 4461 artis,
1171 4398 1207 4448 ad
1222 4411 1302 4461 quam
1312 4398 1404 4444 mature

284 4463 433 4530 inscripto:
463 4462 633 4516 Becherches
658 4463 825 4531 historiques
875 4464 945 4517 haec
962 4465 1058 4517 labula
1075 4473 1118 4520 est
1134 4468 1275 4519 traducta:
1292 4463 1344 4518 vid.
1355 4463 1402 4527 sp
