3042 5125
270 372 332 436 668
699 369 966 434 ΗΒΒΟΒΟΤΙ

270 564 347 647 τοὺς
361 562 645 653 ὑπολειπομένους
660 560 773 633 αὐτῶν
788 565 843 633 καὶ
865 566 1108 652 ἐπελκομένους
1127 559 1316 651 ἐφόνευον,
1338 565 1369 642 ἐς
1384 558 1400 630 ὃ

203 674 306 751 204ἐς
330 669 390 758 τὴν
412 680 586 758 Αἴγυπτον
611 665 779 738 ἀπικέατο.
830 656 937 749 Οὗτος
961 664 979 736 ὁ
1003 670 1164 755 Περσέων
1187 662 1329 753 στρατὸς
1352 672 1401 754 τῆς

271 773 401 862 Λιβύης
421 770 588 844 ἑκαστάτω
611 776 643 851 ἐς
663 768 892 859 Εὐεσπερίδας
911 763 1005 861 ἦλθε.
1041 768 1118 851 τούς
1147 771 1185 840 δὲ
1206 766 1402 858 ἠνδραποίί·

271 903 374 948 σαντο
396 882 465 957 rein
484 884 679 964 Βαρκαίων,
706 875 845 956 τούτους
866 875 902 945 ol
923 878 960 945 ἐκ
982 881 1040 964 τῆς
1061 874 1242 963 Αἰγύπτου
1264 871 1403 943 ἆνασπί·

272 1004 373 1062 στυυς
386 984 548 1070 ἐποίησαν
561 977 650 1068 παρὰ
665 984 819 1069 βασιλέα·
846 977 1004 1068 βασιλεὺς
1018 983 1058 1049 δέ
1069 1000 1129 1066 σφι
1147 990 1297 1066 Δαρεῖος
1311 984 1403 1048 ἔδωκε

273 1090 331 1175 τῆς
346 1094 511 1174 Βακτρίης
525 1083 633 1172 χώρης
647 1082 763 1173 κώμην
778 1086 1020 1171 ἐγκατοικῆσαι.
1048 1090 1083 1153 oi
1093 1084 1129 1152 tl
1144 1086 1188 1172 τῇ
1201 1081 1299 1171 κοτ’μη
1311 1081 1403 1169 ταίτη

273 1188 402 1278 οὕνομα
417 1197 535 1259 ἔθεντο
551 1186 702 1276 Βάρκην,
716 1184 801 1274 ἥπερ
818 1194 865 1257 ἔτι
881 1188 937 1256 καλ
950 1191 983 1267 ἐς
999 1188 1053 1276 ἐμὲ
1068 1177 1110 1274 ἦν
1126 1189 1310 1276 οἰκεομένη
1324 1188 1404 1273 ἔντη

203 1299 319 1383 ἳθόγῇ
337 1299 379 1383 τῇ
393 1299 548 1380 Βακτρίῃ.
599 1287 651 1360 Οὐ
664 1291 727 1380 μὲν
747 1287 826 1359 οὐδὲ
848 1286 869 1379 ἡ
887 1298 1052 1378 Φερετίμη
1073 1281 1112 1359 εὖ
1134 1287 1198 1378 τὴν
1221 1288 1302 1378 ζόην
1321 1298 1403 1358 κατέ·

271 1454 368 1524 κέατο,
397 1475 467 1525 qnee
492 1458 555 1509 eliis
578 1457 647 1511 loeis
672 1459 754 1511 obvie
776 1462 818 1509 est
867 1459 902 1510 iis
915 1459 1010 1524 terris,
1032 1474 1101 1525 ques
1112 1459 1218 1509 Noster
1234 1457 1404 1523 perlustrsse

270 1533 313 1596 (Ι,
330 1531 371 1582 15.
390 1531 448 1582 152.
466 1530 515 1583 lot
528 1529 608 1594 ete),
629 1527 686 1580 vid.
698 1527 816 1580 Bredov.
867 1529 912 1579 rit.
936 1531 1013 1591 Quae
1027 1529 1098 1579 enim
1113 1527 1166 1578 hoe
1186 1526 1253 1578 loeo
1271 1526 1361 1587 scidit,
1377 1541 1405 1577 ss

270 1616 333 1667 psg.
348 1599 409 1652 331.
868 1613 936 1650 sene
948 1599 1073 1663 accipere
1092 1598 1187 1662 potuit
1209 1599 1239 1647 in
1261 1597 1403 1657 itineribus,

868 1668 903 1718 sb
916 1665 979 1720 eliis
1000 1668 1126 1719 ednotus:
1149 1668 1213 1732 ipse
1229 1667 1260 1716 in
1278 1667 1405 1717 Bsetrisur

456 1771 521 1823 ⁰⁴⁹·
541 1770 635 1823 cuv.
866 1736 1404 1873 :ll‘tttitltsszsstiffl‘tltit

307 1867 336 1934 ἐς
362 1865 567 1940 Εὐεσπερίδας]
591 1873 654 1925 vid.
681 1877 754 1926 nott.
780 1872 816 1925 sd
867 1882 925 1942 est,
950 1878 1015 1943 quin
1032 1881 1161 1927 aoeursts
1182 1876 1213 1926 id
1232 1875 1402 1925 enuntiasset.

273 1963 334 2012 cup.
356 1946 414 1996 171.
451 1944 530 1995 Unde
554 1942 710 2009 colligitur,
734 1944 817 2009 Cyre-
866 1973 900 1985 -
925 1948 968 1998 Ad
989 1961 1068 1999 usum
1092 1946 1313 2011 praepositionis
1334 1936 1403 1992 lein

274 2032 357 2067 nseos
374 2015 529 2081 Itibyesque
548 2016 638 2064 Persis
657 2029 711 2064 non
732 2013 817 2066 inisse
867 2008 1063 2082 ἐγκατοικῆσαι
1081 2017 1152 2067 eous.
1172 2020 1247 2067 nott.
1265 2015 1301 2065 erl
1314 2012 1402 2063 Heroll

273 2086 409 2146 subditos,
421 2101 535 2151 quornm
547 2086 632 2135 statio
642 2083 696 2133 fuit
705 2085 817 2136 Merene
868 2088 912 2151 ΙΙ,
929 2086 985 2139 178.
1000 2116 1006 2127 ·

274 2154 382 2219 (11‚30)
397 2156 424 2204 in
436 2156 552 2220 Aegypti
563 2154 676 2211 finibus,
696 2169 766 2219 quos
781 2154 817 2203 sb

273 2225 390 2288 Libyum
417 2224 618 2274 incursionibus
651 2227 818 2274 tutarentur.
1062 2259 1083 2308 c
1145 2256 1217 2309 ccv

273 2296 369 2359 Neque
389 2295 461 2344 enirn
480 2292 593 2343 multum
610 2291 820 2343 veluissevide·
1085 2275 1127 2308 η’
1219 2296 1227 2309 ·

274 2370 319 2414 tur
343 2362 423 2424 illud,
453 2361 525 2429 quod
545 2360 676 2425 Osmbysi
699 2363 819 2426 itemque
907 2352 951 2411 Οὐ
966 2351 1097 2426 μὲνοῦὃὲ
1117 2351 1134 2426 ἡ
1153 2359 1296 2428 Φερετίμη
1313 2344 1342 2408 εὖ
1359 2348 1402 2419 τὴν

273 2434 542 2494 Derio‚utteststur
552 2431 819 2495 Herod.Hl,l3.ill‚
870 2426 938 2498 ζόην
954 2425 1115 2496 κατέπλεξε]
1142 2431 1208 2483 ie.
1229 2433 1317 2497 Neque
1335 2440 1404 2479 susm

274 2502 346 2554 done
361 2501 458 2552 tributi
476 2502 613 2553 adinstar
632 2501 765 2552 miserunt
780 2517 821 2552 re·
870 2505 932 2555 tene
954 2505 1028 2553 vitam
1045 2504 1139 2565 finiuit,
1163 2507 1196 2552 ut
1220 2500 1402 2566 interpretetur

274 2574 317 2640 gis
333 2574 401 2623 irem
414 2572 558 2638 pleosturi.
870 2572 1002 2624 Velolrsu.
1018 2572 1053 2622 ed
1064 2572 1103 2632 V,
1117 2572 1165 2633 92,
1185 2572 1236 2622 ubi
1248 2575 1292 2622 est
1304 2557 1401 2618 deusli—

309 2633 510 2700 ἄνασπαστους
518 2633 666 2706 ἐποίησαν]
674 2640 746 2691 liele
756 2641 820 2690 olim
870 2657 931 2692 κειν
949 2632 998 2690 τὸν
1017 2638 1095 2707 βίον,
1121 2644 1196 2692 sitnm
1217 2659 1297 2708 apere
1312 2654 1333 2688 s.
1351 2653 1402 2702 per·

275 2704 459 2770 ἆναστοίτους.
491 2713 562 2764 Nem
586 2711 659 2762 eliud
686 2715 728 2761 est
750 2700 819 2760 ἀνοί-
868 2722 959 2764 texere
976 2716 1065 2775 vitum,
1089 2714 1156 2763 uitae
1175 2717 1270 2770 τείσας
1300 2715 1328 2759 nt
1346 2721 1400 2758 sent

276 2795 377 2832 στατον
394 2784 500 2846 ποιεῖν,
522 2783 556 2834 de
575 2797 629 2846 quo
647 2781 764 2831 diximus
785 2779 820 2830 ed
871 2798 924 2832 non
937 2779 1049 2832 multum
1063 2780 1169 2831 differre
1182 2776 1400 2835 videnturebso,

276 2854 303 2915 Ι,
332 2850 382 2916 76,
409 2852 483 2903 eliud
511 2842 694 2901 ἀνάσπαστον
717 2852 819 2913 ποιεῖν,
871 2850 943 2918 quoti
954 2853 1085 2901 continuo
1094 2849 1209 2916 legitur:
1223 2842 1349 2899 ἀπέθανε
1360 2858 1400 2892 κα-

279 2922 351 2988 qnod
376 2921 411 2974 de
433 2937 545 2973 eversas
567 2922 641 2973 urbis
665 2920 821 2985 regionisvs
871 2918 935 2978 κοῖς.
949 2948 984 2959 -
996 2921 1050 2970 Ρτο
1061 2912 1113 2984 μὶν
1124 2935 1191 2972 esve
1204 2919 1337 2971 rescribes
1344 2910 1398 2979 μὴ’,

277 2991 374 3043 ineolis
395 2993 424 3041 in
448 2991 640 3056 captivitatem
661 2989 822 3053 alienasque
870 2990 1400 3056 utuupersuesitNuberinMnemoryn·

275 3060 354 3112 sedes
372 3060 499 3111 obtinetis
517 3060 560 3110 vel
576 3074 687 3125 prorsus
701 3059 822 3124 expulsis
871 3062 919 3112 IV.
935 3076 961 3126 p.
976 3061 1017 3111 27.
1052 3060 1095 3110 Tu
1105 3059 1161 3111 vid.
1174 3065 1246 3110 nott.
1263 3058 1298 3109 ad
1311 3052 1398 3115 lust.

275 3129 460 3195 relegetisque
478 3130 590 3179 dieitur.
619 3127 680 3178 Vin.
695 3133 766 3179 nott.
785 3128 821 3180 ed
871 3129 913 3180 Ad
927 3128 982 3180 looi
995 3134 1182 3194 argumentum
1199 3129 1250 3191 (ed
1268 3125 1335 3194 qnod
1349 3137 1399 3187 per·

275 3199 329 3261 ΙΙΙ,
345 3198 387 3250 93.
427 3198 466 3248 Ae
481 3198 572 3262 plures
590 3198 744 3248 istiusmodi
758 3214 822 3262 geu·
872 3201 962 3250 tinent
975 3198 1073 3250 Suides
1089 3216 1111 3250 s.
1122 3215 1151 3250 v.
1160 3189 1238 3249 εὖλαλ
1248 3199 1271 3248 Ι.
1285 3213 1310 3262 p.
1320 3194 1366 3244 est
1377 3195 1400 3239 el

276 3273 318 3320 tes
335 3283 368 3319 ex
379 3267 432 3319 hoe
448 3268 592 3318 Persarum
608 3282 712 3317 moree
731 3270 822 3331 pstrio
872 3267 1014 3320 Hereelid.
1032 3270 1141 3320 Pontis.
1161 3285 1187 3334 p.
1202 3269 1220 3319 8
1235 3265 1323 3329 Koel.)
1342 3263 1398 3312 litet

275 3336 335 3389 solo
347 3336 475 3388 aliorsum
487 3336 619 3388 sbduotes
628 3342 753 3388 recenset
763 3337 823 3387 Rit·
871 3339 941 3390 idem
954 3341 981 3390 V
984 3339 1104 3390 alelen.
1118 3337 1343 3402 ,‚(lrndelissimee
1351 3345 1397 3380 mu·

276 3413 334 3459 ter:
350 3406 478 3459 Vorhnlle
493 3410 546 3458 ste.
559 3423 586 3472 p.
601 3405 644 3458 38.
660 3406 708 3470 39,
733 3407 821 3458 Hero·
870 3408 945 3459 lieris
964 3407 1052 3458 istum
1069 3424 1123 3459 non
1146 3408 1283 3462 illibenter
1297 3413 1398 3456 eonne-

276 3479 351 3530 dotei
363 3476 416 3528 looi
429 3492 483 3528 non
499 3478 647 3527 immemor.
661 3502 695 3513 -
714 3476 756 3528 De
772 3493 820 3527 vo·
870 3483 962 3530 moret
980 3482 1009 3528 et
1031 3482 1062 3528 ut
1082 3478 1192 3544 ingenio
1217 3493 1267 3529 suo
1283 3472 1396 3525 melorum

276 3548 338 3601 enls.
354 3540 384 3596 δὲ
405 3548 524 3612 repetite
543 3548 572 3597 in
592 3545 683 3596 verbis
700 3539 766 3604 τούς
784 3540 820 3596 ol
871 3564 935 3600 osor
956 3548 1114 3599 Herodotus
1138 3548 1309 3599 satisfaceret
1328 3545 1353 3592 et
1371 3540 1397 3587 nt

277 3645 310 3655 -
323 3609 439 3675 τούτους
459 3610 495 3666 ‘ll
512 3617 569 3670 rid.
589 3619 659 3666 nott.
678 3615 713 3665 sd
726 3616 769 3671 ΙΙ.
786 3616 821 3669 39
869 3618 1012 3669 formidine
1024 3631 1129 3681 poenos
1144 3617 1261 3669 leotores
1281 3609 1397 3665 utelibnt

277 3694 305 3739 et
321 3691 481 3739 Buttmann.
502 3688 538 3739 ed
555 3684 730 3737 Demosthsn.
752 3686 820 3737 Mid.
869 3688 1050 3747 absterreret3
1074 3693 1191 3753 epperst
1210 3687 1307 3752 ubique
1326 3681 1396 3731 histo·

276 3773 303 3823 p.
322 3758 371 3809 150
394 3757 436 3809 ed.
458 3773 513 3808 see.
532 3786 565 3796 -
590 3758 622 3807 In
645 3754 697 3806 tine
719 3756 820 3820 ospitis
870 3757 922 3808 rioi
934 3749 1080 3819 διάθεσις,
1101 3756 1190 3822 qualis
1202 3753 1330 3820 Dionysio
1342 3746 1396 3799 ‹lisi-

276 3843 346 3882 sune
357 3830 459 3879 Noster
477 3826 588 3892 scripsit
602 3825 635 3876 de
652 3824 713 3875 vieo
725 3826 821 3889 Beroe,
871 3833 917 3877 tur
935 3825 1077 3878 Helienrn.
1096 3828 1133 3877 11.
1159 3843 1185 3891 p.
1207 3826 1267 3879 203.
1296 3820 1336 3887 [Τ.
1354 3815 1393 3865 Vl·

283 3890 351 3960 “nso
366 3889 406 3946 ἔτι
424 3891 473 3945 καὶ
492 3886 505 3944 ἔ
514 3912 527 3952 ς
548 3886 605 3960 ἔμε
619 3882 656 3960 ἦν
672 3888 820 3959 οἰκεομένη
871 3912 898 3960 p.
914 3897 965 3947 774
979 3895 1093 3961 Reislr.].
1112 3895 1247 3947 Herodoti
1258 3890 1392 3945 Pheretimt

277 3913 309 4018 lv
326 3963 359 4032 τῇ
381 3964 416 4031 γῇ
434 3963 467 4030 τῇ
489 3964 622 4030 Βακτρίῃ,
649 3978 682 4014 οι
698 3965 822 4015 indicare
871 3963 944 4026 ζῶσα
962 3955 1064 4015 εὐλέων
1083 3956 1196 4026 ἐξέζεσε.
1234 3965 1285 4028 Qui
1301 3962 1393 4020 noege-

277 4035 405 4088 videntur
433 4036 544 4097 leopero
576 4035 742 4100 (Disputett.
767 4036 822 4085 He·
871 4050 936 4085 uere
955 4036 1043 4087 morbi
1058 4036 1189 4100 perierint
1205 4035 1391 4100 pluresenumt

277 4105 353 4157 rodi.
372 4118 436 4167 μορ.
457 4103 516 4166 20),
546 4102 716 4155 Herodotum
732 4105 821 4171 ipsum
870 4110 967 4155 rentur
987 4121 1004 4155 ιι
1018 4105 1147 4168 Menegio
1165 4105 1199 4156 nd
1216 4096 1391 4156 Laert.1v‚⁴

277 4175 313 4226 erl
335 4173 475 4222 Bsstrism
499 4188 585 4239 usque
612 4176 772 4233 pervenisse
792 4174 822 4224 iu
872 4174 1023 4226 etKuhuio
1039 4176 1075 4225 sd
1092 4175 1197 4226 Aelisn.
1210 4175 1242 4225 V.
1259 4173 1292 4222 H.
1308 4162 1391 4227 lelss

276 4240 421 4294 itineribus
438 4258 487 4307 per
501 4243 597 4291 Asiam
608 4241 702 4292 iretis.
736 4244 822 4310 Equi·
873 4242 955 4309 [And.
967 4243 1106 4296 Plutarch.
1127 4244 1195 4310 Syll.
1207 4243 1250 4296 33.
1269 4242 1347 4292 Sturr.
1361 4229 1390 4282 sd

276 4315 337 4365 dem
352 4309 432 4361 velds
446 4312 473 4362 id
491 4311 675 4363 dubitsrerim
693 4317 822 4374 reeteque
871 4314 1022 4378 Pherecyd.
1045 4314 1171 4380 iregnrru.
1195 4331 1223 4380 p.
1243 4314 1274 4365 17
1291 4323 1341 4372 seq.
1354 4302 1388 4361 ²3·

276 4384 312 4434 eb
325 4379 430 4444 Heysio
442 4381 570 4444 (Quaest.
583 4379 706 4432 Herodi.
719 4398 745 4446 p.
759 4382 821 4445 101)
873 4384 1104 4450 C.A.Boettiger:
1121 4385 1164 4435 De
1175 4372 1390 4435 Nemuffleroio

276 4452 418 4505 Baetriem
426 4457 518 4519 putem
528 4455 682 4516 exemptum
691 4450 778 4504 inisse
787 4453 822 4504 eb
873 4439 1390 4519 terinopumulmeted.simpillmd·
