3042 5125
250 305 313 374 386
457 339 461 348 ·
578 351 583 358 ·
646 307 960 371 -HERODOTI

252 498 400 572 δυνατὸν
427 506 475 570 ἔτι
499 504 714 588 προβαίνειν,
740 495 816 567 ἀλλ’
837 501 1038 587 ἐνίσχεσθαι.
1088 500 1211 586 Ξέρξης
1236 496 1272 567 di
1293 493 1332 566 οὔ
1348 500 1378 564 oi

251 602 493 694 συγγινώσκων
508 603 621 692 λέγειν
632 598 780 691 ἀληθέα,
802 598 864 672 οὐκ
879 601 1113 672 ἐπιτελέσαντά
1125 628 1161 670 τε
1174 601 1235 670 τόν
1253 607 1374 689 προκεί-

251 735 356 799 μενον
374 707 518 793 ἀεθλον,
549 701 807 792 ἀνεσκολόπισε,
834 703 897 794 τὴν
922 701 1064 795 ἀρχαίην
1093 712 1192 793 δίκην
1219 708 1376 793 ἐπιτιμῶν.

251 811 373 882 τούτου
393 811 430 881 di
451 814 511 879 τοῦ
523 808 719 889 Σατάσπεος
737 805 896 897 εὐνοῦχος
916 805 1046 899 ἀπέδρη
1062 812 1096 890 ἐς
1110 808 1247 898 Σάμον,
1267 811 1377 878 ἐπείτε

252 916 397 986 ἐπύθετο
418 913 554 1003 ια’χιστα
575 911 635 982 τὸν
652 911 815 983 δεσπότεα
835 911 1108 1001 τετελευτηκότα,
1135 920 1223 1001 ἔχων
1242 910 1378 1001 χρήματα

251 1017 395 1109 μεγάλα,
416 1016 456 1086 sci
469 1015 596 1105 Σόμιος
614 1013 700 1106 ἀνὴρ
718 1019 874 1105 κατέσχε,
893 1021 954 1085 τοῦ
974 1015 1191 1106 ἐπιστάμενος
1210 1015 1249 1086 τό
1263 1012 1379 1105 οὔνομα

253 1121 339 1193 ἕκάν
353 1119 563 1211 ἐπιλήθομαι.

254 1322 328 1373 nisse
340 1326 432 1383 ratus,
451 1321 479 1372 id
491 1321 610 1372 dubitari
623 1322 670 1371 vix
684 1321 795 1386 poterit,
846 1322 941 1374 Herm.
964 1320 1007 1371 Ad
1018 1319 1095 1373 verbi
1105 1308 1380 1382 σογγινόσνεινιιειττι

254 1393 365 1442 Persam
377 1391 468 1443 ventis
484 1407 516 1441 ex
530 1392 646 1443 adverso
665 1390 796 1441 flantibus
847 1395 876 1442 et
888 1394 1068 1453 structuram,
1084 1389 1118 1441 de
1128 1405 1183 1455 qua
1191 1388 1381 1440 Valckenarius

252 1461 340 1511 redire
350 1466 477 1511 eoactum
488 1477 558 1526 esse,
567 1477 627 1512 cnm
636 1460 795 1522 Phoeniees,
848 1461 983 1526 quaedam
992 1459 1028 1510 ad
1037 1459 1064 1512 h.
1072 1458 1090 1511 l.
1098 1459 1250 1521 admonuit,
1261 1459 1382 1510 montiis

255 1532 301 1595 qui
318 1531 437 1582 Neconis
453 1532 529 1582 iussn
547 1547 581 1582 ex
596 1530 714 1580 Arabico
735 1530 796 1581 sinn
846 1530 934 1582 rodet.
947 1531 986 1593 V,
1006 1530 1049 1582 91.
1063 1529 1121 1591 ΙΙΙ,
1136 1529 1186 1591 53,
1203 1529 1254 1579 nbi
1272 1529 1381 1580 dativum

253 1600 431 1666 proiectiiter
441 1601 641 1664 instituissent,
650 1601 739 1650 ventis
749 1600 797 1649 flu·
846 1601 907 1666 pari
921 1599 979 1650 iere
991 1599 1070 1650 modo
1086 1597 1210 1649 additum
1228 1599 1382 1656 invenimus,

254 1670 397 1736 ctibusque
423 1671 550 1722 secundis
576 1670 666 1721 adiuti
691 1669 796 1732 Libyae
847 1685 927 1735 quem
942 1670 971 1718 in
987 1667 1070 1719 simili
1080 1668 1158 1720 verbi
1173 1660 1298 1717 σύνοιδα
1309 1666 1383 1733 (quod

255 1755 316 1791 oras
328 1742 495 1792 commodius
512 1741 746 1804 circumnavigare
758 1742 796 1801 et,
846 1738 1047 1804 significatione
1065 1737 1139 1788 baud
1159 1737 1277 1788 multum
1295 1737 1383 1788 disere

255 1812 468 1875 promontorium
479 1809 546 1860 iiind
559 1809 738 1875 transgressi,
752 1823 796 1857 oc·
846 1813 907 1874 pat)
926 1813 1064 1859 structura
1083 1806 1236 1858 adhibitum
1257 1807 1384 1874 explicare

252 1878 418 1930 uidentalem
436 1880 540 1945 Libyae
560 1895 633 1930 oram
653 1876 796 1959 circumire
847 1877 1167 1928 studuitC.Straubein:
1178 1876 1383 1930 Jahrbb.f.Pbi·

255 1946 797 2085 itii,i⁰‚¹ti¹¹⁸tsitz⁰iit{titt
846 1944 1384 2068 {iiiiiiiiii‘isiiiiiivii'ffi

254 2087 387 2153 iiludqno
407 2088 545 2139 ueafferri
561 2089 648 2153 possit
664 2087 699 2136 ad
715 2100 797 2137 excu·
848 2087 932 2138 etiam
956 2087 1034 2136 Wex.
1056 2084 1092 2136 ad
1112 2085 1239 2152 Sophocl.
1264 2086 1383 2150 Antigm.

257 2156 372 2207 sendum
389 2103 536 2223 {suspen
559 2158 701 2223 promissis
723 2154 797 2205 haud
847 2157 909 2208 914.
930 2171 992 2221 pag.
1009 2156 1060 2207 255
1081 2160 1109 2207 et
1123 2156 1300 2206 Herodoteos
1319 2155 1384 2205 iosos

256 2230 390 2288 stantem,
410 2227 482 2291 quod
501 2241 556 2277 non
575 2225 737 2277 Phoenicios
756 2239 797 2274 se·
848 2226 877 2288 1,
891 2223 933 2275 89.
944 2225 988 2276 91.
999 2224 1053 2287 IV,
1063 2222 1080 2275 3
1092 2225 1153 2276 coli.
1165 2227 1190 2276 b.
1204 2226 1254 2286 11,
1269 2227 1331 2277 122.
1350 2223 1385 2273 ΔΙ
1452 2259 1459 2316 ρ

256 2294 578 2358 cumhsbueritnautas,
592 2295 739 2360 navigandi
752 2308 799 2359 pe·
848 2293 933 2346 verba
954 2286 1148 2344 ἐπιτελέσαντά
1164 2309 1199 2344 τε
1216 2289 1268 2344 τὸν
1280 2290 1384 2359 upote!-
1453 2325 1458 2360 ,

254 2364 402 2415 citissimos
418 2364 479 2415 illos
497 2364 602 2429 quidem
620 2365 664 2415 vei
679 2379 728 2428 per
743 2378 798 2413 ma·
848 2377 935 2427 μενον
946 2352 1054 2413 ἄεθλον
1063 2364 1136 2415 coni.
1150 2364 1262 2425 similia,
1274 2380 1344 2431 qnae
1355 2360 1385 2411 ad

255 2434 297 2484 ria
317 2433 405 2484 miuus
424 2435 548 2498 cognita,
570 2433 635 2497 sed,
655 2438 686 2484 ut
698 2434 799 2484 Noster
847 2432 902 2496 1v,
916 2432 949 2485 10
966 2433 1122 2495 attulimus3
1140 2434 1269 2485 voculam
1284 2449 1320 2482 τε
1337 2430 1385 2483 noli

255 2504 356 2555 diserte
380 2504 480 2566 tradit,
509 2502 676 2570 Aegyptios,
707 2503 797 2553 minus
849 2502 962 2566 tollere,
982 2518 1063 2569 quam
1077 2505 1178 2555 Noster
1198 2505 1292 2570 posuit
1304 2503 1385 2552 minus
1451 2503 1459 2595 i

256 2580 330 2625 certe
342 2573 472 2626 adsuetos
486 2574 642 2625 huiusmodi
653 2573 797 2624 itineribus
847 2573 998 2638 respiciens
1011 2573 1044 2623 ad
1055 2575 1263 2639 grammaticam
1276 2577 1386 2626 structu·

255 2644 398 2695 maritimis
416 2645 559 2710 minusque
576 2645 680 2709 peritos
703 2650 798 2693 vento·
848 2658 922 2705 ram,
949 2658 1029 2708 quam
1052 2644 1087 2693 ad
1106 2645 1195 2710 ipsam
1219 2644 1385 2701 sententiam,

255 2729 315 2764 rum
328 2719 404 2766 certo
421 2720 543 2779 tempore
556 2715 678 2765 dantium
696 2729 729 2764 ae
742 2727 798 2762 ma·
849 2727 920 2777 quae
930 2711 984 2764 duo
993 2714 1142 2764 contincta
1152 2729 1217 2781 rege
1228 2714 1386 2779 exprobrata

256 2785 295 2835 ris
317 2786 447 2835 flnctuum
472 2784 674 2835 obsistentium.
715 2780 796 2833 Ocni.
848 2782 975 2846 Sataspir
995 2784 1123 2848 primum,
1142 2784 1215 2849 quod
1234 2799 1302 2835 vera
1319 2779 1384 2832 baud

257 2854 372 2905 Groote:
396 2855 513 2919 History
531 2853 561 2903 of
576 2854 676 2905 Graece
695 2852 746 2903 111.
771 2866 797 2916 ρ.
849 2850 961 2913 dixerit,
983 2851 1112 2916 alterurn,
1131 2853 1205 2919 quod
1222 2854 1383 2920 propositum

256 2923 322 2985 384,
345 2922 483 2974 Wbeeler:
500 2922 662 2989 Geography
674 2922 705 2973 oi
714 2922 799 2971 Hero
847 2919 968 2971 laborem
981 2921 1053 2972 haud
1066 2928 1213 2975 exsecutus
1224 2924 1270 2973 sit.
1289 2924 1383 2987 Inpro

256 2993 313 3042 dot.
327 3008 390 3057 pag.
401 2992 461 3054 344,
475 2992 585 3043 Innker.
598 2992 615 3042 l.
629 2992 646 3041 l.
661 3007 724 3057 ρος.
737 2990 797 3042 396.
848 2991 919 3040 xime
930 3006 1007 3057 seqq.
1020 2993 1121 3043 retinui
1131 2983 1282 3058 interranis,
1297 3008 1314 3042 s
1325 2991 1384 3042 Din-

257 3061 310 3110 Sed
324 3060 352 3110 id
362 3063 460 3126 ipsum,
474 3060 547 3126 qnod
558 3061 594 3111 ud
605 3063 691 3112 totins
704 3075 797 3111 narra·
847 3059 933 3111 dorfio
949 3066 1084 3112 mutatum
1104 3062 1133 3111 in
1150 3052 1313 3125 ἐπιτιμέων,
1340 3057 1383 3110 sed

256 3130 340 3180 tionis
356 3130 434 3181 fidem
448 3130 572 3180 nonnihil
588 3130 680 3182 iacere
698 3130 796 3196 possit,
846 3129 903 3179 vid.
915 3134 984 3180 nott.
1000 3131 1035 3181 ad
1046 3131 1104 3193 ΙΙΙ,
1117 3131 1161 3185 ²1.
1194 3131 1238 3182 Ad
1255 3129 1383 3197 signifiea-

256 3199 329 3263 qnod
343 3198 377 3249 de
391 3199 522 3263 Satsspe,
539 3199 584 3248 eni
598 3200 699 3249 diiiidit
715 3213 796 3251 exen—
846 3199 948 3249 tionem
960 3200 1036 3250 verbi
1046 3199 1118 3251 conf.
1131 3200 1251 3252 Thomas
1262 3200 1384 3267 Magister

257 3268 343 3329 santi,
367 3267 530 3332 supplicium
552 3269 621 3318 sumi
639 3269 719 3320 iussit
738 3284 796 3331 rex,
846 3283 906 3333 pag.
928 3268 980 3319 318
1003 3270 1046 3321 ed.
1073 3270 1220 3334 Bernard.,
1251 3273 1298 3336 qui
1320 3270 1382 3319 huuc

255 3335 359 3386 indicio
377 3353 437 3388 esse
450 3336 575 3399 videtur,
596 3336 671 3387 iilum
688 3353 796 3389 cursum
847 3340 935 3402 ipsum
947 3339 1082 3390 Herodoti
1096 3338 1186 3390 locum
1200 3340 1296 3403 affert,
1308 3335 1381 3403 expli·

257 3405 331 3456 eirea
344 3407 454 3458 Africae
470 3421 531 3457 ores
543 3410 598 3457 iam
611 3406 646 3458 ab
662 3407 724 3459 aliis
737 3424 797 3473 per·
847 3422 925 3457 cans:
946 3398 1076 3473 ἐπιτιμῶ·
1085 3408 1224 3475 τιμωρίαν
1232 3401 1380 3471 ἐπιτίθημι,

256 3480 349 3526 actum
362 3477 462 3541 fnisse,
478 3492 632 3543 regemque,
645 3478 707 3528 inde
719 3493 736 3527 a
748 3478 798 3528 Sa·
847 3477 894 3527 nbi
904 3476 983 3542 plura
992 3478 1144 3529 attulerunt
1154 3480 1327 3545 interpretem
1338 3489 1381 3525 sa·

256 3551 336 3611 taspe
349 3546 401 3597 Ιιοο
418 3545 476 3597 fieri
488 3547 610 3611 potuisse
624 3548 798 3609 arbitratum,
847 3546 885 3597 let
897 3547 980 3611 igitur
992 3565 1098 3612 ροειιοιιι
1108 3551 1244 3615 impare,
1257 3554 1380 3615 inponere.
1460 3562 1461 3581 ι

258 3631 290 3666 eo
302 3617 388 3681 magis
398 3615 438 3667 iiii
447 3617 547 3666 iratum
556 3617 650 3682 fuisse,
661 3616 734 3684 qnod
743 3632 799 3667 non
846 3615 915 3667 Inde
923 3608 957 3666 τά
966 3608 1099 3681 ἐπιτίμια,
1107 3635 1216 3682 poenae,
1224 3615 1379 3685 reppiia'asiss
1460 3586 1461 3635 ἀ

258 3691 400 3738 assecutus
408 3686 454 3749 sit,
463 3685 536 3752 quod
544 3685 606 3739 aliis
615 3688 798 3739 forsanantea
846 3684 987 3738 Plutarch.
1004 3686 1142 3738 Coriolan.
1155 3687 1198 3741 13.
1216 3683 1378 3741 Mesatis·
1459 3640 1462 3743 ἀ

257 3757 374 3808 cessisse
386 3757 488 3809 Xerxes
505 3755 640 3808 audieret.
671 3757 714 3808 cf.
727 3758 798 3808 iten·
847 3755 908 3807 coil.
920 3756 1068 3807 Blomtield.
1082 3756 1204 3809 Glossar.
1216 3759 1253 3810 ad
1264 3750 1379 3818 Aeschyli
1460 3750 1461 3767 ³

258 3825 312 3877 uei.
323 3826 342 3878 1.
354 3826 382 3892 1.,
393 3827 477 3878 Koes.
489 3825 508 3876 1.
521 3823 540 3877 Ι.
554 3841 618 3893 pag.
630 3826 673 3878 28.
683 3827 726 3877 29.
848 3824 875 3876 Β.
885 3841 911 3876 ο.
923 3825 975 3877 Th.
988 3825 1065 3878 1923.
1459 3772 1462 3931 Ι

292 3891 403 3961 Ξέρξης
419 3890 450 3945 dt
469 3884 723 3962 νόοῖ-ἀληθὲα]
740 3895 758 3945 i.
773 3911 798 3946 e.
883 3884 955 3943 όκόιν
972 3885 1159 3961 ἐπιλήθομαι]
1180 3896 1287 3947 Similes
1298 3887 1380 3946 Nostri
1460 3940 1461 3947 ,

258 3964 364 4015 Xerxes
384 3968 523 4029 inteliipcna
546 3981 568 4017 s.
584 3967 635 4017 sibi
650 3981 799 4031 ροτινοιιιιιι
848 3961 1003 4019 locutiones
1013 3965 1037 4029 1,
1048 3966 1140 4029 osu,
1151 3965 1210 4017 123.
1218 3966 1272 4029 ΙΙΙ,
1282 3960 1377 4016 telsi-
1460 3958 1461 4005 i

257 4032 364 4092 baben,
379 4050 431 4084 ειιιιι
444 4035 611 4100 (Satsspem)
628 4052 673 4087 nee
686 4053 747 4087 nera
759 4038 798 4087 di·
849 4034 929 4086 Comi.
953 4051 1005 4101 quo
1025 4051 1060 4087 us
1079 4034 1208 4102 Aeschyl.
1230 4037 1375 4102 Agamemm

257 4101 344 4161 τείνει,
362 4119 407 4151 nee
421 4109 576 4169 proposition
589 4106 738 4169 perfecisse.
766 4105 798 4155 In
849 4103 895 4155 38:
920 4094 957 4161 ὡς
976 4051 1047 4154 iaie
1065 4095 1118 4169 ἐγὼ
1134 4102 1280 4170 μαθοῦσιν
1301 4091 1375 4158 αόδὸι

257 4168 329 4219 Ιιιιιισ
340 4185 446 4235 qnoque
456 4188 565 4224 sensnm
578 4173 645 4224 haec
656 4173 741 4223 verba
753 4188 799 4224 ae-
847 4162 901 4223 κοά
910 4171 1038 4237 μαθοῦσι
1046 4168 1183 4241 λήθομαι,
1191 4170 1379 4227 ubisidBlon·

258 4238 313 4303 cipi
329 4238 416 4290 voluit
432 4257 449 4290 a
466 4242 512 4291 Cr.
526 4242 628 4293 citatus
640 4243 752 4296 Gesner.
770 4244 798 4293 in
848 4242 921 4295 field.
939 4244 967 4293 in
983 4242 1104 4296 Glossar.
1117 4271 1152 4281 —
1169 4239 1282 4308 κατέσχε
1299 4239 1374 4293 valet=

258 4308 334 4359 Diss.
352 4308 386 4359 de
403 4310 536 4375 navigatt.
556 4316 625 4362 extr.
646 4311 698 4364 eol.
715 4313 797 4365 Hero.
846 4316 942 4377 potitus
956 4323 1007 4375 est,
1031 4318 1183 4376 ιἰιιεινττιίί,
1203 4318 1236 4365 ut
1252 4313 1307 4374 ΙΙΙ,
1325 4305 1373 4358 143·

257 4378 290 4429 P.
308 4378 332 4430 Ι.
355 4382 380 4443 §-
401 4379 426 4431 o.
448 4396 512 4446 pag.
533 4381 795 4447 632οτρ1ι1οο.ετ1.
848 4383 911 4446 Vll,
928 4383 985 4435 164.
