3042 5125
489 392 694 457 THALIA.
712 395 772 455 ΠΙ.
791 406 833 460 95.
1174 399 1232 464 189

118 576 269 669 Εὐβοϊκὸν
288 581 562 674 συμβαλλόμενον
582 585 746 657 τάλαντον
770 597 898 677 γίνεται
917 591 1158 681 τεσσεράκοντα
1177 597 1234 664 καί

119 683 299 754 πεπωκόσιν
316 690 373 756 καὶ
393 694 612 778 εἰνακισχίλια
633 690 788 761 τάλαντα.
824 690 861 760 τὸ
877 692 913 761 δὲ
932 702 1071 782 χρυσίον
1085 720 1231 785 τρισκαι-

120 788 318 858 δεκαστάσιον
336 791 564 880 λογιζόμενον,
587 790 625 863 τὸ
646 798 760 884 ψῆγμα
781 790 968 883 εὑρίσκεται
986 794 1043 866 ἐὸν
1057 798 1235 890 Εὐβοϊκῶν

118 890 270 961 ταλάντων
288 889 482 981 ὀγδώκοντα
501 900 558 966 καὶ
574 900 754 980 ἑξακοσίων
774 901 830 968 καί
843 911 1123 988 τετρακισχιλίων.
1157 906 1232 975 τού-

117 1022 174 1063 των
196 986 241 1064 ολν
268 995 406 1067 πάντων
427 1003 681 1088 συντιθεμένων
708 999 745 1072 τὸ
770 1007 899 1092 πλῆθος
921 999 1071 1091 Εὐβοϊκὰ
1090 1007 1234 1079 τάλαντα

117 1103 293 1187 συνελέγετο
307 1104 342 1181 ἐς
359 1099 419 1170 τὸν
438 1105 587 1172 ἐπέτειον
600 1103 708 1192 φόρον
722 1114 858 1197 Δαρείῳ
873 1104 977 1194 μύρια
991 1111 1047 1177 καί
1061 1134 1232 1201 τετρακισ-

116 1210 190 1290 χίλια
207 1205 259 1272 καί
278 1204 481 1275 πεντακόσια
501 1209 556 1291 καὶ
570 1206 741 1297 ἑξήκοντα·
771 1207 807 1278 τὸ
829 1206 863 1277 ‹l'
880 1216 928 1278 ἔτι
945 1208 1074 1283 τούτων
1093 1223 1235 1285 ἔλασσον

116 1400 175 1467 (cap.
184 1402 212 1453 01
227 1403 288 1455 coll.
300 1422 364 1457 cum
373 1407 417 1470 11,
438 1409 489 1462 140
502 1407 586 1473 extr.)
599 1425 641 1461 re·
691 1411 799 1475 argenti
811 1411 942 1462 Euboica.
968 1412 1006 1462 Ac
1025 1414 1131 1463 verium
1149 1414 1235 1466 fuisse

117 1472 210 1536 dibnnt,
228 1473 411 1527 conficiuntur
426 1478 511 1531 13050
524 1480 639 1530 talenta.
692 1481 753 1530 euri
769 1480 805 1530 ad
824 1486 967 1547 argentum
979 1482 1113 1534 rationem
1125 1499 1174 1548 pro
1186 1486 1233 1535 mi·

117 1543 209 1607 ltaque,
224 1545 321 1596 nisiin
343 1561 454 1598 numero
474 1549 558 1601 14500
576 1548 639 1614 (sub
691 1552 751 1600 nori
764 1550 917 1601 velmniori
928 1552 1233 1605 eiusabundantismo-

116 1611 262 1663 tinemlruius
272 1614 478 1680 cap.)erretum
491 1618 585 1682 luerit,
599 1621 640 1668 in·
690 1624 737 1669 net
756 1620 920 1686 wesseling.
952 1621 998 1671 Ita
1018 1639 1045 1673 v.
1069 1638 1094 1673 c.
1108 1623 1234 1676 Platonis

117 1681 186 1746 telliqi
199 1698 246 1748 per
261 1690 320 1748 est,
343 1687 443 1737 autin
469 1690 639 1755 superiorum
691 1694 785 1739 aetate
805 1689 976 1754 duodecupla
1004 1691 1059 1742 fuit
1079 1691 1146 1756 (vid.
1167 1694 1234 1759 Hip·

118 1765 267 1803 numerorum
299 1756 511 1820 particularium
526 1770 533 1784 ·
547 1758 639 1825 aliquo
690 1759 785 1824 purch.
796 1775 822 1824 p.
833 1759 883 1809 231
900 1760 959 1823 D.),
973 1761 1120 1811 Menandri
1136 1765 1233 1813 comici

118 1821 165 1871 sire
175 1820 304 1888 aliquibus
319 1830 467 1890 peceatum
481 1828 577 1893 fuisse,
591 1833 640 1878 aut
691 1833 783 1879 aetate
798 1827 865 1892 (vid.
878 1828 974 1879 Pollux
987 1831 1035 1893 IX,
1049 1829 1094 1894 70)
1107 1831 1232 1898 decupla¹
1263 1834 1266 1839 ’

117 1890 158 1940 010
176 1891 218 1941 ills
233 1893 358 1957 talenta,
377 1895 446 1961 quae
462 1892 639 1963 complendae
690 1913 805 1963 eamque
817 1898 958 1963 vulgarem
971 1898 1136 1951 Graecorum
1151 1903 1234 1952 ratio·

117 1973 216 2012 suumne
231 1964 436 2031 motionesque,
458 1968 639 2034 adreliquam
690 1968 857 2019 neminisse
881 1968 1009 2018 observet
1032 1969 1152 2020 Boeolrh.
1174 1969 1193 2020 Ι.
1214 1971 1232 2021 l.

117 2044 226 2081 summum
264 2033 378 2086 ediecta
413 2052 473 2089 esse
508 2043 639 2104 tunquam
689 2053 752 2103 pag.
780 2036 843 2099 130,
865 2037 917 2087 hoc
946 2053 1052 2104 quoque
1076 2038 1233 2091 Herodoteo

117 2101 211 2163 pretium
222 2102 370 2168 frumenti,
387 2107 422 2157 ab
435 2108 580 2173 Aegyptiis
595 2124 639 2158 eo·
689 2108 750 2157 loco
760 2106 972 2171 restituendam,
989 2110 1014 2158 si
1025 2107 1170 2159 audiamus
1183 2110 1233 2160 Le·
1313 2122 1318 2132 ’

116 2184 209 2236 rumque
220 2172 344 2225 finitimis
363 2174 398 2225 ad
417 2177 517 2227 alenda
530 2181 639 2228 centum
688 2176 1232 2243 normant2Revuenumismatiqu01845.

117 2241 236 2306 otriginti
250 2242 394 2296 hominum
410 2245 485 2296 milis
499 2248 639 2298 conferen·
688 2262 752 2314 pag.
771 2247 802 2297 18
812 2261 881 2311 seq.;
901 2246 1077 2298 Constantini
1092 2254 1185 2299 aetate
1198 2249 1232 2298 ad

116 2308 150 2372 di,
165 2310 195 2360 de
211 2329 261 2379 quo
273 2330 338 2381 cap.
354 2315 418 2366 01.“
435 2344 468 2352 -
488 2316 582 2368 Gallus
598 2319 638 2367 in·
690 2316 900 2383 quindecuplam
912 2316 1066 2381 adscendit,
1078 2319 1128 2369 sub
1145 2318 1232 2369 Theo·

117 2382 202 2444 terpres
219 2383 287 2434 Miot
310 2384 487 2437 Herodoteos
509 2402 637 2438 numeros
689 2386 767 2437 dosio
801 2386 905 2437 iuniore
941 2387 975 2437 ad
1009 2388 1231 2454 octodecuplam3

116 2450 279 2516 eioexplicare
294 2455 405 2518 studet,
424 2456 520 2507 uthec
534 2471 639 2506 summe
689 2456 764 2522 apud
791 2457 929 2506 Romanoa
957 2458 1028 2508 iuter
1050 2458 1177 2509 Caesaris
1205 2463 1233 2510 et

117 2532 160 2568 non
176 2521 255 2574 solum
273 2524 450 2578 contineatur
468 2542 572 2579 summu
590 2526 639 2578 tri·
688 2525 855 2576 Diocletiani
875 2531 999 2592 tempora
1019 2526 1190 2595 duodecuple
1209 2544 1232 2581 s.

117 2587 230 2670 tutorum,
244 2609 316 2661 quse
330 2596 446 2662 singulis
459 2597 639 2662 praefecturis
688 2595 841 2662 undecupla
853 2596 907 2645 fuit
918 2601 945 2647 et
963 2598 1043 2662 paulo
1062 2604 1126 2649 aute
1145 2599 1232 2650 trede-

118 2664 225 2725 rnposita
238 2665 338 2730 luerit,
354 2665 402 2717 sed
416 2666 464 2716 elii
479 2682 588 2733 quoqne
598 2681 640 2717 re·
690 2665 780 2731 euple.
806 2664 904 2727 Qualis
916 2666 1003 2716 medio
1014 2683 1083 2718 aevo
1095 2668 1181 2718 fuerit
1191 2684 1232 2719 ra·

117 2726 188 2794 ditus,
203 2739 231 2784 nt
245 2750 271 2785 v.
285 2752 311 2786 ο.
338 2752 372 2786 ex
391 2736 499 2803 piscatu
520 2738 549 2786 in
566 2739 639 2788 Moe·
690 2737 743 2798 tio,
766 2750 838 2785 nunc
858 2736 1005 2794 mittimus;
1027 2739 1057 2787 in
1077 2739 1233 2802 praesentis

116 2798 163 2850 ride
171 2801 235 2855 lacu.
263 2804 319 2856 Sed
338 2805 411 2855 haud
428 2807 486 2858 seio
500 2821 536 2856 an
554 2808 639 2858 verba
690 2820 738 2871 per
751 2804 869 2854 Galliam
889 2805 1071 2870 quindeoupla
1089 2822 1148 2857 esse
1167 2807 1233 2857 dici·

117 2867 273 2925 adversentur
281 2874 421 2926 Herodoti
432 2877 639 2943 subsequentia:
689 2880 743 2925 tur.
763 2874 826 2923 Vid.
840 2888 919 2938 quem
932 2874 1003 2925 Miot
1014 2876 1083 2925 citet
1095 2876 1233 2927 Letronne

117 2929 222 3019 rdd’lrt
238 2935 349 2994 τούτων
359 2938 476 2995 ἔλασσον
492 2941 588 3004 ἀπιεὶς
605 2936 640 2995 οὗ

117 3007 179 3071 litt)-
203 3013 295 3080 Neque
314 3016 425 3065 omnino
445 3016 487 3066 his
510 3021 559 3066 aut
576 3016 639 3066 eliis

118 3077 231 3132 eiusmodi
244 3084 411 3135 coniecturis
425 3085 539 3152 pultum
551 3086 638 3136 lucra-

117 3145 190 3199 bimur
197 3153 229 3203 ed
239 3154 376 3204 Herodoti
385 3170 511 3208 numeros
522 3156 580 3206 sive
596 3171 640 3205 ex-

118 3214 238 3280 plicandos
253 3225 313 3275 sive
330 3224 367 3274 ad
380 3225 501 3276 ordinem
518 3226 641 3291 redigen·

119 3284 173 3350 dos,
187 3290 213 3340 in
227 3293 329 3358 quibus
346 3294 432 3345 multe
453 3295 566 3345 turbata
581 3310 641 3346 esse

118 3371 181 3409 nemo
189 3376 240 3412 non
248 3364 326 3414 videt
340 3364 398 3415 sive
406 3364 578 3415 librariorum
587 3363 643 3416 cul-

119 3428 147 3488 γλ
163 3428 187 3478 id
202 3430 303 3483 fectum
326 3434 364 3482 sit
382 3435 442 3485 sive
458 3435 542 3500 ipsius
556 3434 641 3486 Horo-

119 3493 166 3545 doti
177 3514 273 3563 errore,
292 3519 373 3569 quem
388 3506 416 3554 in
427 3504 470 3554 his
483 3505 601 3556 numeris
614 3507 641 3555 et

119 3563 272 3622 declarandis
289 3578 319 3624 et
339 3575 521 3640 supputandis
541 3590 572 3624 eo
586 3589 642 3624 mo—

120 3632 262 3717 delapsum
285 3659 347 3694 esse
367 3644 522 3709 credamus,
541 3659 594 3710 quo
612 3645 641 3693 in

119 3706 185 3756 simili
195 3714 396 3777 computatione
405 3715 442 3778 11,
457 3714 506 3765 142
518 3712 641 3779 (ubivid.

119 3777 187 3842 nott.)
196 3778 268 3831 illum
280 3798 298 3832 a
312 3800 377 3834 vero
387 3785 529 3835 aberrasse
547 3785 643 3835 existi-

120 3851 166 3894 unt
177 3848 291 3903 Boeelrh.
302 3853 463 3920 Metrologg.
475 3853 643 3905 Untersucb.

121 3915 183 3976 ult.
194 3918 285 3985 Neque
299 3922 381 3974 aliter
392 3924 448 3974 iere
460 3924 593 3975 statuisse
602 3924 644 3974 vi·

122 3981 162 4033 deo
172 3986 262 4040 Grote:
274 3992 389 4058 History
400 3994 431 4044 ol
441 3994 542 4046 Greece
551 3994 600 4044 IV.
615 4008 641 4057 p.

122 4047 170 4171 3¹3,
183 4057 318 4181 Whaqqlcr:
332 4063 495 4130 Geography
516 4064 547 4114 oi
557 4064 644 4113 Hero-

77 4131 82 4144 .
137 4138 204 4191 NJ.
268 4167 274 4181 ⁸

149 4185 175 4241 τὸ
184 4190 212 4244 δὲ
224 4198 338 4264 χρυσίον
349 4189 645 4266 τρισκαιδεκαστάσιον

123 4271 144 4309 l·
152 4278 172 4311 τ-
182 4264 215 4332 L]
228 4268 460 4335 Oomprrtationem
470 4272 572 4320 iustam
584 4284 645 4320 esse

124 4342 190 4388 fleme
206 4352 259 4389 non
277 4340 365 4401 videt;
388 4355 451 4390 nem
471 4339 523 4391 300
539 4339 645 4389 talenta

124 4411 290 4460 ramentorum
303 4412 361 4461 auri
373 4426 422 4475 pro
435 4411 542 4461 ratione
556 4408 645 4460 trede-

124 4472 194 4538 muts
212 4479 355 4531 conficiunt
372 4496 439 4531 seue
457 4480 527 4534 4080
539 4478 646 4531 talentu

690 2943 865 2996 Considerat.
896 2941 989 3009 gener.
1020 2960 1066 2994 sur
1089 2943 1180 2996 l'evel.
1206 2945 1232 2995 d.

690 3029 781 3065 monn.
793 3012 838 3064 Gr.
853 3018 881 3062 et
891 3014 998 3064 Romm.
1010 3013 1099 3080 (Paris
1111 3014 1189 3079 1817)
1205 3030 1233 3081 p.

692 3083 741 3135 103
756 3097 813 3148 seq.
826 3110 861 3119 -
875 3084 908 3133 In
921 3098 995 3149 seqq.
1007 3099 1057 3150 pro
1070 3079 1233 3150 συντιθεμὲ·

691 3168 748 3202 νων
760 3153 823 3203 Eltz
839 3154 952 3215 Quaest.
972 3154 1093 3206 Herodd.
1110 3156 1190 3204 Fasc.
1209 3156 1232 3204 1.

691 3239 717 3289 p.
732 3222 783 3274 130
795 3237 852 3290 seq.
872 3223 997 3288 (Jahrbb.
1019 3225 1039 3276 f.
1051 3224 1186 3290 Philolog.
1205 3241 1232 3275 n.

690 3292 810 3357 Paedag.
837 3294 975 3412 supplem.
1005 3295 1037 3344 Τ.
1066 3293 1118 3357 IX)
1150 3295 1233 3345 scribi

691 3362 751 3413 vult
764 3361 868 3412 σνντιθ
882 3376 977 3428 μενον,
985 3378 1147 3428 comparans
1159 3364 1233 3414 locos

692 3431 862 3482 Herodoteos
876 3433 940 3498 v11,
956 3431 1017 3484 184.
1028 3434 1077 3497 IV,
1091 3432 1134 3484 50.
1152 3434 1234 3499 Equi·

692 3501 752 3552 dem
764 3500 904 3567 vulgatam
917 3505 1035 3553 retinere
1047 3503 1143 3566 malui,
1156 3503 1233 3553 item·

694 3586 744 3637 que
756 3571 854 3638 reliqui
869 3565 1007 3636 ἐπέτειον,
1021 3577 1052 3623 nt
1066 3574 1120 3636 III,
1132 3572 1177 3636 80,
1188 3573 1235 3623 ubi

690 3645 806 3692 rocentt.
819 3642 881 3693 edd.
892 3632 1012 3691 ἐτέτεον.

727 3702 757 3759 τὸ
774 3701 804 3759 δ’
824 3704 864 3760 ἔτι
880 3701 985 3760 τούτων
1005 3705 1122 3760 ἔλασσον
1139 3700 1235 3766 ἀπιεὶς

692 3770 727 3830 οὖ
738 3774 819 3846 λέγω]
839 3789 887 3841 „ut
906 3784 1024 3832 minorem
1040 3796 1165 3831 nummum
1181 3783 1235 3830 mit-

691 3859 750 3910 tam,
764 3853 882 3917 quidone
897 3868 1012 3901 rumenam
1028 3851 1161 3900 excedit.“
1190 3848 1235 3898 lta

692 3919 856 3985 Schweigb.,
869 3936 918 3971 neo
930 3920 1011 3970 aliter
1021 3916 1236 3984 uterqueGallus

692 3991 837 4055 interpres.
863 3992 899 4039 Et
916 3994 990 4040 reete
1010 3989 1045 4039 ud
1065 4003 1189 4052 sensum,
1212 3988 1236 4038 si

694 4058 758 4126 quid
782 4060 875 4122 video,
902 4074 962 4110 cum
981 4057 1117 4109 Herodoti
1142 4074 1174 4108 ee
1199 4059 1237 4108 sit

694 4145 784 4193 meus,
795 4133 836 4192 nt,
848 4145 919 4195 quue
933 4133 1042 4194 praeter
1051 4128 1120 4178 haec
1131 4129 1236 4188 tributa

694 4204 778 4250 antea
807 4204 1019 4251 commemorate
1048 4213 1170 4249 summae
1193 4198 1236 4247 his

694 4269 763 4334 ipsis
781 4268 891 4319 tributis
914 4269 1059 4320 inferiores
1078 4269 1107 4317 iu
1130 4270 1237 4333 regium

696 4339 829 4389 aerarium
848 4339 1009 4401 deveniant,
1028 4354 1076 4389 ens
1091 4353 1121 4389 se
1136 4338 1181 4388 hio
1200 4338 1237 4387 si·

693 4408 779 4459 lentio
791 4411 1012 4474 praetermittere
1024 4409 1107 4459 dicat.
1135 4407 1237 4457 Huius-

695 4479 769 4530 modi
797 4478 901 4529 minom
927 4479 1061 4545 quaedem
1089 4475 1238 4542 vectigalis
