3042 5125
250 373 311 433 100
683 368 952 433 HERODOTI

248 562 476 634 ὀκτωκαίδεκα
496 569 571 631 ἔτεα
591 558 747 651 γεγονός.
782 558 921 639 τούτους
939 554 958 628 δ
974 554 1195 648 μητροπάτωρ
1209 559 1389 647 Προκλέης,

250 665 315 737 dciv
331 663 533 754 Ἐπιδαύρου
553 664 735 755 τύραννος,
756 661 1055 753 μεταπεμψάμενος
1072 658 1155 752 παρ’
1172 658 1301 731 ἑωυτόν
1320 664 1389 748 ἐφι-

250 771 468 859 λοφρονέετο,
490 764 533 848 ὡς
548 767 638 848 οἰκός
651 759 710 856 ἦν,
730 765 901 857 θυγατρός
921 766 1036 846 ἐόντας
1050 771 1108 855 τῆς
1122 768 1251 835 ἑωυτοῦ
1264 769 1390 844 παῖδας.

251 877 326 943 ἐπεί
341 900 377 940 τε
398 876 438 941 δέ
455 892 561 961 σφεας
574 868 805 961 ἀπεπέμπετο,
827 871 899 941 εἷπε
920 872 1127 959 προπέμπων
1145 867 1287 949 αὐτούς·
1315 859 1391 956 'Apu

251 987 337 1060 ἴστε,
366 966 393 1044 τό
416 980 552 1060 παῖδες,
579 972 615 1055 ός
637 970 751 1064 ὑμέων
770 973 832 1064 τὴν
850 976 974 1064 μητέρα
995 971 1188 1052 ἀπέκτεινες
1229 976 1333 1041 Τοῦτο
1358 968 1391 1039 τό

252 1075 360 1159 ἔποςό
376 1079 438 1167 μὲν
452 1077 677 1168 πρεσβύτερος
690 1075 803 1147 αὐτῶν
817 1083 855 1148 έν
869 1074 986 1148 οὐδενὶ
999 1075 1087 1168 λόγῳ
1102 1075 1296 1166 ἐποιήσατο·
1327 1068 1344 1144 δ
1358 1075 1391 1143 δέ

252 1182 432 1269 νεώτερος,
464 1186 512 1274 τῷ
531 1179 660 1271 οὕνομα
683 1173 724 1269 ἦν
743 1181 956 1270 Λυκόφρων,
985 1178 1108 1269 ἤλγησε
1130 1178 1279 1260 ἀκούσας
1298 1176 1391 1262 οὕτω,

253 1283 337 1354 ὥστε
355 1282 555 1374 ἀπικόμενος
575 1288 607 1365 ές
628 1282 689 1372 τὴν
712 1285 888 1374 Κόρινθον
909 1282 967 1354 ἅτε
987 1286 1094 1372 φονέα
1118 1289 1175 1372 τῆς
1195 1280 1318 1374 μητρός
1338 1279 1391 1350 τόν

253 1391 379 1477 πατέρα
393 1386 470 1456 οὔτε
485 1405 663 1476 προσεῖπε,
680 1391 905 1481 διαλεγομένῳ
919 1415 954 1456 τε
968 1384 1009 1458 οὐ
1020 1391 1296 1477 προσδιελέγετο,
1311 1391 1390 1454 Ιστο-

253 1496 367 1581 ρέοντί
378 1519 412 1559 τε
427 1490 529 1579 λόγον
541 1487 666 1560 οόδένα
685 1495 809 1562 ἐδίδου.
838 1495 930 1571 τέλος
944 1494 985 1561 δέ
1000 1519 1059 1580 μιν
1075 1494 1152 1579 περὶ
1165 1496 1271 1584 θυμῷ
1285 1487 1388 1578 ἐχόμε-

253 1660 417 1724 saphonem,
434 1659 479 1723 qui
492 1658 664 1724 tyrannidem
681 1659 800 1724 parabat
850 1660 924 1723 pium
941 1658 1083 1725 vulgatam
1097 1648 1137 1708 οό
1153 1659 1311 1710 revocavit:
1330 1672 1390 1707 eun-

253 1730 327 1794 apud
340 1729 490 1793 periocoos,
502 1730 620 1792 θοτγιαα,
635 1732 682 1794 qni
692 1747 706 1781 c
718 1745 799 1780 curru
850 1730 964 1793 demque
980 1730 1064 1780 etiam
1087 1729 1167 1781 editt.
1189 1733 1303 1781 recontt
1322 1731 1390 1778 recte

253 1796 381 1849 decidens
394 1799 527 1849 cervicem
541 1797 638 1863 fregit,
658 1802 798 1858 λίἐολοιιια,
851 1799 938 1849 secuti
968 1803 1050 1862 sunt,
1082 1814 1144 1849 curn
1171 1798 1273 1850 vocula
1302 1788 1334 1847 οό
1358 1795 1389 1847 ad

253 1868 372 1918 omnium
389 1868 650 1930 moderatissimum,
669 1885 686 1919 a
700 1869 799 1933 Coroy·
851 1870 942 1933 ipsum
958 1869 1070 1920 verbum
1084 1862 1299 1932 προσδιελέγετο
1313 1866 1389 1933 perti·

254 1940 327 1989 raeis
340 1945 483 2003 necatum,
499 1939 546 2003 qui
557 1938 700 1988 Periandri
712 1938 801 1990 consi·
851 1943 944 2015 neat&
954 1938 1077 1988 iunctum
1094 1938 1320 1989 antecedentibus
1336 1952 1390 1987 ser-

252 2009 317 2058 linm
332 2008 540 2069 intellexerant,
555 2023 609 2072 quo
625 2007 683 2073 ipse
696 2008 724 2057 in
735 2009 800 2058 Cur·
851 2007 894 2057 bis
907 2021 971 2058 ovte
989 2010 1125 2074 προσεῖπε
1142 2024 1192 2074 per
1209 2009 1298 2074 ipsam
1314 2021 1389 2057 socu-

253 2094 345 2143 cyrsm
364 2078 441 2129 abire
460 2084 488 2127 et
506 2077 620 2129 Nicolao
639 2077 800 2128 Corinthum
850 2076 904 2127 lam
915 2092 943 2126 τε
944 2095 957 2154 3
976 2078 1010 2129 de
1025 2094 1081 2144 qna
1095 2082 1237 2129 structura
1249 2076 1389 2144 particula-

253 2148 362 2197 tradcre
375 2148 566 2199 constituerat.
851 2162 909 2197 rum
923 2161 985 2197 ουτε
995 2163 1066 2198 -τε
1081 2148 1153 2199 conl.
1168 2149 1274 2200 Herod.
1286 2147 1336 2212 ΙΙΙ,
1349 2145 1388 2197 31.

290 2210 444 2281 Προκλέης]
468 2217 571 2282 Scripsi
588 2209 732 2280 Προκλέης
751 2231 799 2279 pro
852 2217 900 2278 VI,
917 2218 927 2267 l
944 2216 1035 2284 ibique
1048 2222 1117 2273 nott.
1135 2217 1333 2284 Wesselingius
1345 2230 1388 2281 pro

253 2284 328 2349 vulg.
353 2284 499 2348 Προκλῆς,
523 2291 648 2336 monente
671 2285 797 2335 Diudori.
850 2276 885 2334 οὐ
906 2286 1020 2339 dederat
1042 2276 1124 2351 οὔτε,
1149 2289 1225 2353 quod
1247 2303 1314 2339 saue
1332 2285 1389 2336 Flo-

254 2354 379 2418 Prolegg.
397 2370 425 2418 p.
441 2354 490 2403 XV
510 2360 539 2404 et
557 2355 672 2405 Bredov.
692 2370 718 2419 p.
736 2354 795 2405 258.
850 2357 974 2406 rentinus
990 2358 1060 2409 liber
1074 2374 1134 2408 cum
1152 2359 1315 2423 quibusdam
1332 2355 1389 2406 allis

254 2426 331 2474 Unus
344 2423 411 2472 liber
427 2421 609 2487 Πατροκλῆς,
629 2438 698 2488 qnae
717 2424 799 2474 lectio
850 2426 976 2491 praehet,
998 2443 1015 2479 a
1039 2433 1133 2478 nostro
1153 2426 1217 2479 loco
1234 2426 1314 2479 valde
1332 2424 1389 2476 alie·

255 2508 287 2542 ex
306 2491 379 2542 linea
400 2492 554 2543 nominibus
573 2493 691 2557 propriis
707 2509 800 2559 strper—
850 2511 927 2546 unm:
946 2501 1070 2549 attamen
1085 2499 1191 2562 recepit
1210 2496 1387 2554 Gaisiordiua;

254 2561 339 2613 scribi
357 2561 440 2612 solita
460 2566 521 2612 orta
540 2560 658 2614 videtur.
708 2566 799 2626 Quare
851 2554 1387 2626 obstexhibueruutRaia.ctMatthiae,

255 2634 283 2682 ln
294 2633 412 2683 Pausan.
425 2633 461 2693 11,
474 2632 516 2683 28.
531 2636 555 2696 §-
569 2634 585 2683 3
599 2632 714 2683 Sicbelis
727 2650 799 2685 nnuc
851 2637 923 2700 quod
935 2636 962 2686 in
976 2638 1084 2703 scriptis
1101 2636 1178 2689 libris
1198 2643 1273 2691 certe
1289 2653 1340 2688 non
1351 2651 1388 2686 rc

254 2706 328 2752 rcote
346 2701 469 2752 exhibuit
483 2698 643 2766 sipontinus·
661 2702 721 2754 loco
740 2704 799 2754 vul·
850 2708 961 2770 peritur.
973 2734 1008 2744 —
1023 2709 1065 2759 nd
1078 2709 1176 2760 verba:
1196 2702 1281 2774 λόγον
1291 2697 1386 2756 οόδένα

253 2778 334 2837 gatae
346 2766 550 2836 Πατροκλέους.
575 2773 617 2823 De
627 2771 800 2824 librariorum
852 2769 949 2825 ἐδίδου
964 2777 999 2827 cl.
1014 2777 1067 2840 ΙΙΙ,
1081 2780 1124 2829 lo.

254 2844 308 2893 isto
319 2857 407 2892 errore
418 2847 526 2908 praeter
535 2842 696 2908 wesseling.
709 2843 799 2908 plnres
886 2841 951 2910 περὶ
970 2844 1057 2914 θυμῷ
1074 2837 1220 2914 ἐχόμενος]
1241 2849 1260 2899 i.
1280 2863 1304 2899 e.
1320 2844 1386 2896 ualde

254 2918 432 2974 monuerunt,
456 2928 524 2977 quos
543 2911 637 2963 laudat
653 2914 740 2964 Marx.
764 2914 800 2964 ad
849 2920 931 2966 ι’ναλιιε
940 2919 1029 2967 unm.
1048 2915 1152 2982 Scripsi
1161 2917 1202 2968 ita
1212 2934 1273 2969 cum
1282 2916 1386 2968 receuti.

253 2982 357 3047 Ephori
376 2983 500 3047 lragmrn.
521 2997 583 3047 pag.
605 2984 654 3034 ll0
666 2988 722 3031 not.
758 2985 799 3034 De
850 2985 910 3037 edd.
924 3001 972 3051 pro
987 2979 1065 3049 πέρι
1079 2983 1164 3054 θυμῷ
1174 2978 1224 3053 ἐχ,
1238 2986 1386 3054 qnodll'es·

254 3054 314 3115 ipso
326 3051 419 3101 Proclc
429 3050 502 3102 coni.
515 3051 653 3102 Plutarch.
662 3053 696 3103 ll.
708 3068 735 3118 p.
746 3055 798 3103 403
849 3054 947 3121 seliug.
966 3059 1120 3107 mutaverat
1136 3060 1165 3106 in
1182 3045 1385 3120 περιθύμως

254 3126 282 3169 et
295 3120 325 3168 C.
339 3120 371 3170 Ο.
386 3120 507 3171 Mueller.
525 3121 553 3170 in
568 3122 703 3186 ⁴leginett.
723 3138 749 3186 p.
763 3123 797 3174 6-1
849 3116 995 3190 έχόμενος,
1020 3126 1109 3177 citans
1127 3126 1255 3193 Aeschyl.
1274 3120 1384 3187 Cho‘eph.

254 3205 325 3253 seq,
347 3189 390 3239 cui
409 3190 519 3252 tyranni
539 3189 706 3253 dominatio,
727 3207 798 3256 quae
849 3195 1109 3257 38.Her0d.11‚1o‘2
1122 3187 1382 3261 (περιδόμωςέχωτ,

255 3261 338 3308 etiam
359 3258 509 3322 Aeginetae
532 3260 663 3324 Epidauri
686 3260 798 3312 colonos
849 3266 922 3330 quod
934 3270 1026 3315 tamen
1040 3265 1093 3316 huo
1104 3266 1192 3316 minus
1206 3266 1339 3333 pertinere
1350 3261 1384 3310 vl·

254 3327 324 3378 male
342 3326 454 3391 habuit,
479 3328 514 3378 ad
532 3330 573 3378 01.
589 3330 611 3379 L
633 3330 714 3381 serure
734 3348 798 3381 con·

849 3335 943 3397 datm,
965 3341 997 3385 ut
1013 3340 1087 3386 recte
1105 3341 1197 3388 monet
1215 3330 1382 3397 Schweighl·

253 3398 362 3448 tinuata
373 3413 433 3447 esse
445 3397 567 3460 videtum
586 3398 640 3451 vid.
656 3400 712 3449 ibid
733 3417 788 3466 pag

849 3405 861 3454 1
887 3404 932 3456 141
947 3404 1005 3470 (ubi
1014 3410 1056 3456 est
1069 3396 1139 3473 ὀργῇ
1151 3397 1302 3472 ἐχόμενος).
1317 3401 1382 3453 Elts.

253 3466 296 3518 66.
310 3493 344 3503 -
357 3466 389 3516 lu
402 3481 477 3531 seqq.
494 3482 543 3532 pro
556 3468 630 3532 vulg.
644 3461 719 3527 εἰκός
732 3474 797 3521 seri-

253 3537 294 3602 psi
308 3526 394 3599 οἰκός,
408 3540 440 3613 nt
451 3537 504 3597 Ill,
520 3536 562 3587 38.
585 3539 668 3589 Plura
680 3540 796 3591 Bredas.

254 3623 281 3670 p.
295 3606 354 3656 195.
369 3632 401 3640 —
419 3600 599 3671 anticipasse
619 3611 646 3659 in
660 3626 734 3676 seqq.
749 3628 798 3661 va·

254 3675 307 3726 let:
319 3691 457 3733 ,πειτα-ιι
467 3692 496 3727 se
506 3678 667 3737 dinuueret,“
680 3682 721 3730 uti
732 3698 795 3746 cap.

253 3747 295 3809 52,
308 3744 356 3794 nbi
372 3743 483 3795 additur
499 3735 528 3806 ἐξ
542 3736 719 3815 ὀφθαλμῶν,
739 3752 795 3803 vid.

253 3813 388 3865 linchner.
405 3815 451 3866 Gr.
465 3814 511 3865 Gr.
527 3820 550 3880 ξ.
569 3817 629 3882 396,
640 3834 665 3883 γ.
684 3826 712 3871 et
724 3826 794 3873 nott.

252 3885 287 3935 ad
298 3884 430 3935 Herodot.
444 3887 472 3946 I,
485 3884 528 3937 33.

292 3944 322 4002 ἐν
340 3944 437 4004 οὐδενὶ
458 3945 529 4022 λόγῳ
548 3944 708 4023 ἐποιήσατο]
734 3960 751 4008 i.
770 3975 794 4010 e.

251 4027 318 4074 αιιλλο
336 4028 391 4075 loco
407 4025 504 4085 lubuit,
527 4043 577 4077 non
594 4031 719 4091 respesit.
751 4030 794 4079 Tu

251 4091 325 4142 cons.
338 4093 371 4142 de
388 4091 527 4145 locutione
539 4094 570 4155 1,
585 4096 644 4148 loo.
660 4096 716 4157 ΙΙΙ,
733 4099 794 4163 120,

250 4159 297 4210 ubi
306 4159 408 4210 similia
418 4164 550 4226 quaedam
560 4165 653 4230 attigit
662 4166 793 4219 Valcken.

251 4229 305 4291 ΙΙΙ,
321 4229 379 4279 125.
396 4230 459 4294 VII,
471 4233 531 4283 222.
549 4233 590 4282 14.
604 4236 646 4284 57.

285 4292 471 4367 διαλεγομένῳ
483 4316 511 4351 τε
524 4291 559 4352 οό
570 4299 791 4373 προσδιελέγετο]

249 4366 294 4416 Ita
316 4368 388 4419 edidi
405 4368 693 4438 Schweighaeuserum
715 4392 794 4429 secu·

847 3474 875 3522 iu
887 3475 1000 3536 Quaest.
1014 3476 1159 3526 Herodott.
1173 3493 1200 3542 p.
1220 3477 1253 3529 16
1264 3470 1382 3541 (Jahrbb.

848 3543 868 3593 1.
883 3542 980 3595 Philol.
1001 3560 1028 3595 u.
1046 3546 1166 3612 Paedag.
1185 3544 1279 3613 Suppl.
1293 3544 1340 3594 IX·
1356 3555 1381 3604 P·

852 3611 911 3677 126)
932 3613 965 3664 δε
982 3614 1109 3666 hocloco
1127 3616 1270 3682 disputans
1291 3607 1380 3675 περί·

848 3681 984 3748 δυμος
1009 3675 1141 3750 έχόμενος
1167 3688 1250 3738 scribi
1277 3679 1380 3735 mavult

847 3752 916 3802 Mihi
928 3755 1016 3820 magis
1030 3755 1082 3806 huc
1094 3757 1185 3807 facere
1198 3757 1322 3808 videatur
1331 3750 1381 3802 Ho-

847 3823 962 3883 merica,
987 3840 1057 3890 quae
1071 3826 1172 3877 Noster
1192 3828 1312 3877 imitatus
1330 3824 1379 3872 ast:

847 3892 890 3942 lli.
904 3893 997 3955 XXII,
1010 3895 1058 3945 70:
1078 3886 1245 3955 ἀλύσσοντες
1256 3889 1319 3957 περὶ
1330 3890 1379 3941 θν-

845 3958 897 4029 pp.
917 3963 1016 4026 XXIV,
1031 3963 1095 4015 tao:
1115 3961 1179 4029 περὶ
1192 3957 1221 4015 δ’
1235 3953 1318 4032 ἤθελε
1330 3959 1378 4009 δα

845 4028 897 4098 pp.
935 4034 992 4083 Neo
1010 4034 1090 4085 aliter
1108 4031 1173 4100 περὶ
1189 4034 1255 4102 κῆρι
1273 4028 1378 4087 0d.V1‚

847 4100 905 4151 158.
920 4101 965 4153 Ili.
978 4103 1057 4167 XIll,
1071 4104 1130 4157 119.
1140 4105 1198 4157 206.
1212 4104 1276 4166 430,
1291 4101 1342 4152 slis
1353 4096 1377 4147 id

845 4186 940 4235 genus,
951 4173 985 4222 de
995 4174 1093 4239 quibua
1103 4176 1256 4241 disputavit
1262 4166 1376 4225 Nitasch.

845 4240 880 4290 ad
889 4242 1000 4293 Homeri
1012 4242 1112 4309 Odyss.
1123 4246 1158 4309 V,
1168 4246 1212 4299 36.
1225 4260 1284 4311 pag.
1295 4242 1311 4293 8
1323 4252 1375 4301 sqq.

845 4310 964 4377 itemque
977 4313 1124 4381 Goettliug.
1138 4317 1174 4367 nd
1182 4313 1294 4367 Hesiodi
1305 4310 1375 4387 Scut-

846 4380 892 4442 12,
914 4382 959 4447 qui
980 4385 1052 4448 quod
1072 4385 1098 4434 in
1116 4384 1159 4438 his
1179 4383 1300 4437 formulis
1316 4390 1374 4440 sapt

249 4440 310 4503 tus,
335 4438 382 4502 qui
398 4436 544 4493 lectionem
566 4448 631 4495 ante
646 4445 794 4498 Wesselin·
843 4450 966 4502 scribunt
992 4453 1073 4519 idque
1094 4471 1142 4520 pro
1160 4451 1296 4522 septussis
1312 4446 1375 4500 ⁸⁰⁰¹·
