<?xml version="1.0" encoding="UTF-8"?>
<!DOCTYPE html PUBLIC "-//W3C//DTD XHTML 1.0 Transitional//EN"
    "http://www.w3.org/TR/xhtml1/DTD/xhtml1-transitional.dtd">
<html xmlns="http://www.w3.org/1999/xhtml" xml:lang="en" lang="en">
 <head>
  <title>
</title>
<meta http-equiv="Content-Type" content="text/html;charset=utf-8" />
  <meta name='ocr-system' content='tesseract 3.04.00' />
  <meta name='ocr-capabilities' content='ocr_page ocr_carea ocr_par ocr_line ocrx_word'/>
</head>
<body>
  <div class='ocr_page' id='page_1' title='image "./herodotihalicar00unkngoog/herodotihalicar00unkngoog_0198.png"; bbox 0 0 3042 5125; ppageno 0'>
   <div class='ocr_carea' id='block_1_1' title="bbox 218 366 278 431">
    <p class='ocr_par' dir='ltr' id='par_1_1' title="bbox 218 366 278 431">
     <span class='ocr_line' id='line_1_1' title="bbox 218 366 278 431; baseline 0 0"><span class='ocrx_word' id='word_1_1' title='bbox 218 366 278 431; x_wconf 83' lang='grc'>182</span> 
     </span>
    </p>
   </div>
   <div class='ocr_carea' id='block_1_2' title="bbox 649 362 917 425">
    <p class='ocr_par' dir='ltr' id='par_1_2' title="bbox 649 362 917 425">
     <span class='ocr_line' id='line_1_2' title="bbox 649 362 917 425; baseline -0.015 0"><span class='ocrx_word' id='word_1_2' title='bbox 649 362 917 425; x_wconf 80' lang='lat' dir='ltr'><strong>HERODOTI</strong></span> 
     </span>
    </p>
   </div>
   <div class='ocr_carea' id='block_1_3' title="bbox 168 548 1361 846">
    <p class='ocr_par' dir='ltr' id='par_1_3' title="bbox 168 548 1361 846">
     <span class='ocr_line' id='line_1_3' title="bbox 168 548 1357 645; baseline -0.009 -17"><span class='ocrx_word' id='word_1_3' title='bbox 168 556 295 628; x_wconf 75' lang='lat' dir='ltr'>93’Aud</span> <span class='ocrx_word' id='word_1_4' title='bbox 322 561 515 645; x_wconf 73' lang='grc' dir='ltr'><strong><em>Πακτυϊκῆς</em></strong></span> <span class='ocrx_word' id='word_1_5' title='bbox 543 555 580 625; x_wconf 78' lang='lat' dir='ltr'>dl</span> <span class='ocrx_word' id='word_1_6' title='bbox 607 556 662 624; x_wconf 77' lang='grc' dir='ltr'>καὶ</span> <span class='ocrx_word' id='word_1_7' title='bbox 692 552 875 642; x_wconf 75' lang='grc' dir='ltr'>Ἀρμενίων</span> <span class='ocrx_word' id='word_1_8' title='bbox 904 548 960 616; x_wconf 76' lang='grc' dir='ltr'>καὶ</span> <span class='ocrx_word' id='word_1_9' title='bbox 987 551 1055 615; x_wconf 76' lang='grc' dir='ltr'><strong><em>τῶν</em></strong></span> <span class='ocrx_word' id='word_1_10' title='bbox 1085 550 1277 636; x_wconf 72' lang='grc' dir='ltr'><strong><em>προσεχέων</em></strong></span> <span class='ocrx_word' id='word_1_11' title='bbox 1300 549 1357 636; x_wconf 81' lang='grc' dir='ltr'>μέ-</span> 
     </span>
     <span class='ocr_line' id='line_1_4' title="bbox 218 648 1355 751; baseline -0.013 -20"><span class='ocrx_word' id='word_1_12' title='bbox 218 690 272 751; x_wconf 82' lang='grc' dir='ltr'>χρι</span> <span class='ocrx_word' id='word_1_13' title='bbox 292 665 353 731; x_wconf 78' lang='grc' dir='ltr'>τοῦ</span> <span class='ocrx_word' id='word_1_14' title='bbox 366 659 491 730; x_wconf 78' lang='grc' dir='ltr'><strong><em>πόντου</em></strong></span> <span class='ocrx_word' id='word_1_15' title='bbox 509 662 570 729; x_wconf 78' lang='grc' dir='ltr'>τοῦ</span> <span class='ocrx_word' id='word_1_16' title='bbox 584 654 748 741; x_wconf 75' lang='grc' dir='ltr'><strong><em>Εὐξείνου</em></strong></span> <span class='ocrx_word' id='word_1_17' title='bbox 766 651 962 743; x_wconf 75' lang='grc' dir='ltr'><strong><em>τετρακόσια</em></strong></span> <span class='ocrx_word' id='word_1_18' title='bbox 980 648 1140 720; x_wconf 67' lang='grc' dir='ltr'><strong><em>τάλαντα·</em></strong></span> <span class='ocrx_word' id='word_1_19' title='bbox 1170 648 1271 740; x_wconf 83' lang='grc' dir='ltr'><strong><em>νομὸς</em></strong></span> <span class='ocrx_word' id='word_1_20' title='bbox 1288 660 1355 738; x_wconf 83' lang='grc' dir='ltr'><strong><em>τρί-</em></strong></span> 
     </span>
     <span class='ocr_line' id='line_1_5' title="bbox 219 753 1361 846; baseline -0.011 -11"><span class='ocrx_word' id='word_1_21' title='bbox 219 794 274 846; x_wconf 85' lang='grc' dir='ltr'>τος</span> <span class='ocrx_word' id='word_1_22' title='bbox 301 766 357 834; x_wconf 77' lang='grc' dir='ltr'>καὶ</span> <span class='ocrx_word' id='word_1_23' title='bbox 383 767 520 844; x_wconf 77' lang='grc' dir='ltr'><strong><em>δέκατος</em></strong></span> <span class='ocrx_word' id='word_1_24' title='bbox 542 753 649 843; x_wconf 74' lang='grc' dir='ltr'><strong><em>οὗτος.</em></strong></span> <span class='ocrx_word' id='word_1_25' title='bbox 694 757 759 831; x_wconf 74' lang='grc' dir='ltr'>ἀπὸ</span> <span class='ocrx_word' id='word_1_26' title='bbox 789 760 825 830; x_wconf 76' lang='lat' dir='ltr'>dl</span> <span class='ocrx_word' id='word_1_27' title='bbox 845 761 1047 843; x_wconf 71' lang='grc' dir='ltr'><strong><em>Σαγαρτίων</em></strong></span> <span class='ocrx_word' id='word_1_28' title='bbox 1076 756 1131 823; x_wconf 75' lang='grc' dir='ltr'>καὶ</span> <span class='ocrx_word' id='word_1_29' title='bbox 1151 758 1361 843; x_wconf 78' lang='grc' dir='ltr'><strong><em>Σαραγγέων</em></strong></span> 
     </span>
    </p>
   </div>
   <div class='ocr_carea' id='block_1_4' title="bbox 221 950 765 1029">
    <p class='ocr_par' dir='ltr' id='par_1_4' title="bbox 221 950 765 1029">
     <span class='ocr_line' id='line_1_6' title="bbox 221 950 765 1029; baseline -0.006 -15"><span class='ocrx_word' id='word_1_30' title='bbox 221 950 324 1015; x_wconf 81' lang='lat' dir='ltr'>tionem</span> <span class='ocrx_word' id='word_1_31' title='bbox 336 966 387 1015; x_wconf 89' lang='lat' dir='ltr'>aut</span> <span class='ocrx_word' id='word_1_32' title='bbox 397 962 510 1029; x_wconf 87' lang='lat' dir='ltr'>publica</span> <span class='ocrx_word' id='word_1_33' title='bbox 527 962 692 1013; x_wconf 89' lang='lat' dir='ltr'>documenta</span> <span class='ocrx_word' id='word_1_34' title='bbox 705 960 765 1012; x_wconf 80' lang='lat' dir='ltr'>iue-</span> 
     </span>
    </p>
   </div>
   <div class='ocr_carea' id='block_1_5' title="bbox 117 1031 393 1087">
    <p class='ocr_par' dir='ltr' id='par_1_5' title="bbox 117 1031 393 1087">
     <span class='ocr_line' id='line_1_7' title="bbox 117 1031 393 1087; baseline -0.011 -1"><span class='ocrx_word' id='word_1_35' title='bbox 117 1031 120 1035; x_wconf 81' lang='grc'><strong>’</strong></span> <span class='ocrx_word' id='word_1_36' title='bbox 220 1036 258 1086; x_wconf 88' lang='lat' dir='ltr'>rit</span> <span class='ocrx_word' id='word_1_37' title='bbox 272 1038 393 1087; x_wconf 88' lang='lat' dir='ltr'>secutus.</span> 
     </span>
    </p>
   </div>
   <div class='ocr_carea' id='block_1_6' title="bbox 400 1203 585 1255">
    <p class='ocr_par' dir='ltr' id='par_1_6' title="bbox 400 1203 585 1255">
     <span class='ocr_line' id='line_1_8' title="bbox 400 1203 585 1255; baseline 0.005 -1"><span class='ocrx_word' id='word_1_38' title='bbox 400 1204 466 1255; x_wconf 83' lang='lat' dir='ltr'>Gar.</span> <span class='ocrx_word' id='word_1_39' title='bbox 482 1203 585 1255; x_wconf 81' lang='lat' dir='ltr'><strong>XCIII.</strong></span> 
     </span>
    </p>
   </div>
   <div class='ocr_carea' id='block_1_7' title="bbox 222 1298 771 2086">
    <p class='ocr_par' dir='ltr' id='par_1_7' title="bbox 222 1298 771 2074">
     <span class='ocr_line' id='line_1_9' title="bbox 256 1298 765 1371; baseline -0.004 -15"><span class='ocrx_word' id='word_1_40' title='bbox 256 1299 319 1358; x_wconf 81' lang='grc' dir='ltr'>Ἀκό</span> <span class='ocrx_word' id='word_1_41' title='bbox 330 1304 492 1371; x_wconf 79' lang='grc' dir='ltr'><strong><em>Πακτυϊκῆς</em></strong></span> <span class='ocrx_word' id='word_1_42' title='bbox 505 1298 535 1354; x_wconf 69' lang='lat' dir='ltr'>dl</span> <span class='ocrx_word' id='word_1_43' title='bbox 550 1303 596 1355; x_wconf 78' lang='lat' dir='ltr'>sol</span> <span class='ocrx_word' id='word_1_44' title='bbox 606 1299 765 1371; x_wconf 65' lang='lat' dir='ltr'>Apparatus]</span> 
     </span>
     <span class='ocr_line' id='line_1_10' title="bbox 223 1375 769 1440; baseline -0.009 -10"><span class='ocrx_word' id='word_1_45' title='bbox 223 1377 364 1438; x_wconf 75' lang='lat' dir='ltr'>Cerilli,</span> <span class='ocrx_word' id='word_1_46' title='bbox 374 1375 769 1440; x_wconf 56' lang='lat' dir='ltr'>lotetfleerenndoenaap.</span> 
     </span>
     <span class='ocr_line' id='line_1_11' title="bbox 222 1445 771 1511; baseline -0.011 -10"><span class='ocrx_word' id='word_1_47' title='bbox 222 1450 282 1501; x_wconf 89' lang='grc'>289</span> <span class='ocrx_word' id='word_1_48' title='bbox 296 1445 478 1497; x_wconf 86' lang='lat' dir='ltr'>Herodotum</span> <span class='ocrx_word' id='word_1_49' title='bbox 470 1461 499 1496; x_wconf 80' lang='grc' dir='ltr'>ιιι</span> <span class='ocrx_word' id='word_1_50' title='bbox 508 1461 540 1496; x_wconf 90' lang='lat' dir='ltr'>eo</span> <span class='ocrx_word' id='word_1_51' title='bbox 550 1461 640 1497; x_wconf 85' lang='lat' dir='ltr'>errare</span> <span class='ocrx_word' id='word_1_52' title='bbox 652 1459 771 1511; x_wconf 88' lang='lat' dir='ltr'>pronun·</span> 
     </span>
     <span class='ocr_line' id='line_1_12' title="bbox 222 1510 771 1581; baseline -0.007 -12"><span class='ocrx_word' id='word_1_53' title='bbox 222 1515 395 1570; x_wconf 77' lang='lat' dir='ltr'>tiatltcunel.</span> <span class='ocrx_word' id='word_1_54' title='bbox 410 1515 428 1568; x_wconf 92' lang='lat' dir='ltr'>l.</span> <span class='ocrx_word' id='word_1_55' title='bbox 437 1513 456 1567; x_wconf 90' lang='grc'>1.</span> <span class='ocrx_word' id='word_1_56' title='bbox 462 1531 525 1580; x_wconf 78' lang='lat' dir='ltr'>pag.</span> <span class='ocrx_word' id='word_1_57' title='bbox 528 1510 594 1579; x_wconf 98' lang='grc'>504,</span> <span class='ocrx_word' id='word_1_58' title='bbox 609 1514 771 1581; x_wconf 84' lang='lat' dir='ltr'>quedhuius</span> 
     </span>
     <span class='ocr_line' id='line_1_13' title="bbox 224 1554 770 1655; baseline -0.009 -17"><span class='ocrx_word' id='word_1_59' title='bbox 224 1581 413 1655; x_wconf 82' lang='lat' dir='ltr'>praefecturae</span> <span class='ocrx_word' id='word_1_60' title='bbox 424 1584 490 1637; x_wconf 88' lang='lat' dir='ltr'>fines</span> <span class='ocrx_word' id='word_1_61' title='bbox 507 1586 543 1636; x_wconf 91' lang='lat' dir='ltr'>ad</span> <span class='ocrx_word' id='word_1_62' title='bbox 556 1554 673 1637; x_wconf 83' lang='lat' dir='ltr'>Pdutum</span> <span class='ocrx_word' id='word_1_63' title='bbox 685 1585 770 1635; x_wconf 81' lang='lat' dir='ltr'>Euxi-</span> 
     </span>
     <span class='ocr_line' id='line_1_14' title="bbox 223 1652 770 1721; baseline -0.013 -12"><span class='ocrx_word' id='word_1_64' title='bbox 223 1673 288 1710; x_wconf 88' lang='lat' dir='ltr'>num</span> <span class='ocrx_word' id='word_1_65' title='bbox 313 1671 399 1721; x_wconf 88' lang='lat' dir='ltr'>usque</span> <span class='ocrx_word' id='word_1_66' title='bbox 424 1655 570 1717; x_wconf 78' lang='lat' dir='ltr'>extendat,</span> <span class='ocrx_word' id='word_1_67' title='bbox 596 1671 658 1706; x_wconf 87' lang='lat' dir='ltr'>cum</span> <span class='ocrx_word' id='word_1_68' title='bbox 674 1652 770 1704; x_wconf 80' lang='lat' dir='ltr'><strong>Colchi</strong></span> 
     </span>
     <span class='ocr_line' id='line_1_15' title="bbox 225 1725 769 1791; baseline -0.007 -12"><span class='ocrx_word' id='word_1_69' title='bbox 225 1728 260 1779; x_wconf 92' lang='lat' dir='ltr'>ad</span> <span class='ocrx_word' id='word_1_70' title='bbox 273 1725 375 1776; x_wconf 88' lang='lat' dir='ltr'>nullam</span> <span class='ocrx_word' id='word_1_71' title='bbox 388 1725 559 1791; x_wconf 85' lang='lat' dir='ltr'>satrapiaru‚</span> <span class='ocrx_word' id='word_1_72' title='bbox 572 1725 693 1790; x_wconf 88' lang='lat' dir='ltr'>reliquae</span> <span class='ocrx_word' id='word_1_73' title='bbox 703 1738 769 1775; x_wconf 82' lang='lat' dir='ltr'>vero</span> 
     </span>
     <span class='ocr_line' id='line_1_16' title="bbox 225 1794 770 1863; baseline -0.011 -14"><span class='ocrx_word' id='word_1_74' title='bbox 225 1802 322 1863; x_wconf 80' lang='lat' dir='ltr'>gentes</span> <span class='ocrx_word' id='word_1_75' title='bbox 345 1795 379 1845; x_wconf 85' lang='lat' dir='ltr'>ad</span> <span class='ocrx_word' id='word_1_76' title='bbox 403 1795 553 1860; x_wconf 89' lang='lat' dir='ltr'>satrapiarn</span> <span class='ocrx_word' id='word_1_77' title='bbox 571 1794 704 1847; x_wconf 86' lang='lat' dir='ltr'>decimam</span> <span class='ocrx_word' id='word_1_78' title='bbox 722 1808 770 1843; x_wconf 88' lang='lat' dir='ltr'>no·</span> 
     </span>
     <span class='ocr_line' id='line_1_17' title="bbox 225 1863 771 1931; baseline -0.011 -12"><span class='ocrx_word' id='word_1_79' title='bbox 225 1883 288 1919; x_wconf 86' lang='lat' dir='ltr'>nam</span> <span class='ocrx_word' id='word_1_80' title='bbox 301 1865 492 1931; x_wconf 78' lang='lat' dir='ltr'>pertinuerint.</span> <span class='ocrx_word' id='word_1_81' title='bbox 506 1865 584 1916; x_wconf 84' lang='lat' dir='ltr'>lutra</span> <span class='ocrx_word' id='word_1_82' title='bbox 596 1866 660 1927; x_wconf 86' lang='lat' dir='ltr'>Vll,</span> <span class='ocrx_word' id='word_1_83' title='bbox 671 1863 705 1915; x_wconf 88' lang='grc'>07</span> <span class='ocrx_word' id='word_1_84' title='bbox 716 1878 771 1914; x_wconf 90' lang='lat' dir='ltr'>me</span> 
     </span>
     <span class='ocr_line' id='line_1_18' title="bbox 225 1932 771 2002; baseline -0.006 -15"><span class='ocrx_word' id='word_1_85' title='bbox 225 1941 366 1987; x_wconf 85' lang='lat' dir='ltr'>morantur</span> <span class='ocrx_word' id='word_1_86' title='bbox 383 1937 492 2002; x_wconf 74' lang='lat' dir='ltr'>Paetpes</span> <span class='ocrx_word' id='word_1_87' title='bbox 513 1935 597 1986; x_wconf 84' lang='lat' dir='ltr'>vicini</span> <span class='ocrx_word' id='word_1_88' title='bbox 623 1932 771 1999; x_wconf 69' lang='lat' dir='ltr'>Sagartiia</span> 
     </span>
     <span class='ocr_line' id='line_1_19' title="bbox 226 2003 771 2086; baseline -0.006 -29"><span class='ocrx_word' id='word_1_89' title='bbox 226 2008 272 2074; x_wconf 90' lang='lat' dir='ltr'>qui</span> <span class='ocrx_word' id='word_1_90' title='bbox 290 2006 344 2071; x_wconf 90' lang='lat' dir='ltr'>ipsi</span> <span class='ocrx_word' id='word_1_91' title='bbox 365 2021 425 2055; x_wconf 86' lang='lat' dir='ltr'>cnm</span> <span class='ocrx_word' id='word_1_92' title='bbox 440 2005 531 2056; x_wconf 89' lang='lat' dir='ltr'>Persis</span> <span class='ocrx_word' id='word_1_93' title='bbox 552 2004 668 2086; x_wconf 84' lang='lat' dir='ltr'>proximi</span> <span class='ocrx_word' id='word_1_94' title='bbox 685 2003 771 2054; x_wconf 83' lang='lat' dir='ltr'>tuisse</span> 
     </span>
    </p>
   </div>
   <div class='ocr_carea' id='block_1_8' title="bbox 139 2073 773 2155">
    <p class='ocr_par' dir='ltr' id='par_1_8' title="bbox 139 2073 773 2155">
     <span class='ocr_line' id='line_1_20' title="bbox 139 2073 773 2155; baseline -0.01 -26"><span class='ocrx_word' id='word_1_95' title='bbox 139 2096 144 2106; x_wconf 89' lang='lat'>·</span> <span class='ocrx_word' id='word_1_96' title='bbox 225 2078 382 2128; x_wconf 87' lang='lat' dir='ltr'>rideantur.</span> <span class='ocrx_word' id='word_1_97' title='bbox 402 2076 536 2141; x_wconf 80' lang='lat' dir='ltr'>Pactyum</span> <span class='ocrx_word' id='word_1_98' title='bbox 550 2074 651 2126; x_wconf 86' lang='lat' dir='ltr'>sedes&#39;</span> <span class='ocrx_word' id='word_1_99' title='bbox 643 2089 672 2123; x_wconf 86' lang='lat' dir='ltr'>rn</span> <span class='ocrx_word' id='word_1_100' title='bbox 685 2073 773 2155; x_wconf 74' lang='lat' dir='ltr'>regio-</span> 
     </span>
    </p>
   </div>
   <div class='ocr_carea' id='block_1_9' title="bbox 226 2142 772 2205">
    <p class='ocr_par' dir='ltr' id='par_1_9' title="bbox 226 2142 772 2205">
     <span class='ocr_line' id='line_1_21' title="bbox 226 2142 772 2205; baseline -0.009 -8"><span class='ocrx_word' id='word_1_101' title='bbox 226 2164 260 2199; x_wconf 90' lang='lat' dir='ltr'>ne</span> <span class='ocrx_word' id='word_1_102' title='bbox 273 2147 424 2205; x_wconf 66' lang='lat' dir='ltr'>Baetem,</span> <span class='ocrx_word' id='word_1_103' title='bbox 446 2145 474 2195; x_wconf 91' lang='lat' dir='ltr'>iu</span> <span class='ocrx_word' id='word_1_104' title='bbox 492 2145 629 2195; x_wconf 88' lang='lat' dir='ltr'>montibus</span> <span class='ocrx_word' id='word_1_105' title='bbox 647 2143 683 2194; x_wconf 98' lang='lat' dir='ltr'>ad</span> <span class='ocrx_word' id='word_1_106' title='bbox 698 2142 772 2193; x_wconf 87' lang='lat' dir='ltr'>occi-</span> 
     </span>
    </p>
   </div>
   <div class='ocr_carea' id='block_1_10' title="bbox 147 2212 772 2279">
    <p class='ocr_par' dir='ltr' id='par_1_10' title="bbox 147 2212 772 2279">
     <span class='ocr_line' id='line_1_22' title="bbox 147 2212 772 2279; baseline -0.019 -6"><span class='ocrx_word' id='word_1_107' title='bbox 147 2258 154 2273; x_wconf 82' lang='lat'><em>.</em></span> <span class='ocrx_word' id='word_1_108' title='bbox 226 2217 335 2268; x_wconf 87' lang='lat' dir='ltr'>dentem</span> <span class='ocrx_word' id='word_1_109' title='bbox 345 2213 420 2265; x_wconf 91' lang='lat' dir='ltr'>urbis</span> <span class='ocrx_word' id='word_1_110' title='bbox 432 2213 552 2279; x_wconf 87' lang='lat' dir='ltr'>Ispahan</span> <span class='ocrx_word' id='word_1_111' title='bbox 563 2212 697 2264; x_wconf 87' lang='lat' dir='ltr'>locandas</span> <span class='ocrx_word' id='word_1_112' title='bbox 711 2225 772 2263; x_wconf 88' lang='lat' dir='ltr'>esse</span> 
     </span>
    </p>
   </div>
   <div class='ocr_carea' id='block_1_11' title="bbox 194 2281 776 4368">
    <p class='ocr_par' dir='ltr' id='par_1_11' title="bbox 226 2281 773 2771">
     <span class='ocr_line' id='line_1_23' title="bbox 226 2281 772 2349; baseline -0.013 -11"><span class='ocrx_word' id='word_1_113' title='bbox 226 2286 385 2349; x_wconf 87' lang='lat' dir='ltr'>suspicatur</span> <span class='ocrx_word' id='word_1_114' title='bbox 397 2283 467 2334; x_wconf 86' lang='lat' dir='ltr'>idem</span> <span class='ocrx_word' id='word_1_115' title='bbox 477 2282 590 2336; x_wconf 89' lang='lat' dir='ltr'>Renusl.</span> <span class='ocrx_word' id='word_1_116' title='bbox 602 2281 772 2348; x_wconf 72' lang='lat' dir='ltr'><strong>improbante</strong></span> 
     </span>
     <span class='ocr_line' id='line_1_24' title="bbox 227 2350 773 2418; baseline -0.009 -12"><span class='ocrx_word' id='word_1_117' title='bbox 227 2358 341 2406; x_wconf 86' lang='lat' dir='ltr'>Lasscn.</span> <span class='ocrx_word' id='word_1_118' title='bbox 360 2352 499 2418; x_wconf 70' lang='lat' dir='ltr'>(Beitrige</span> <span class='ocrx_word' id='word_1_119' title='bbox 520 2356 574 2405; x_wconf 86' lang='lat' dir='ltr'>etc.</span> <span class='ocrx_word' id='word_1_120' title='bbox 595 2368 623 2417; x_wconf 86' lang='lat' dir='ltr'>p.</span> <span class='ocrx_word' id='word_1_121' title='bbox 642 2350 703 2415; x_wconf 90' lang='grc'>83),</span> <span class='ocrx_word' id='word_1_122' title='bbox 725 2350 773 2417; x_wconf 88' lang='lat' dir='ltr'>qui</span> 
     </span>
     <span class='ocr_line' id='line_1_25' title="bbox 227 2419 772 2487; baseline -0.011 -12"><span class='ocrx_word' id='word_1_123' title='bbox 227 2426 260 2475; x_wconf 89' lang='lat' dir='ltr'>de</span> <span class='ocrx_word' id='word_1_124' title='bbox 282 2438 315 2474; x_wconf 88' lang='lat' dir='ltr'>ea</span> <span class='ocrx_word' id='word_1_125' title='bbox 331 2426 414 2487; x_wconf 74' lang='lat' dir='ltr'>geute</span> <span class='ocrx_word' id='word_1_126' title='bbox 437 2423 560 2487; x_wconf 74' lang='lat' dir='ltr'>cogitare</span> <span class='ocrx_word' id='word_1_127' title='bbox 582 2419 703 2484; x_wconf 81' lang='lat' dir='ltr'>mavult,</span> <span class='ocrx_word' id='word_1_128' title='bbox 725 2420 772 2470; x_wconf 92' lang='lat' dir='ltr'>cui</span> 
     </span>
     <span class='ocr_line' id='line_1_26' title="bbox 227 2489 772 2557; baseline -0.006 -13"><span class='ocrx_word' id='word_1_129' title='bbox 227 2508 300 2544; x_wconf 85' lang='lat' dir='ltr'>nuuc</span> <span class='ocrx_word' id='word_1_130' title='bbox 316 2506 415 2542; x_wconf 91' lang='lat' dir='ltr'>nomen</span> <span class='ocrx_word' id='word_1_131' title='bbox 428 2493 538 2543; x_wconf 64' lang='grc' dir='ltr'><strong><em>Κυράνα</em></strong></span> <span class='ocrx_word' id='word_1_132' title='bbox 559 2506 694 2557; x_wconf 89' lang='lat' dir='ltr'>quamque</span> <span class='ocrx_word' id='word_1_133' title='bbox 712 2489 772 2555; x_wconf 89' lang='lat' dir='ltr'>ipse</span> 
     </span>
     <span class='ocr_line' id='line_1_27' title="bbox 228 2559 772 2627; baseline -0.009 -12"><span class='ocrx_word' id='word_1_134' title='bbox 228 2565 329 2615; x_wconf 85' lang='lat' dir='ltr'>Noster</span> <span class='ocrx_word' id='word_1_135' title='bbox 347 2561 415 2626; x_wconf 85' lang='lat' dir='ltr'><strong>VII,</strong></span> <span class='ocrx_word' id='word_1_136' title='bbox 432 2560 466 2614; x_wconf 77' lang='lat'>63</span> <span class='ocrx_word' id='word_1_137' title='bbox 479 2562 661 2615; x_wconf 67' lang='lat' dir='ltr'>Chaldaeorum</span> <span class='ocrx_word' id='word_1_138' title='bbox 678 2559 772 2627; x_wconf 89' lang='lat' dir='ltr'>appel·</span> 
     </span>
     <span class='ocr_line' id='line_1_28' title="bbox 228 2628 773 2696; baseline -0.002 -12"><span class='ocrx_word' id='word_1_139' title='bbox 228 2634 333 2685; x_wconf 89' lang='lat' dir='ltr'>latione</span> <span class='ocrx_word' id='word_1_140' title='bbox 348 2631 516 2696; x_wconf 78' lang='lat' dir='ltr'>significarit.</span> <span class='ocrx_word' id='word_1_141' title='bbox 544 2631 596 2682; x_wconf 84' lang='lat' dir='ltr'>Cui</span> <span class='ocrx_word' id='word_1_142' title='bbox 609 2636 684 2683; x_wconf 81' lang='lat' dir='ltr'>recte</span> <span class='ocrx_word' id='word_1_143' title='bbox 699 2628 773 2683; x_wconf 91' lang='lat' dir='ltr'>oblo-</span> 
     </span>
     <span class='ocr_line' id='line_1_29' title="bbox 229 2701 772 2783; baseline -0.004 -28"><span class='ocrx_word' id='word_1_144' title='bbox 229 2705 322 2771; x_wconf 88' lang='lat' dir='ltr'>quitur</span> <span class='ocrx_word' id='word_1_145' title='bbox 340 2703 458 2769; x_wconf 85' lang='lat' dir='ltr'>Jacqust</span> <span class='ocrx_word' id='word_1_146' title='bbox 475 2701 494 2754; x_wconf 98' lang='grc' dir='ltr'>Ι</span> <span class='ocrx_word' id='word_1_147' title='bbox 506 2701 525 2754; x_wconf 91' lang='lat' dir='ltr'>l.</span> <span class='ocrx_word' id='word_1_148' title='bbox 542 2718 605 2768; x_wconf 72' lang='lat' dir='ltr'>pag.</span> <span class='ocrx_word' id='word_1_149' title='bbox 620 2701 671 2752; x_wconf 82' lang='grc'>599</span> <span class='ocrx_word' id='word_1_150' title='bbox 684 2717 772 2783; x_wconf 87' lang='lat' dir='ltr'>seqq,</span> 
     </span>
    </p>

    <p class='ocr_par' dir='ltr' id='par_1_12' title="bbox 194 2771 776 4368">
     <span class='ocr_line' id='line_1_30' title="bbox 228 2771 774 2853; baseline -0.007 -28"><span class='ocrx_word' id='word_1_151' title='bbox 228 2775 277 2826; x_wconf 89' lang='lat' dir='ltr'>ubi</span> <span class='ocrx_word' id='word_1_152' title='bbox 296 2774 368 2824; x_wconf 82' lang='lat' dir='ltr'>banc</span> <span class='ocrx_word' id='word_1_153' title='bbox 389 2772 516 2839; x_wconf 76' lang='lat' dir='ltr'>proponit</span> <span class='ocrx_word' id='word_1_154' title='bbox 536 2773 722 2853; x_wconf 60' lang='lat' dir='ltr'>conjecturam</span> <span class='ocrx_word' id='word_1_155' title='bbox 744 2771 774 2821; x_wconf 91' lang='lat' dir='ltr'>iu</span> 
     </span>
     <span class='ocr_line' id='line_1_31' title="bbox 229 2832 774 2922; baseline -0.009 -27"><span class='ocrx_word' id='word_1_156' title='bbox 229 2846 298 2910; x_wconf 92' lang='lat' dir='ltr'>ipsis</span> <span class='ocrx_word' id='word_1_157' title='bbox 308 2843 445 2895; x_wconf 78' lang='lat' dir='ltr'>Herodoti</span> <span class='ocrx_word' id='word_1_158' title='bbox 459 2842 565 2894; x_wconf 87' lang='lat' dir='ltr'>verbis.</span> <span class='ocrx_word' id='word_1_159' title='bbox 579 2832 643 2892; x_wconf 71' lang='lat' dir='ltr'>&#39;And</span> <span class='ocrx_word' id='word_1_160' title='bbox 657 2842 774 2922; x_wconf 80' lang='grc' dir='ltr'><strong><em>Βακτρι-</em></strong></span> 
     </span>
     <span class='ocr_line' id='line_1_32' title="bbox 229 2900 775 2991; baseline -0.006 -27"><span class='ocrx_word' id='word_1_161' title='bbox 229 2911 307 2964; x_wconf 78' lang='grc' dir='ltr'><strong><em>ανῶν</em></strong></span> <span class='ocrx_word' id='word_1_162' title='bbox 325 2905 356 2963; x_wconf 76' lang='lat' dir='ltr'>dl</span> <span class='ocrx_word' id='word_1_163' title='bbox 374 2905 469 2977; x_wconf 78' lang='grc' dir='ltr'><strong><em>μέχρι</em></strong></span> <span class='ocrx_word' id='word_1_164' title='bbox 484 2909 694 2994; x_wconf 73' lang='grc' dir='ltr'><strong><em>Πακτυϊκῆς</em></strong></span> <span class='ocrx_word' id='word_1_165' title='bbox 707 2900 775 2991; x_wconf 73' lang='grc' dir='ltr'>ἕξή·</span> 
     </span>
     <span class='ocr_line' id='line_1_33' title="bbox 228 2969 775 3061; baseline -0.007 -28"><span class='ocrx_word' id='word_1_166' title='bbox 228 2998 350 3034; x_wconf 73' lang='lat' dir='ltr'>suasus.</span> <span class='ocrx_word' id='word_1_167' title='bbox 359 2997 400 3045; x_wconf 86' lang='grc' dir='ltr'>τρ.</span> <span class='ocrx_word' id='word_1_168' title='bbox 415 2980 472 3032; x_wconf 80' lang='lat' dir='ltr'>soit.</span> <span class='ocrx_word' id='word_1_169' title='bbox 485 2973 586 3061; x_wconf 77' lang='grc' dir='ltr'><strong><em>φόρος</em></strong></span> <span class='ocrx_word' id='word_1_170' title='bbox 589 2969 636 3046; x_wconf 80' lang='grc' dir='ltr'><strong><em>ἦν</em></strong></span> <span class='ocrx_word' id='word_1_171' title='bbox 648 2972 775 3046; x_wconf 66' lang='lat' dir='ltr'>vendedi</span> 
     </span>
     <span class='ocr_line' id='line_1_34' title="bbox 229 3039 774 3115; baseline -0.007 -12"><span class='ocrx_word' id='word_1_172' title='bbox 229 3047 405 3110; x_wconf 75' lang='grc' dir='ltr'><strong><em>δυωδέκατος</em></strong></span> <span class='ocrx_word' id='word_1_173' title='bbox 415 3039 505 3108; x_wconf 78' lang='grc' dir='ltr'>οὗτος.</span> <span class='ocrx_word' id='word_1_174' title='bbox 517 3041 542 3100; x_wconf 97' lang='lat' dir='ltr'><em>A</em></span> <span class='ocrx_word' id='word_1_175' title='bbox 548 3065 590 3101; x_wconf 77' lang='grc' dir='ltr'>κο</span> <span class='ocrx_word' id='word_1_176' title='bbox 579 3042 731 3115; x_wconf 62' lang='lat' dir='ltr'>stylos</span> <span class='ocrx_word' id='word_1_177' title='bbox 744 3042 774 3099; x_wconf 73' lang='grc' dir='ltr'>δὲ</span> 
     </span>
     <span class='ocr_line' id='line_1_35' title="bbox 228 3114 774 3185; baseline -0.007 -13"><span class='ocrx_word' id='word_1_178' title='bbox 228 3117 276 3172; x_wconf 78' lang='grc' dir='ltr'>καὶ</span> <span class='ocrx_word' id='word_1_179' title='bbox 288 3114 433 3184; x_wconf 80' lang='grc' dir='ltr'><strong><em>Ἀρμενίων</em></strong></span> <span class='ocrx_word' id='word_1_180' title='bbox 444 3135 471 3174; x_wconf 87' lang='grc' dir='ltr'>κ,</span> <span class='ocrx_word' id='word_1_181' title='bbox 479 3134 502 3168; x_wconf 83' lang='grc' dir='ltr'>τ.</span> <span class='ocrx_word' id='word_1_182' title='bbox 517 3119 541 3170; x_wconf 82' lang='grc' dir='ltr'>ί..</span> <span class='ocrx_word' id='word_1_183' title='bbox 563 3122 658 3185; x_wconf 88' lang='lat' dir='ltr'>Neque</span> <span class='ocrx_word' id='word_1_184' title='bbox 666 3135 737 3171; x_wconf 86' lang='lat' dir='ltr'>eurm</span> <span class='ocrx_word' id='word_1_185' title='bbox 746 3135 774 3169; x_wconf 86' lang='grc' dir='ltr'>ιιι</span> 
     </span>
     <span class='ocr_line' id='line_1_36' title="bbox 194 3189 773 3255; baseline -0.007 -12"><span class='ocrx_word' id='word_1_186' title='bbox 194 3197 199 3204; x_wconf 92' lang='lat'>&#39;</span> <span class='ocrx_word' id='word_1_187' title='bbox 229 3189 374 3242; x_wconf 77' lang='lat' dir='ltr'>Armeniae</span> <span class='ocrx_word' id='word_1_188' title='bbox 394 3190 518 3255; x_wconf 88' lang='lat' dir='ltr'>adeoque</span> <span class='ocrx_word' id='word_1_189' title='bbox 538 3189 656 3241; x_wconf 82' lang='lat' dir='ltr'>Caucasi</span> <span class='ocrx_word' id='word_1_190' title='bbox 676 3189 773 3239; x_wconf 88' lang='lat' dir='ltr'>monti·</span> 
     </span>
     <span class='ocr_line' id='line_1_37' title="bbox 228 3257 774 3326; baseline -0.006 -15"><span class='ocrx_word' id='word_1_191' title='bbox 228 3262 280 3312; x_wconf 86' lang='lat' dir='ltr'>bus</span> <span class='ocrx_word' id='word_1_192' title='bbox 294 3259 341 3325; x_wconf 83' lang='lat' dir='ltr'>(ci.</span> <span class='ocrx_word' id='word_1_193' title='bbox 355 3259 520 3310; x_wconf 83' lang='lat' dir='ltr'>Maltebrun.</span> <span class='ocrx_word' id='word_1_194' title='bbox 533 3258 552 3310; x_wconf 95' lang='lat' dir='ltr'>l</span> <span class='ocrx_word' id='word_1_195' title='bbox 565 3258 626 3326; x_wconf 93' lang='lat' dir='ltr'>l.p</span> <span class='ocrx_word' id='word_1_196' title='bbox 639 3257 702 3324; x_wconf 92' lang='grc'>340)</span> <span class='ocrx_word' id='word_1_197' title='bbox 721 3258 774 3309; x_wconf 88' lang='lat' dir='ltr'>Pa-</span> 
     </span>
     <span class='ocr_line' id='line_1_38' title="bbox 228 3328 774 3396; baseline -0.009 -14"><span class='ocrx_word' id='word_1_198' title='bbox 228 3334 321 3396; x_wconf 76' lang='lat' dir='ltr'>ctpum</span> <span class='ocrx_word' id='word_1_199' title='bbox 339 3328 418 3379; x_wconf 88' lang='lat' dir='ltr'>sedes</span> <span class='ocrx_word' id='word_1_200' title='bbox 439 3328 610 3393; x_wconf 86' lang='lat' dir='ltr'>quaerendas</span> <span class='ocrx_word' id='word_1_201' title='bbox 629 3329 774 3395; x_wconf 74' lang='lat' dir='ltr'>ipsamque</span> 
     </span>
     <span class='ocr_line' id='line_1_39' title="bbox 228 3396 773 3466; baseline -0.006 -16"><span class='ocrx_word' id='word_1_202' title='bbox 228 3399 365 3466; x_wconf 73' lang='lat' dir='ltr'>regionem</span> <span class='ocrx_word' id='word_1_203' title='bbox 391 3398 552 3461; x_wconf 78' lang='lat' dir='ltr'>Pactyicam</span> <span class='ocrx_word' id='word_1_204' title='bbox 584 3396 773 3448; x_wconf 72' lang='lat' dir='ltr'>collocandam</span> 
     </span>
     <span class='ocr_line' id='line_1_40' title="bbox 229 3466 773 3532; baseline -0.007 -11"><span class='ocrx_word' id='word_1_205' title='bbox 229 3484 303 3529; x_wconf 86' lang='lat' dir='ltr'>esse,</span> <span class='ocrx_word' id='word_1_206' title='bbox 318 3468 388 3518; x_wconf 78' lang='lat' dir='ltr'>satta</span> <span class='ocrx_word' id='word_1_207' title='bbox 401 3466 502 3519; x_wconf 85' lang='lat' dir='ltr'>docent</span> <span class='ocrx_word' id='word_1_208' title='bbox 513 3467 647 3518; x_wconf 80' lang='lat' dir='ltr'>Herodoti</span> <span class='ocrx_word' id='word_1_209' title='bbox 656 3467 711 3518; x_wconf 91' lang='lat' dir='ltr'>loci</span> <span class='ocrx_word' id='word_1_210' title='bbox 719 3467 773 3532; x_wconf 88' lang='lat'>111,</span> 
     </span>
     <span class='ocr_line' id='line_1_41' title="bbox 233 3536 773 3602; baseline -0.004 -12"><span class='ocrx_word' id='word_1_211' title='bbox 233 3537 354 3600; x_wconf 78' lang='lat' dir='ltr'>10·.¹.1V,</span> <span class='ocrx_word' id='word_1_212' title='bbox 368 3539 411 3598; x_wconf 81' lang='grc'>44,</span> <span class='ocrx_word' id='word_1_213' title='bbox 426 3537 569 3602; x_wconf 86' lang='lat' dir='ltr'>exquibus</span> <span class='ocrx_word' id='word_1_214' title='bbox 588 3537 662 3588; x_wconf 88' lang='lat' dir='ltr'>circa</span> <span class='ocrx_word' id='word_1_215' title='bbox 676 3536 773 3588; x_wconf 88' lang='lat' dir='ltr'>Indum</span> 
     </span>
     <span class='ocr_line' id='line_1_42' title="bbox 229 3605 773 3674; baseline 0.002 -17"><span class='ocrx_word' id='word_1_216' title='bbox 229 3608 321 3674; x_wconf 88' lang='lat' dir='ltr'>potius</span> <span class='ocrx_word' id='word_1_217' title='bbox 340 3606 411 3656; x_wconf 84' lang='lat' dir='ltr'>hauc</span> <span class='ocrx_word' id='word_1_218' title='bbox 429 3612 529 3658; x_wconf 86' lang='lat' dir='ltr'>terram</span> <span class='ocrx_word' id='word_1_219' title='bbox 557 3608 653 3672; x_wconf 88' lang='lat' dir='ltr'>quaeri</span> <span class='ocrx_word' id='word_1_220' title='bbox 674 3605 773 3659; x_wconf 85' lang='lat' dir='ltr'>debere</span> 
     </span>
     <span class='ocr_line' id='line_1_43' title="bbox 230 3675 774 3743; baseline 0.002 -16"><span class='ocrx_word' id='word_1_221' title='bbox 230 3680 320 3743; x_wconf 76' lang='lat' dir='ltr'>patet3</span> <span class='ocrx_word' id='word_1_222' title='bbox 338 3677 374 3728; x_wconf 80' lang='lat' dir='ltr'>ci.</span> <span class='ocrx_word' id='word_1_223' title='bbox 389 3675 543 3729; x_wconf 86' lang='lat' dir='ltr'>Billerbeck</span> <span class='ocrx_word' id='word_1_224' title='bbox 555 3676 575 3727; x_wconf 91' lang='lat' dir='ltr'>l.</span> <span class='ocrx_word' id='word_1_225' title='bbox 586 3677 604 3727; x_wconf 93' lang='lat' dir='ltr'>l.</span> <span class='ocrx_word' id='word_1_226' title='bbox 618 3693 645 3740; x_wconf 88' lang='lat' dir='ltr'>p.</span> <span class='ocrx_word' id='word_1_227' title='bbox 661 3675 709 3738; x_wconf 92' lang='grc'>13,</span> <span class='ocrx_word' id='word_1_228' title='bbox 728 3678 774 3728; x_wconf 87' lang='lat' dir='ltr'>cui</span> 
     </span>
     <span class='ocr_line' id='line_1_44' title="bbox 230 3745 776 3812; baseline 0 -14"><span class='ocrx_word' id='word_1_229' title='bbox 230 3752 320 3798; x_wconf 85' lang='lat' dir='ltr'>tamen</span> <span class='ocrx_word' id='word_1_230' title='bbox 339 3763 402 3797; x_wconf 87' lang='lat' dir='ltr'>mox</span> <span class='ocrx_word' id='word_1_231' title='bbox 418 3761 445 3811; x_wconf 88' lang='lat' dir='ltr'>p.</span> <span class='ocrx_word' id='word_1_232' title='bbox 460 3747 493 3797; x_wconf 87' lang='grc'>14</span> <span class='ocrx_word' id='word_1_233' title='bbox 510 3745 679 3812; x_wconf 75' lang='lat' dir='ltr'>probabilius</span> <span class='ocrx_word' id='word_1_234' title='bbox 700 3747 776 3798; x_wconf 84' lang='lat' dir='ltr'>vide·</span> 
     </span>
     <span class='ocr_line' id='line_1_45' title="bbox 229 3816 775 3882; baseline 0.002 -15"><span class='ocrx_word' id='word_1_235' title='bbox 229 3822 275 3868; x_wconf 88' lang='lat' dir='ltr'>tur</span> <span class='ocrx_word' id='word_1_236' title='bbox 293 3816 328 3867; x_wconf 90' lang='lat' dir='ltr'>ad</span> <span class='ocrx_word' id='word_1_237' title='bbox 346 3817 400 3867; x_wconf 82' lang='lat' dir='ltr'>Oxi</span> <span class='ocrx_word' id='word_1_238' title='bbox 421 3816 563 3880; x_wconf 73' lang='lat' dir='ltr'>superiora</span> <span class='ocrx_word' id='word_1_239' title='bbox 581 3817 659 3868; x_wconf 83' lang='lat' dir='ltr'>sedes</span> <span class='ocrx_word' id='word_1_240' title='bbox 683 3817 775 3882; x_wconf 79' lang='lat' dir='ltr'>gentis</span> 
     </span>
     <span class='ocr_line' id='line_1_46' title="bbox 231 3886 774 3939; baseline -0.002 -1"><span class='ocrx_word' id='word_1_241' title='bbox 231 3887 407 3939; x_wconf 88' lang='lat' dir='ltr'>constituere.</span> <span class='ocrx_word' id='word_1_242' title='bbox 431 3886 500 3937; x_wconf 86' lang='lat' dir='ltr'>Mihi</span> <span class='ocrx_word' id='word_1_243' title='bbox 518 3887 552 3938; x_wconf 82' lang='lat' dir='ltr'>(le</span> <span class='ocrx_word' id='word_1_244' title='bbox 563 3902 618 3937; x_wconf 86' lang='lat' dir='ltr'>una</span> <span class='ocrx_word' id='word_1_245' title='bbox 632 3891 705 3937; x_wconf 87' lang='lat' dir='ltr'>terra</span> <span class='ocrx_word' id='word_1_246' title='bbox 717 3886 774 3937; x_wconf 83' lang='lat' dir='ltr'>Ka·</span> 
     </span>
     <span class='ocr_line' id='line_1_47' title="bbox 229 3956 773 4022; baseline 0 -15"><span class='ocrx_word' id='word_1_247' title='bbox 229 3956 276 4007; x_wconf 90' lang='lat' dir='ltr'>bul</span> <span class='ocrx_word' id='word_1_248' title='bbox 296 3960 344 4007; x_wconf 86' lang='lat' dir='ltr'>aut</span> <span class='ocrx_word' id='word_1_249' title='bbox 363 3956 520 4022; x_wconf 76' lang='lat' dir='ltr'>regionibus</span> <span class='ocrx_word' id='word_1_250' title='bbox 537 3956 712 4007; x_wconf 74' lang='lat' dir='ltr'>conterminis</span> <span class='ocrx_word' id='word_1_251' title='bbox 728 3971 773 4007; x_wconf 87' lang='grc' dir='ltr'>οο-</span> 
     </span>
     <span class='ocr_line' id='line_1_48' title="bbox 230 4025 773 4092; baseline 0.004 -17"><span class='ocrx_word' id='word_1_252' title='bbox 230 4027 315 4090; x_wconf 71' lang='lat' dir='ltr'>gitari</span> <span class='ocrx_word' id='word_1_253' title='bbox 332 4042 413 4092; x_wconf 86' lang='lat' dir='ltr'>posse</span> <span class='ocrx_word' id='word_1_254' title='bbox 432 4026 557 4077; x_wconf 82' lang='lat' dir='ltr'>videtur:</span> <span class='ocrx_word' id='word_1_255' title='bbox 582 4025 639 4077; x_wconf 85' lang='lat' dir='ltr'>rid.</span> <span class='ocrx_word' id='word_1_256' title='bbox 659 4027 773 4077; x_wconf 83' lang='lat' dir='ltr'>Excurs.</span> 
     </span>
     <span class='ocr_line' id='line_1_49' title="bbox 230 4095 775 4160; baseline 0.002 -15"><span class='ocrx_word' id='word_1_257' title='bbox 230 4095 266 4145; x_wconf 81' lang='lat' dir='ltr'>ad</span> <span class='ocrx_word' id='word_1_258' title='bbox 279 4096 339 4158; x_wconf 93' lang='grc' dir='ltr'>ΙΙΙ,</span> <span class='ocrx_word' id='word_1_259' title='bbox 356 4096 412 4147; x_wconf 91' lang='grc'>102.</span> <span class='ocrx_word' id='word_1_260' title='bbox 432 4096 464 4146; x_wconf 91' lang='lat' dir='ltr'>In</span> <span class='ocrx_word' id='word_1_261' title='bbox 479 4097 604 4148; x_wconf 81' lang='lat' dir='ltr'>causatis</span> <span class='ocrx_word' id='word_1_262' title='bbox 617 4096 775 4160; x_wconf 83' lang='lat' dir='ltr'>inscriptio-</span> 
     </span>
     <span class='ocr_line' id='line_1_50' title="bbox 230 4163 773 4230; baseline 0 -15"><span class='ocrx_word' id='word_1_263' title='bbox 230 4164 310 4215; x_wconf 90' lang='lat' dir='ltr'>nibus</span> <span class='ocrx_word' id='word_1_264' title='bbox 333 4163 407 4215; x_wconf 87' lang='lat' dir='ltr'>uulla</span> <span class='ocrx_word' id='word_1_265' title='bbox 424 4165 559 4228; x_wconf 84' lang='lat' dir='ltr'>Pactyum</span> <span class='ocrx_word' id='word_1_266' title='bbox 582 4181 606 4219; x_wconf 83' lang='lat' dir='ltr'>s.</span> <span class='ocrx_word' id='word_1_267' title='bbox 624 4165 773 4230; x_wconf 84' lang='lat' dir='ltr'>Pactyicae</span> 
     </span>
     <span class='ocr_line' id='line_1_51' title="bbox 231 4233 773 4299; baseline 0.004 -15"><span class='ocrx_word' id='word_1_268' title='bbox 231 4234 348 4284; x_wconf 86' lang='lat' dir='ltr'>mentio:</span> <span class='ocrx_word' id='word_1_269' title='bbox 365 4249 435 4299; x_wconf 87' lang='lat' dir='ltr'>quae</span> <span class='ocrx_word' id='word_1_270' title='bbox 452 4234 475 4284; x_wconf 92' lang='lat' dir='ltr'>si</span> <span class='ocrx_word' id='word_1_271' title='bbox 495 4233 520 4285; x_wconf 91' lang='lat' dir='ltr'>b.</span> <span class='ocrx_word' id='word_1_272' title='bbox 535 4234 554 4286; x_wconf 90' lang='grc' dir='ltr'>Ι.</span> <span class='ocrx_word' id='word_1_273' title='bbox 570 4251 631 4286; x_wconf 89' lang='lat' dir='ltr'>cum</span> <span class='ocrx_word' id='word_1_274' title='bbox 646 4235 773 4286; x_wconf 79' lang='lat' dir='ltr'>Armenia</span> 
     </span>
     <span class='ocr_line' id='line_1_52' title="bbox 230 4303 773 4368; baseline 0.006 -14"><span class='ocrx_word' id='word_1_275' title='bbox 230 4303 416 4368; x_wconf 75' lang='lat' dir='ltr'>coniungitur,</span> <span class='ocrx_word' id='word_1_276' title='bbox 438 4303 466 4355; x_wconf 86' lang='lat' dir='ltr'>id</span> <span class='ocrx_word' id='word_1_277' title='bbox 484 4304 594 4356; x_wconf 87' lang='lat' dir='ltr'>nonnisi</span> <span class='ocrx_word' id='word_1_278' title='bbox 616 4306 773 4357; x_wconf 77' lang='lat' dir='ltr'>natatione</span> 
     </span>
    </p>
   </div>
   <div class='ocr_carea' id='block_1_12' title="bbox 815 956 1375 4367">
    <p class='ocr_par' dir='ltr' id='par_1_13' title="bbox 815 956 1372 3451">
     <span class='ocr_line' id='line_1_53' title="bbox 815 956 1363 1025; baseline 0.002 -17"><span class='ocrx_word' id='word_1_279' title='bbox 815 959 889 1025; x_wconf 88' lang='lat' dir='ltr'>piam</span> <span class='ocrx_word' id='word_1_280' title='bbox 902 957 1043 1008; x_wconf 87' lang='lat' dir='ltr'>coniectas</span> <span class='ocrx_word' id='word_1_281' title='bbox 1063 970 1124 1006; x_wconf 86' lang='lat' dir='ltr'>esse</span> <span class='ocrx_word' id='word_1_282' title='bbox 1135 956 1236 1008; x_wconf 86' lang='lat' dir='ltr'>Noster</span> <span class='ocrx_word' id='word_1_283' title='bbox 1252 956 1313 1020; x_wconf 92' lang='grc' dir='ltr'>ΙΙΙ,</span> <span class='ocrx_word' id='word_1_284' title='bbox 1327 957 1363 1009; x_wconf 86' lang='grc'>80</span> 
     </span>
     <span class='ocr_line' id='line_1_54' title="bbox 815 1025 1364 1079; baseline 0 -1"><span class='ocrx_word' id='word_1_285' title='bbox 815 1027 1013 1079; x_wconf 78' lang='lat' dir='ltr'>affirmaverat.</span> <span class='ocrx_word' id='word_1_286' title='bbox 1037 1025 1158 1077; x_wconf 60' lang='lat' dir='ltr'>Ameds</span> <span class='ocrx_word' id='word_1_287' title='bbox 1171 1026 1200 1076; x_wconf 91' lang='lat' dir='ltr'>iu</span> <span class='ocrx_word' id='word_1_288' title='bbox 1215 1026 1304 1078; x_wconf 83' lang='lat' dir='ltr'>tribus</span> <span class='ocrx_word' id='word_1_289' title='bbox 1323 1027 1364 1078; x_wconf 85' lang='lat' dir='ltr'>iu·</span> 
     </span>
     <span class='ocr_line' id='line_1_55' title="bbox 816 1095 1364 1163; baseline -0.004 -14"><span class='ocrx_word' id='word_1_290' title='bbox 816 1095 1013 1163; x_wconf 74' lang='lat' dir='ltr'>scriptionibus</span> <span class='ocrx_word' id='word_1_291' title='bbox 1028 1109 1115 1161; x_wconf 87' lang='lat' dir='ltr'>aeque</span> <span class='ocrx_word' id='word_1_292' title='bbox 1128 1095 1299 1161; x_wconf 77' lang='lat' dir='ltr'>significatur</span> <span class='ocrx_word' id='word_1_293' title='bbox 1309 1097 1364 1147; x_wconf 86' lang='lat' dir='ltr'>Ar-</span> 
     </span>
     <span class='ocr_line' id='line_1_56' title="bbox 816 1165 1364 1231; baseline -0.004 -12"><span class='ocrx_word' id='word_1_294' title='bbox 816 1171 891 1229; x_wconf 77' lang='lat' dir='ltr'>misa,</span> <span class='ocrx_word' id='word_1_295' title='bbox 905 1165 939 1217; x_wconf 90' lang='lat' dir='ltr'>de</span> <span class='ocrx_word' id='word_1_296' title='bbox 952 1181 1007 1231; x_wconf 87' lang='lat' dir='ltr'>qua</span> <span class='ocrx_word' id='word_1_297' title='bbox 1018 1170 1092 1215; x_wconf 85' lang='lat' dir='ltr'>terra</span> <span class='ocrx_word' id='word_1_298' title='bbox 1103 1171 1211 1230; x_wconf 86' lang='lat' dir='ltr'>praeter</span> <span class='ocrx_word' id='word_1_299' title='bbox 1223 1166 1364 1217; x_wconf 86' lang='lat' dir='ltr'>Ritterum</span> 
     </span>
     <span class='ocr_line' id='line_1_57' title="bbox 816 1234 1364 1300; baseline -0.005 -12"><span class='ocrx_word' id='word_1_300' title='bbox 816 1235 965 1288; x_wconf 75' lang='lat' dir='ltr'>Erdlsuude</span> <span class='ocrx_word' id='word_1_301' title='bbox 977 1234 1062 1298; x_wconf 90' lang='lat' dir='ltr'><strong>VIII,</strong></span> <span class='ocrx_word' id='word_1_302' title='bbox 1079 1249 1142 1300; x_wconf 77' lang='lat' dir='ltr'>pag.</span> <span class='ocrx_word' id='word_1_303' title='bbox 1157 1235 1189 1287; x_wconf 86' lang='grc'>91</span> <span class='ocrx_word' id='word_1_304' title='bbox 1204 1234 1261 1288; x_wconf 86' lang='lat' dir='ltr'>vid.</span> <span class='ocrx_word' id='word_1_305' title='bbox 1274 1237 1364 1287; x_wconf 88' lang='lat' dir='ltr'>Hero·</span> 
     </span>
     <span class='ocr_line' id='line_1_58' title="bbox 820 1304 1367 1371; baseline 0 -15"><span class='ocrx_word' id='word_1_306' title='bbox 820 1305 877 1357; x_wconf 88' lang='lat' dir='ltr'>det.</span> <span class='ocrx_word' id='word_1_307' title='bbox 890 1307 913 1366; x_wconf 92' lang='grc' dir='ltr'>Ι,</span> <span class='ocrx_word' id='word_1_308' title='bbox 925 1304 975 1357; x_wconf 87' lang='grc'>180</span> <span class='ocrx_word' id='word_1_309' title='bbox 983 1305 1050 1371; x_wconf 86' lang='lat' dir='ltr'>ibiq·</span> <span class='ocrx_word' id='word_1_310' title='bbox 1063 1308 1134 1356; x_wconf 91' lang='lat' dir='ltr'>uott.</span> <span class='ocrx_word' id='word_1_311' title='bbox 1145 1305 1216 1366; x_wconf 80' lang='lat' dir='ltr'>etv,</span> <span class='ocrx_word' id='word_1_312' title='bbox 1229 1306 1273 1359; x_wconf 88' lang='grc'>52,</span> <span class='ocrx_word' id='word_1_313' title='bbox 1287 1306 1367 1356; x_wconf 83' lang='lat' dir='ltr'>Stra·</span> 
     </span>
     <span class='ocr_line' id='line_1_59' title="bbox 822 1372 1366 1440; baseline 0.002 -14"><span class='ocrx_word' id='word_1_314' title='bbox 822 1375 944 1431; x_wconf 80' lang='lat' dir='ltr'>bou.X1.</span> <span class='ocrx_word' id='word_1_315' title='bbox 957 1389 1018 1439; x_wconf 77' lang='lat' dir='ltr'>pag.</span> <span class='ocrx_word' id='word_1_316' title='bbox 1028 1372 1082 1424; x_wconf 83' lang='grc'>530</span> <span class='ocrx_word' id='word_1_317' title='bbox 1090 1389 1181 1440; x_wconf 74' lang='lat' dir='ltr'>apag.</span> <span class='ocrx_word' id='word_1_318' title='bbox 1192 1373 1244 1426; x_wconf 83' lang='grc'>802</span> <span class='ocrx_word' id='word_1_319' title='bbox 1257 1376 1289 1426; x_wconf 90' lang='grc' dir='ltr'>Β.</span> <span class='ocrx_word' id='word_1_320' title='bbox 1297 1376 1366 1426; x_wconf 81' lang='lat' dir='ltr'>Lar·</span> 
     </span>
     <span class='ocr_line' id='line_1_60' title="bbox 821 1443 1367 1509; baseline -0.005 -12"><span class='ocrx_word' id='word_1_321' title='bbox 821 1445 894 1497; x_wconf 87' lang='lat' dir='ltr'>cher.</span> <span class='ocrx_word' id='word_1_322' title='bbox 913 1444 1007 1507; x_wconf 82' lang='lat' dir='ltr'>affert,</span> <span class='ocrx_word' id='word_1_323' title='bbox 1028 1443 1172 1496; x_wconf 82' lang='lat' dir='ltr'>Armenios</span> <span class='ocrx_word' id='word_1_324' title='bbox 1190 1449 1300 1509; x_wconf 87' lang='lat' dir='ltr'>praeter</span> <span class='ocrx_word' id='word_1_325' title='bbox 1318 1446 1367 1495; x_wconf 86' lang='lat' dir='ltr'>tri·</span> 
     </span>
     <span class='ocr_line' id='line_1_61' title="bbox 821 1514 1367 1579; baseline -0.004 -13"><span class='ocrx_word' id='word_1_326' title='bbox 821 1516 881 1566; x_wconf 90' lang='lat' dir='ltr'>buti</span> <span class='ocrx_word' id='word_1_327' title='bbox 893 1528 1025 1564; x_wconf 86' lang='lat' dir='ltr'>summam</span> <span class='ocrx_word' id='word_1_328' title='bbox 1034 1514 1093 1579; x_wconf 77' lang='lat' dir='ltr'>regi</span> <span class='ocrx_word' id='word_1_329' title='bbox 1106 1515 1253 1579; x_wconf 86' lang='lat' dir='ltr'>quotannis</span> <span class='ocrx_word' id='word_1_330' title='bbox 1265 1515 1301 1565; x_wconf 88' lang='lat' dir='ltr'>ad</span> <span class='ocrx_word' id='word_1_331' title='bbox 1315 1515 1367 1565; x_wconf 76' lang='lat' dir='ltr'>Idi·</span> 
     </span>
     <span class='ocr_line' id='line_1_62' title="bbox 821 1582 1367 1649; baseline 0.002 -14"><span class='ocrx_word' id='word_1_332' title='bbox 821 1585 900 1636; x_wconf 81' lang='lat' dir='ltr'>three</span> <span class='ocrx_word' id='word_1_333' title='bbox 912 1584 1013 1634; x_wconf 80' lang='lat' dir='ltr'>festum</span> <span class='ocrx_word' id='word_1_334' title='bbox 1032 1582 1165 1635; x_wconf 85' lang='lat' dir='ltr'>obtulisse</span> <span class='ocrx_word' id='word_1_335' title='bbox 1182 1583 1280 1649; x_wconf 74' lang='lat' dir='ltr'>viginti</span> <span class='ocrx_word' id='word_1_336' title='bbox 1291 1583 1367 1636; x_wconf 88' lang='lat' dir='ltr'>mille</span> 
     </span>
     <span class='ocr_line' id='line_1_63' title="bbox 821 1651 1368 1789; baseline 0 -16"><span class='ocrx_word' id='word_1_337' title='bbox 821 1651 1154 1789; x_wconf 39' lang='grc' dir='ltr'>Θ(18481031181Ιοὲαγοιρκίων]</span> <span class='ocrx_word' id='word_1_338' title='bbox 1176 1721 1265 1773; x_wconf 90' lang='lat' dir='ltr'>Huius</span> <span class='ocrx_word' id='word_1_339' title='bbox 1278 1726 1368 1775; x_wconf 85' lang='lat' dir='ltr'>satra·</span> 
     </span>
     <span class='ocr_line' id='line_1_64' title="bbox 821 1790 1367 1862; baseline -0.002 -17"><span class='ocrx_word' id='word_1_340' title='bbox 821 1795 884 1862; x_wconf 86' lang='lat' dir='ltr'>piae</span> <span class='ocrx_word' id='word_1_341' title='bbox 901 1793 1007 1844; x_wconf 88' lang='lat' dir='ltr'>ambitu</span> <span class='ocrx_word' id='word_1_342' title='bbox 1020 1790 1159 1843; x_wconf 80' lang='lat' dir='ltr'>Persidem</span> <span class='ocrx_word' id='word_1_343' title='bbox 1172 1793 1313 1858; x_wconf 87' lang='lat' dir='ltr'>propriam</span> <span class='ocrx_word' id='word_1_344' title='bbox 1327 1795 1367 1844; x_wconf 90' lang='lat' dir='ltr'>iu·</span> 
     </span>
     <span class='ocr_line' id='line_1_65' title="bbox 822 1860 1368 1927; baseline -0.002 -12"><span class='ocrx_word' id='word_1_345' title='bbox 822 1862 910 1927; x_wconf 86' lang='lat' dir='ltr'>cludi,</span> <span class='ocrx_word' id='word_1_346' title='bbox 933 1863 1015 1915; x_wconf 88' lang='lat' dir='ltr'>sitam</span> <span class='ocrx_word' id='word_1_347' title='bbox 1039 1860 1111 1912; x_wconf 88' lang='lat' dir='ltr'>iuter</span> <span class='ocrx_word' id='word_1_348' title='bbox 1136 1861 1313 1927; x_wconf 75' lang='lat' dir='ltr'>Saraugaeos</span> <span class='ocrx_word' id='word_1_349' title='bbox 1340 1870 1368 1914; x_wconf 91' lang='lat' dir='ltr'>et</span> 
     </span>
     <span class='ocr_line' id='line_1_66' title="bbox 822 1901 1369 1998; baseline -0.002 -13"><span class='ocrx_word' id='word_1_350' title='bbox 822 1901 962 1986; x_wconf 67' lang='lat' dir='ltr'>Persicum</span> <span class='ocrx_word' id='word_1_351' title='bbox 973 1932 1061 1984; x_wconf 88' lang='lat' dir='ltr'>sinum</span> <span class='ocrx_word' id='word_1_352' title='bbox 1073 1936 1156 1998; x_wconf 88' lang='lat' dir='ltr'>atque</span> <span class='ocrx_word' id='word_1_353' title='bbox 1165 1931 1306 1984; x_wconf 87' lang='lat' dir='ltr'>ordinario</span> <span class='ocrx_word' id='word_1_354' title='bbox 1320 1936 1369 1984; x_wconf 90' lang='lat' dir='ltr'>tri</span> 
     </span>
     <span class='ocr_line' id='line_1_67' title="bbox 821 2001 1368 2067; baseline -0.002 -11"><span class='ocrx_word' id='word_1_355' title='bbox 821 2005 889 2056; x_wconf 87' lang='lat' dir='ltr'>bute</span> <span class='ocrx_word' id='word_1_356' title='bbox 902 2006 1057 2067; x_wconf 84' lang='lat' dir='ltr'>exemptam</span> <span class='ocrx_word' id='word_1_357' title='bbox 1068 2005 1140 2052; x_wconf 88' lang='lat' dir='ltr'>teste</span> <span class='ocrx_word' id='word_1_358' title='bbox 1153 2001 1295 2054; x_wconf 83' lang='lat' dir='ltr'>Herodoto</span> <span class='ocrx_word' id='word_1_359' title='bbox 1314 2004 1368 2066; x_wconf 90' lang='grc' dir='ltr'>ΙΙΙ,</span> 
     </span>
     <span class='ocr_line' id='line_1_68' title="bbox 823 2071 1369 2135; baseline 0 -10"><span class='ocrx_word' id='word_1_360' title='bbox 823 2074 867 2135; x_wconf 81' lang='grc'>97,</span> <span class='ocrx_word' id='word_1_361' title='bbox 881 2072 956 2124; x_wconf 86' lang='lat' dir='ltr'>baud</span> <span class='ocrx_word' id='word_1_362' title='bbox 975 2071 1077 2122; x_wconf 79' lang='lat' dir='ltr'>iuiurit</span> <span class='ocrx_word' id='word_1_363' title='bbox 1095 2071 1241 2124; x_wconf 83' lang='lat' dir='ltr'>observare</span> <span class='ocrx_word' id='word_1_364' title='bbox 1256 2073 1369 2125; x_wconf 82' lang='lat' dir='ltr'>videtur</span> 
     </span>
     <span class='ocr_line' id='line_1_69' title="bbox 823 2134 1367 2224; baseline 0 -29"><span class='ocrx_word' id='word_1_365' title='bbox 823 2141 934 2195; x_wconf 80' lang='lat' dir='ltr'>Reuuel</span> <span class='ocrx_word' id='word_1_366' title='bbox 950 2141 969 2193; x_wconf 90' lang='lat' dir='ltr'>l.</span> <span class='ocrx_word' id='word_1_367' title='bbox 980 2141 1000 2193; x_wconf 89' lang='lat' dir='ltr'>l.</span> <span class='ocrx_word' id='word_1_368' title='bbox 1014 2156 1076 2206; x_wconf 77' lang='lat' dir='ltr'>pag.</span> <span class='ocrx_word' id='word_1_369' title='bbox 1089 2140 1197 2193; x_wconf 79' lang='grc'>508-</span> <span class='ocrx_word' id='word_1_370' title='bbox 1163 2134 1367 2224; x_wconf 24' lang='lat' dir='ltr'>—tDeSaqar-</span> 
     </span>
     <span class='ocr_line' id='line_1_70' title="bbox 822 2210 1369 2280; baseline -0.002 -15"><span class='ocrx_word' id='word_1_371' title='bbox 822 2216 879 2278; x_wconf 81' lang='lat' dir='ltr'>tiis,</span> <span class='ocrx_word' id='word_1_372' title='bbox 899 2227 967 2280; x_wconf 82' lang='lat' dir='ltr'>quoe</span> <span class='ocrx_word' id='word_1_373' title='bbox 987 2210 1091 2263; x_wconf 85' lang='lat' dir='ltr'>incolas</span> <span class='ocrx_word' id='word_1_374' title='bbox 1109 2211 1230 2277; x_wconf 69' lang='lat' dir='ltr'>regionis</span> <span class='ocrx_word' id='word_1_375' title='bbox 1251 2213 1369 2279; x_wconf 79' lang='lat' dir='ltr'>Zagatai</span> 
     </span>
     <span class='ocr_line' id='line_1_71' title="bbox 823 2279 1370 2347; baseline 0.002 -14"><span class='ocrx_word' id='word_1_376' title='bbox 823 2297 883 2334; x_wconf 87' lang='lat' dir='ltr'>ease</span> <span class='ocrx_word' id='word_1_377' title='bbox 898 2281 1057 2347; x_wconf 85' lang='lat' dir='ltr'>suspicatur</span> <span class='ocrx_word' id='word_1_378' title='bbox 1069 2279 1142 2331; x_wconf 85' lang='lat' dir='ltr'>idem</span> <span class='ocrx_word' id='word_1_379' title='bbox 1154 2280 1267 2332; x_wconf 84' lang='lat' dir='ltr'>Reuuel.</span> <span class='ocrx_word' id='word_1_380' title='bbox 1275 2283 1370 2345; x_wconf 81' lang='lat' dir='ltr'>,diri-</span> 
     </span>
     <span class='ocr_line' id='line_1_72' title="bbox 823 2350 1369 2417; baseline 0.002 -15"><span class='ocrx_word' id='word_1_381' title='bbox 823 2366 882 2403; x_wconf 86' lang='lat' dir='ltr'>mas</span> <span class='ocrx_word' id='word_1_382' title='bbox 896 2351 967 2415; x_wconf 90' lang='lat' dir='ltr'>adl,</span> <span class='ocrx_word' id='word_1_383' title='bbox 984 2351 1043 2403; x_wconf 91' lang='grc'>125.</span> <span class='ocrx_word' id='word_1_384' title='bbox 1070 2350 1104 2401; x_wconf 84' lang='lat' dir='ltr'>In</span> <span class='ocrx_word' id='word_1_385' title='bbox 1118 2350 1210 2401; x_wconf 82' lang='lat' dir='ltr'>Media</span> <span class='ocrx_word' id='word_1_386' title='bbox 1227 2351 1369 2417; x_wconf 87' lang='lat' dir='ltr'>aquilonia</span> 
     </span>
     <span class='ocr_line' id='line_1_73' title="bbox 823 2420 1369 2485; baseline 0.004 -13"><span class='ocrx_word' id='word_1_387' title='bbox 823 2422 965 2472; x_wconf 86' lang='lat' dir='ltr'>habitasse</span> <span class='ocrx_word' id='word_1_388' title='bbox 986 2435 1041 2471; x_wconf 88' lang='lat' dir='ltr'>non</span> <span class='ocrx_word' id='word_1_389' title='bbox 1060 2420 1240 2485; x_wconf 85' lang='lat' dir='ltr'>improbabile</span> <span class='ocrx_word' id='word_1_390' title='bbox 1257 2422 1369 2474; x_wconf 82' lang='lat' dir='ltr'>videtur</span> 
     </span>
     <span class='ocr_line' id='line_1_74' title="bbox 823 2487 1370 2557; baseline 0.005 -15"><span class='ocrx_word' id='word_1_391' title='bbox 823 2491 931 2543; x_wconf 84' lang='lat' dir='ltr'>Gatter.</span> <span class='ocrx_word' id='word_1_392' title='bbox 942 2490 989 2556; x_wconf 84' lang='lat' dir='ltr'>(ad</span> <span class='ocrx_word' id='word_1_393' title='bbox 999 2487 1163 2541; x_wconf 86' lang='lat' dir='ltr'>Billerbeck.</span> <span class='ocrx_word' id='word_1_394' title='bbox 1175 2489 1193 2541; x_wconf 92' lang='lat' dir='ltr'>l.</span> <span class='ocrx_word' id='word_1_395' title='bbox 1205 2490 1221 2541; x_wconf 83' lang='lat' dir='ltr'>l</span> <span class='ocrx_word' id='word_1_396' title='bbox 1236 2505 1302 2557; x_wconf 73' lang='lat' dir='ltr'>pag.</span> <span class='ocrx_word' id='word_1_397' title='bbox 1314 2492 1370 2557; x_wconf 85' lang='grc'>10).</span> 
     </span>
     <span class='ocr_line' id='line_1_75' title="bbox 824 2558 1369 2629; baseline 0.002 -16"><span class='ocrx_word' id='word_1_398' title='bbox 824 2561 939 2614; x_wconf 80' lang='lat' dir='ltr'>Gentem</span> <span class='ocrx_word' id='word_1_399' title='bbox 957 2558 1103 2612; x_wconf 86' lang='lat' dir='ltr'>nomadum</span> <span class='ocrx_word' id='word_1_400' title='bbox 1125 2560 1155 2611; x_wconf 89' lang='lat' dir='ltr'>iu</span> <span class='ocrx_word' id='word_1_401' title='bbox 1176 2560 1290 2614; x_wconf 84' lang='lat' dir='ltr'>Perside</span> <span class='ocrx_word' id='word_1_402' title='bbox 1308 2579 1369 2629; x_wconf 85' lang='lat' dir='ltr'>pro·</span> 
     </span>
     <span class='ocr_line' id='line_1_76' title="bbox 824 2629 1370 2699; baseline 0.004 -17"><span class='ocrx_word' id='word_1_403' title='bbox 824 2632 884 2699; x_wconf 86' lang='lat' dir='ltr'>pria</span> <span class='ocrx_word' id='word_1_404' title='bbox 901 2631 988 2683; x_wconf 79' lang='lat' dir='ltr'>luisse</span> <span class='ocrx_word' id='word_1_405' title='bbox 1008 2629 1109 2681; x_wconf 83' lang='lat' dir='ltr'>statuit</span> <span class='ocrx_word' id='word_1_406' title='bbox 1124 2629 1291 2683; x_wconf 81' lang='lat' dir='ltr'>Maltebruu.</span> <span class='ocrx_word' id='word_1_407' title='bbox 1312 2632 1330 2684; x_wconf 92' lang='lat' dir='ltr'>l.</span> <span class='ocrx_word' id='word_1_408' title='bbox 1352 2632 1370 2685; x_wconf 87' lang='grc' dir='ltr'>Ι.</span> 
     </span>
     <span class='ocr_line' id='line_1_77' title="bbox 824 2699 1370 2768; baseline 0.002 -15"><span class='ocrx_word' id='word_1_409' title='bbox 824 2718 888 2768; x_wconf 77' lang='lat' dir='ltr'>pag.</span> <span class='ocrx_word' id='word_1_410' title='bbox 913 2700 974 2753; x_wconf 89' lang='grc'>340.</span> <span class='ocrx_word' id='word_1_411' title='bbox 1001 2700 1126 2751; x_wconf 88' lang='lat' dir='ltr'>Pertinet</span> <span class='ocrx_word' id='word_1_412' title='bbox 1152 2699 1205 2752; x_wconf 84' lang='lat' dir='ltr'>buc</span> <span class='ocrx_word' id='word_1_413' title='bbox 1224 2717 1258 2752; x_wconf 87' lang='lat' dir='ltr'>ea</span> <span class='ocrx_word' id='word_1_414' title='bbox 1286 2707 1370 2766; x_wconf 84' lang='lat' dir='ltr'>terra,</span> 
     </span>
     <span class='ocr_line' id='line_1_78' title="bbox 826 2770 1371 2839; baseline 0.002 -16"><span class='ocrx_word' id='word_1_415' title='bbox 826 2787 897 2839; x_wconf 87' lang='lat' dir='ltr'>quae</span> <span class='ocrx_word' id='word_1_416' title='bbox 914 2772 942 2822; x_wconf 91' lang='lat' dir='ltr'>iu</span> <span class='ocrx_word' id='word_1_417' title='bbox 958 2770 1167 2836; x_wconf 83' lang='lat' dir='ltr'>Persepolitaua</span> <span class='ocrx_word' id='word_1_418' title='bbox 1189 2771 1371 2838; x_wconf 85' lang='lat' dir='ltr'>inscriptione</span> 
     </span>
     <span class='ocr_line' id='line_1_79' title="bbox 825 2839 1371 2907; baseline 0.004 -14"><span class='ocrx_word' id='word_1_419' title='bbox 825 2846 942 2893; x_wconf 76' lang='lat' dir='ltr'>vocatur</span> <span class='ocrx_word' id='word_1_420' title='bbox 950 2841 1096 2907; x_wconf 73' lang='lat' dir='ltr'>Aaapma,</span> <span class='ocrx_word' id='word_1_421' title='bbox 1107 2839 1140 2891; x_wconf 89' lang='lat' dir='ltr'>de</span> <span class='ocrx_word' id='word_1_422' title='bbox 1151 2856 1205 2907; x_wconf 90' lang='lat' dir='ltr'>qua</span> <span class='ocrx_word' id='word_1_423' title='bbox 1216 2841 1291 2892; x_wconf 81' lang='lat' dir='ltr'>cont.</span> <span class='ocrx_word' id='word_1_424' title='bbox 1301 2843 1371 2895; x_wconf 82' lang='lat' dir='ltr'>Las-</span> 
     </span>
     <span class='ocr_line' id='line_1_80' title="bbox 826 2909 1370 2977; baseline 0 -13"><span class='ocrx_word' id='word_1_425' title='bbox 826 2928 876 2964; x_wconf 88' lang='lat' dir='ltr'>seu</span> <span class='ocrx_word' id='word_1_426' title='bbox 897 2909 1056 2963; x_wconf 84' lang='lat' dir='ltr'>Zeitscbriit</span> <span class='ocrx_word' id='word_1_427' title='bbox 1084 2914 1136 2961; x_wconf 84' lang='lat' dir='ltr'>stc.</span> <span class='ocrx_word' id='word_1_428' title='bbox 1161 2910 1209 2961; x_wconf 87' lang='lat' dir='ltr'>Vl.</span> <span class='ocrx_word' id='word_1_429' title='bbox 1233 2927 1297 2977; x_wconf 74' lang='lat' dir='ltr'>pag.</span> <span class='ocrx_word' id='word_1_430' title='bbox 1327 2915 1370 2975; x_wconf 83' lang='grc'>54,</span> 
     </span>
     <span class='ocr_line' id='line_1_81' title="bbox 826 2979 1369 3045; baseline -0.004 -12"><span class='ocrx_word' id='word_1_431' title='bbox 826 2980 985 3033; x_wconf 78' lang='lat' dir='ltr'>Rawlinsou</span> <span class='ocrx_word' id='word_1_432' title='bbox 998 2980 1017 3030; x_wconf 86' lang='lat' dir='ltr'>l.</span> <span class='ocrx_word' id='word_1_433' title='bbox 1030 2979 1049 3031; x_wconf 92' lang='grc'>1.</span> <span class='ocrx_word' id='word_1_434' title='bbox 1069 2995 1134 3045; x_wconf 78' lang='lat' dir='ltr'>pag.</span> <span class='ocrx_word' id='word_1_435' title='bbox 1147 2979 1182 3030; x_wconf 89' lang='grc'>02</span> <span class='ocrx_word' id='word_1_436' title='bbox 1199 2985 1227 3031; x_wconf 87' lang='lat' dir='ltr'>et</span> <span class='ocrx_word' id='word_1_437' title='bbox 1240 2981 1333 3034; x_wconf 85' lang='lat' dir='ltr'>Bitter</span> <span class='ocrx_word' id='word_1_438' title='bbox 1351 2982 1369 3032; x_wconf 86' lang='lat' dir='ltr'>l.</span> 
     </span>
     <span class='ocr_line' id='line_1_82' title="bbox 826 3048 1370 3117; baseline 0.006 -17"><span class='ocrx_word' id='word_1_439' title='bbox 826 3050 845 3103; x_wconf 92' lang='grc' dir='ltr'>Ι.</span> <span class='ocrx_word' id='word_1_440' title='bbox 859 3066 922 3117; x_wconf 77' lang='lat' dir='ltr'>pag.</span> <span class='ocrx_word' id='word_1_441' title='bbox 933 3050 977 3102; x_wconf 89' lang='grc'>99.</span> <span class='ocrx_word' id='word_1_442' title='bbox 993 3049 1027 3100; x_wconf 90' lang='grc' dir='ltr'>Ιιι</span> <span class='ocrx_word' id='word_1_443' title='bbox 1034 3048 1199 3102; x_wconf 83' lang='lat' dir='ltr'>Sesostridis</span> <span class='ocrx_word' id='word_1_444' title='bbox 1212 3051 1370 3117; x_wconf 88' lang='lat' dir='ltr'>inscriptio·</span> 
     </span>
     <span class='ocr_line' id='line_1_83' title="bbox 825 3120 1371 3187; baseline -0.002 -16"><span class='ocrx_word' id='word_1_445' title='bbox 825 3136 861 3171; x_wconf 92' lang='lat' dir='ltr'>ne</span> <span class='ocrx_word' id='word_1_446' title='bbox 886 3120 958 3185; x_wconf 89' lang='lat' dir='ltr'>quod</span> <span class='ocrx_word' id='word_1_447' title='bbox 987 3134 1085 3170; x_wconf 89' lang='lat' dir='ltr'>nomen</span> <span class='ocrx_word' id='word_1_448' title='bbox 1116 3121 1207 3186; x_wconf 74' lang='lat' dir='ltr'>gentis</span> <span class='ocrx_word' id='word_1_449' title='bbox 1233 3122 1371 3187; x_wconf 85' lang='lat' dir='ltr'>reperitur</span> 
     </span>
     <span class='ocr_line' id='line_1_84' title="bbox 825 3188 1371 3255; baseline 0 -13"><span class='ocrx_word' id='word_1_450' title='bbox 825 3189 1020 3251; x_wconf 65' lang='lat' dir='ltr'>scertamen,</span> <span class='ocrx_word' id='word_1_451' title='bbox 1043 3188 1071 3239; x_wconf 87' lang='lat' dir='ltr'>id</span> <span class='ocrx_word' id='word_1_452' title='bbox 1089 3189 1124 3239; x_wconf 88' lang='lat' dir='ltr'>ad</span> <span class='ocrx_word' id='word_1_453' title='bbox 1142 3189 1284 3255; x_wconf 73' lang='lat' dir='ltr'>Sagartioa</span> <span class='ocrx_word' id='word_1_454' title='bbox 1301 3190 1371 3243; x_wconf 82' lang='lat' dir='ltr'>rela-</span> 
     </span>
     <span class='ocr_line' id='line_1_85' title="bbox 824 3257 1372 3324; baseline 0 -13"><span class='ocrx_word' id='word_1_455' title='bbox 824 3264 882 3311; x_wconf 90' lang='lat' dir='ltr'>tum</span> <span class='ocrx_word' id='word_1_456' title='bbox 894 3259 954 3311; x_wconf 86' lang='lat' dir='ltr'>vult</span> <span class='ocrx_word' id='word_1_457' title='bbox 969 3258 1003 3310; x_wconf 89' lang='lat' dir='ltr'>de</span> <span class='ocrx_word' id='word_1_458' title='bbox 1018 3257 1112 3324; x_wconf 71' lang='lat' dir='ltr'>Rouge</span> <span class='ocrx_word' id='word_1_459' title='bbox 1125 3258 1260 3311; x_wconf 64' lang='lat' dir='ltr'>inl-then.</span> <span class='ocrx_word' id='word_1_460' title='bbox 1269 3261 1372 3313; x_wconf 82' lang='lat' dir='ltr'>Pranc.</span> 
     </span>
     <span class='ocr_line' id='line_1_86' title="bbox 826 3327 1371 3449; baseline 0.002 -69"><span class='ocrx_word' id='word_1_461' title='bbox 826 3329 903 3449; x_wconf 37' lang='lat' dir='ltr'>deb&amp;</span> <span class='ocrx_word' id='word_1_462' title='bbox 914 3345 955 3381; x_wconf 87' lang='lat' dir='ltr'>ur.</span> <span class='ocrx_word' id='word_1_463' title='bbox 965 3330 1009 3380; x_wconf 86' lang='grc'>44.</span> <span class='ocrx_word' id='word_1_464' title='bbox 1023 3328 1122 3394; x_wconf 68' lang='lat' dir='ltr'>ptos:</span> <span class='ocrx_word' id='word_1_465' title='bbox 1134 3327 1168 3380; x_wconf 87' lang='lat' dir='ltr'>ds</span> <span class='ocrx_word' id='word_1_466' title='bbox 1180 3345 1232 3396; x_wconf 90' lang='lat' dir='ltr'>quo</span> <span class='ocrx_word' id='word_1_467' title='bbox 1245 3330 1371 3397; x_wconf 87' lang='lat' dir='ltr'>equidem</span> 
     </span>
     <span class='ocr_line' id='line_1_87' title="bbox 844 3399 931 3451; baseline 0 0"><span class='ocrx_word' id='word_1_468' title='bbox 844 3414 862 3451; x_wconf 89' lang='lat' dir='ltr'>u</span> <span class='ocrx_word' id='word_1_469' title='bbox 881 3399 931 3451; x_wconf 85' lang='lat' dir='ltr'>ito.</span> 
     </span>
    </p>

    <p class='ocr_par' dir='ltr' id='par_1_14' title="bbox 824 3463 1375 4367">
     <span class='ocr_line' id='line_1_88' title="bbox 859 3463 1372 3534; baseline 0.004 -16"><span class='ocrx_word' id='word_1_470' title='bbox 859 3463 908 3518; x_wconf 80' lang='grc' dir='ltr'>καί</span> <span class='ocrx_word' id='word_1_471' title='bbox 919 3463 1100 3532; x_wconf 75' lang='grc' dir='ltr'><strong><em>Σαραγγέων]</em></strong></span> <span class='ocrx_word' id='word_1_472' title='bbox 1115 3468 1248 3534; x_wconf 69' lang='lat' dir='ltr'>Sermiana</span> <span class='ocrx_word' id='word_1_473' title='bbox 1253 3467 1372 3520; x_wconf 82' lang='lat' dir='ltr'>Renuel.</span> 
     </span>
     <span class='ocr_line' id='line_1_89' title="bbox 824 3534 1375 3606; baseline 0 -17"><span class='ocrx_word' id='word_1_474' title='bbox 824 3536 845 3589; x_wconf 86' lang='lat'>1.</span> <span class='ocrx_word' id='word_1_475' title='bbox 864 3537 882 3588; x_wconf 89' lang='lat' dir='ltr'>l.</span> <span class='ocrx_word' id='word_1_476' title='bbox 901 3542 976 3589; x_wconf 86' lang='lat' dir='ltr'>recte</span> <span class='ocrx_word' id='word_1_477' title='bbox 993 3534 1110 3590; x_wconf 88' lang='lat' dir='ltr'>collocat</span> <span class='ocrx_word' id='word_1_478' title='bbox 1128 3538 1157 3587; x_wconf 91' lang='lat' dir='ltr'>in</span> <span class='ocrx_word' id='word_1_479' title='bbox 1175 3541 1248 3587; x_wconf 86' lang='lat' dir='ltr'>terra</span> <span class='ocrx_word' id='word_1_480' title='bbox 1268 3540 1375 3606; x_wconf 76' lang='grc' dir='ltr'><strong><em>Ζανωιρ</em></strong></span> 
     </span>
     <span class='ocr_line' id='line_1_90' title="bbox 825 3606 1374 3673; baseline 0.002 -15"><span class='ocrx_word' id='word_1_481' title='bbox 825 3624 848 3659; x_wconf 88' lang='lat' dir='ltr'>s.</span> <span class='ocrx_word' id='word_1_482' title='bbox 861 3609 996 3669; x_wconf 74' lang='lat' dir='ltr'>Sotiates,</span> <span class='ocrx_word' id='word_1_483' title='bbox 1010 3611 1041 3657; x_wconf 91' lang='lat' dir='ltr'>ut</span> <span class='ocrx_word' id='word_1_484' title='bbox 1054 3621 1125 3658; x_wconf 89' lang='lat' dir='ltr'>nuuc</span> <span class='ocrx_word' id='word_1_485' title='bbox 1138 3606 1303 3673; x_wconf 88' lang='lat' dir='ltr'>appellatur.</span> <span class='ocrx_word' id='word_1_486' title='bbox 1329 3609 1374 3659; x_wconf 86' lang='lat' dir='ltr'>Tu</span> 
     </span>
     <span class='ocr_line' id='line_1_91' title="bbox 825 3675 1375 3743; baseline 0.002 -16"><span class='ocrx_word' id='word_1_487' title='bbox 825 3677 882 3729; x_wconf 84' lang='lat' dir='ltr'>rid.</span> <span class='ocrx_word' id='word_1_488' title='bbox 898 3677 970 3741; x_wconf 86' lang='lat' dir='ltr'>vn,</span> <span class='ocrx_word' id='word_1_489' title='bbox 994 3678 1039 3730; x_wconf 82' lang='grc'>07.</span> <span class='ocrx_word' id='word_1_490' title='bbox 1059 3675 1118 3739; x_wconf 90' lang='grc' dir='ltr'>ΙΙΙ,</span> <span class='ocrx_word' id='word_1_491' title='bbox 1143 3677 1194 3728; x_wconf 81' lang='grc'>111</span> <span class='ocrx_word' id='word_1_492' title='bbox 1214 3681 1242 3728; x_wconf 88' lang='lat' dir='ltr'>et</span> <span class='ocrx_word' id='word_1_493' title='bbox 1261 3678 1375 3743; x_wconf 88' lang='lat' dir='ltr'>potissi-</span> 
     </span>
     <span class='ocr_line' id='line_1_92' title="bbox 825 3745 1375 3812; baseline 0.004 -14"><span class='ocrx_word' id='word_1_494' title='bbox 825 3763 898 3798; x_wconf 89' lang='lat' dir='ltr'>mum</span> <span class='ocrx_word' id='word_1_495' title='bbox 908 3747 1026 3798; x_wconf 86' lang='lat' dir='ltr'>Heereu.</span> <span class='ocrx_word' id='word_1_496' title='bbox 1044 3745 1129 3798; x_wconf 87' lang='lat' dir='ltr'>Ideen</span> <span class='ocrx_word' id='word_1_497' title='bbox 1142 3746 1166 3812; x_wconf 89' lang='lat'>1,</span> <span class='ocrx_word' id='word_1_498' title='bbox 1183 3746 1207 3798; x_wconf 90' lang='lat' dir='ltr'>I.</span> <span class='ocrx_word' id='word_1_499' title='bbox 1221 3762 1285 3812; x_wconf 77' lang='lat' dir='ltr'>pag.</span> <span class='ocrx_word' id='word_1_500' title='bbox 1308 3746 1375 3810; x_wconf 78' lang='grc'>334,</span> 
     </span>
     <span class='ocr_line' id='line_1_93' title="bbox 825 3815 1373 3885; baseline 0.005 -18"><span class='ocrx_word' id='word_1_501' title='bbox 825 3818 932 3868; x_wconf 81' lang='lat' dir='ltr'>Ritter:</span> <span class='ocrx_word' id='word_1_502' title='bbox 945 3815 1093 3868; x_wconf 86' lang='lat' dir='ltr'>Erdkunde</span> <span class='ocrx_word' id='word_1_503' title='bbox 1109 3816 1148 3867; x_wconf 89' lang='lat'>11.</span> <span class='ocrx_word' id='word_1_504' title='bbox 1168 3832 1231 3882; x_wconf 77' lang='lat' dir='ltr'>pag.</span> <span class='ocrx_word' id='word_1_505' title='bbox 1251 3816 1283 3869; x_wconf 91' lang='grc'>18</span> <span class='ocrx_word' id='word_1_506' title='bbox 1294 3832 1373 3885; x_wconf 83' lang='lat' dir='ltr'>seqq.</span> 
     </span>
     <span class='ocr_line' id='line_1_94' title="bbox 825 3885 1375 3954; baseline 0.002 -16"><span class='ocrx_word' id='word_1_507' title='bbox 825 3888 857 3939; x_wconf 86' lang='grc'>21</span> <span class='ocrx_word' id='word_1_508' title='bbox 869 3902 944 3953; x_wconf 89' lang='lat' dir='ltr'>seqq.</span> <span class='ocrx_word' id='word_1_509' title='bbox 968 3887 1039 3938; x_wconf 80' lang='lat' dir='ltr'>Nam</span> <span class='ocrx_word' id='word_1_510' title='bbox 1050 3885 1203 3938; x_wconf 86' lang='lat' dir='ltr'>celebratur</span> <span class='ocrx_word' id='word_1_511' title='bbox 1214 3885 1283 3938; x_wconf 82' lang='lat' dir='ltr'>haec</span> <span class='ocrx_word' id='word_1_512' title='bbox 1294 3888 1375 3954; x_wconf 77' lang='lat' dir='ltr'>regio</span> 
     </span>
     <span class='ocr_line' id='line_1_95' title="bbox 826 3956 1374 4023; baseline 0.004 -16"><span class='ocrx_word' id='word_1_513' title='bbox 826 3957 855 4008; x_wconf 88' lang='lat' dir='ltr'>in</span> <span class='ocrx_word' id='word_1_514' title='bbox 873 3956 996 4023; x_wconf 88' lang='lat' dir='ltr'>antiquis</span> <span class='ocrx_word' id='word_1_515' title='bbox 1009 3957 1153 4007; x_wconf 86' lang='lat' dir='ltr'>Persarum</span> <span class='ocrx_word' id='word_1_516' title='bbox 1173 3956 1374 4009; x_wconf 85' lang='lat' dir='ltr'>traditionibus</span> 
     </span>
     <span class='ocr_line' id='line_1_96' title="bbox 824 4024 1374 4091; baseline -0.002 -13"><span class='ocrx_word' id='word_1_517' title='bbox 824 4027 968 4091; x_wconf 80' lang='lat' dir='ltr'>sacrisque</span> <span class='ocrx_word' id='word_1_518' title='bbox 997 4024 1161 4078; x_wconf 82' lang='lat' dir='ltr'>libris&#39;sive</span> <span class='ocrx_word' id='word_1_519' title='bbox 1193 4027 1374 4090; x_wconf 86' lang='lat' dir='ltr'>carminibus,</span> 
     </span>
     <span class='ocr_line' id='line_1_97' title="bbox 826 4096 1373 4162; baseline 0.004 -16"><span class='ocrx_word' id='word_1_520' title='bbox 826 4097 926 4162; x_wconf 89' lang='lat' dir='ltr'>quippe</span> <span class='ocrx_word' id='word_1_521' title='bbox 943 4111 1013 4162; x_wconf 88' lang='lat' dir='ltr'>quae</span> <span class='ocrx_word' id='word_1_522' title='bbox 1035 4096 1147 4147; x_wconf 85' lang='lat' dir='ltr'>heroum</span> <span class='ocrx_word' id='word_1_523' title='bbox 1163 4096 1242 4148; x_wconf 86' lang='lat' dir='ltr'>sedes</span> <span class='ocrx_word' id='word_1_524' title='bbox 1261 4103 1289 4148; x_wconf 87' lang='lat' dir='ltr'>et</span> <span class='ocrx_word' id='word_1_525' title='bbox 1307 4096 1373 4148; x_wconf 88' lang='lat' dir='ltr'>deo·</span> 
     </span>
     <span class='ocr_line' id='line_1_98' title="bbox 826 4165 1374 4232; baseline 0 -15"><span class='ocrx_word' id='word_1_526' title='bbox 826 4182 885 4218; x_wconf 86' lang='lat' dir='ltr'>rum</span> <span class='ocrx_word' id='word_1_527' title='bbox 905 4166 984 4232; x_wconf 87' lang='lat' dir='ltr'>quasi</span> <span class='ocrx_word' id='word_1_528' title='bbox 1001 4166 1092 4232; x_wconf 92' lang='lat' dir='ltr'>patria</span> <span class='ocrx_word' id='word_1_529' title='bbox 1109 4165 1203 4218; x_wconf 83' lang='lat' dir='ltr'>fuerit.</span> <span class='ocrx_word' id='word_1_530' title='bbox 1227 4166 1260 4217; x_wconf 90' lang='lat' dir='ltr'>In</span> <span class='ocrx_word' id='word_1_531' title='bbox 1274 4167 1374 4219; x_wconf 87' lang='lat' dir='ltr'>inscri-</span> 
     </span>
     <span class='ocr_line' id='line_1_99' title="bbox 825 4235 1374 4303; baseline 0.005 -17"><span class='ocrx_word' id='word_1_532' title='bbox 825 4236 966 4303; x_wconf 90' lang='lat' dir='ltr'>ptionibus</span> <span class='ocrx_word' id='word_1_533' title='bbox 984 4236 1074 4288; x_wconf 87' lang='lat' dir='ltr'>tribus</span> <span class='ocrx_word' id='word_1_534' title='bbox 1091 4235 1159 4289; x_wconf 86' lang='lat' dir='ltr'>baec</span> <span class='ocrx_word' id='word_1_535' title='bbox 1176 4251 1281 4302; x_wconf 81' lang='lat' dir='ltr'>genas.</span> <span class='ocrx_word' id='word_1_536' title='bbox 1295 4242 1374 4289; x_wconf 86' lang='lat' dir='ltr'>terra</span> 
     </span>
     <span class='ocr_line' id='line_1_100' title="bbox 826 4307 1372 4367; baseline -0.004 -10"><span class='ocrx_word' id='word_1_537' title='bbox 826 4307 984 4357; x_wconf 86' lang='lat' dir='ltr'>nominatur</span> <span class='ocrx_word' id='word_1_538' title='bbox 1011 4308 1131 4357; x_wconf 76' lang='lat' dir='ltr'>Zeranka</span> <span class='ocrx_word' id='word_1_539' title='bbox 1151 4321 1174 4358; x_wconf 92' lang='lat' dir='ltr'>s.</span> <span class='ocrx_word' id='word_1_540' title='bbox 1204 4308 1303 4367; x_wconf 77' lang='lat' dir='ltr'>Zaruk3</span> <span class='ocrx_word' id='word_1_541' title='bbox 1332 4307 1372 4357; x_wconf 81' lang='lat' dir='ltr'>ci.</span> 
     </span>
    </p>
   </div>
   <div class='ocr_carea' id='block_1_13' title="bbox 229 4373 1373 4441">
    <p class='ocr_par' dir='ltr' id='par_1_15' title="bbox 229 4373 1373 4441">
     <span class='ocr_line' id='line_1_101' title="bbox 229 4373 1373 4441; baseline 0.003 -17"><span class='ocrx_word' id='word_1_542' title='bbox 229 4373 288 4424; x_wconf 83' lang='lat' dir='ltr'>tisri</span> <span class='ocrx_word' id='word_1_543' title='bbox 301 4375 409 4437; x_wconf 88' lang='lat' dir='ltr'>potuit,</span> <span class='ocrx_word' id='word_1_544' title='bbox 429 4387 484 4438; x_wconf 89' lang='lat' dir='ltr'>qua</span> <span class='ocrx_word' id='word_1_545' title='bbox 496 4374 611 4426; x_wconf 87' lang='lat' dir='ltr'>subinde</span> <span class='ocrx_word' id='word_1_546' title='bbox 626 4378 720 4441; x_wconf 78' lang='lat' dir='ltr'>gentes</span> <span class='ocrx_word' id='word_1_547' title='bbox 733 4376 773 4426; x_wconf 92' lang='lat' dir='ltr'>di·</span> <span class='ocrx_word' id='word_1_548' title='bbox 823 4377 939 4428; x_wconf 87' lang='lat' dir='ltr'>Lasseu.</span> <span class='ocrx_word' id='word_1_549' title='bbox 950 4375 994 4428; x_wconf 92' lang='lat' dir='ltr'>l.l.</span> <span class='ocrx_word' id='word_1_550' title='bbox 1006 4392 1033 4441; x_wconf 93' lang='lat' dir='ltr'>p.</span> <span class='ocrx_word' id='word_1_551' title='bbox 1042 4377 1084 4439; x_wconf 85' lang='grc'>55,</span> <span class='ocrx_word' id='word_1_552' title='bbox 1097 4375 1202 4441; x_wconf 86' lang='lat' dir='ltr'>Oppert</span> <span class='ocrx_word' id='word_1_553' title='bbox 1213 4374 1258 4427; x_wconf 79' lang='grc' dir='ltr'>ΙΙ.</span> <span class='ocrx_word' id='word_1_554' title='bbox 1270 4392 1297 4441; x_wconf 82' lang='lat' dir='ltr'>p.</span> <span class='ocrx_word' id='word_1_555' title='bbox 1308 4377 1373 4429; x_wconf 85' lang='grc'>280.</span> 
     </span>
    </p>
   </div>
   <div class='ocr_carea' id='block_1_14' title="bbox 229 4443 773 4497">
    <p class='ocr_par' dir='ltr' id='par_1_16' title="bbox 229 4443 773 4497">
     <span class='ocr_line' id='line_1_102' title="bbox 229 4443 773 4497; baseline 0.007 -5"><span class='ocrx_word' id='word_1_556' title='bbox 229 4458 325 4495; x_wconf 80' lang='lat' dir='ltr'>versas</span> <span class='ocrx_word' id='word_1_557' title='bbox 344 4458 377 4494; x_wconf 93' lang='lat' dir='ltr'>ac</span> <span class='ocrx_word' id='word_1_558' title='bbox 394 4443 505 4496; x_wconf 81' lang='lat' dir='ltr'>dissitas</span> <span class='ocrx_word' id='word_1_559' title='bbox 526 4445 554 4494; x_wconf 93' lang='lat' dir='ltr'>iu</span> <span class='ocrx_word' id='word_1_560' title='bbox 576 4460 659 4496; x_wconf 82' lang='lat' dir='ltr'>unam</span> <span class='ocrx_word' id='word_1_561' title='bbox 684 4449 773 4497; x_wconf 90' lang='lat' dir='ltr'>satra-</span> 
     </span>
    </p>
   </div>
   <div class='ocr_carea' id='block_1_15' title="bbox 824 4444 1374 4498">
    <p class='ocr_par' dir='ltr' id='par_1_17' title="bbox 824 4444 1374 4498">
     <span class='ocr_line' id='line_1_103' title="bbox 824 4444 1374 4498; baseline 0 -1"><span class='ocrx_word' id='word_1_562' title='bbox 824 4446 857 4497; x_wconf 89' lang='lat' dir='ltr'>In</span> <span class='ocrx_word' id='word_1_563' title='bbox 874 4445 944 4496; x_wconf 90' lang='lat' dir='ltr'>libro</span> <span class='ocrx_word' id='word_1_564' title='bbox 958 4444 1104 4496; x_wconf 83' lang='lat' dir='ltr'>Vendidad</span> <span class='ocrx_word' id='word_1_565' title='bbox 1117 4445 1211 4498; x_wconf 84' lang='lat' dir='ltr'>eadem</span> <span class='ocrx_word' id='word_1_566' title='bbox 1225 4451 1299 4496; x_wconf 87' lang='lat' dir='ltr'>terra</span> <span class='ocrx_word' id='word_1_567' title='bbox 1313 4445 1374 4497; x_wconf 88' lang='lat' dir='ltr'>lau·</span> 
     </span>
    </p>
   </div>
   <div class='ocr_carea' id='block_1_16' title="bbox 0 0 1541 5125">
    <p class='ocr_par' dir='ltr' id='par_1_18' title="bbox 0 0 1541 5125">
     <span class='ocr_line' id='line_1_104' title="bbox 0 0 1541 5125; baseline 0 0"><span class='ocrx_word' id='word_1_568' title='bbox 0 0 1541 5125; x_wconf 95' lang='lat' dir='ltr'> </span> 
     </span>
    </p>
   </div>
  </div>
 </body>
</html>
