3042 5125
464 372 790 436 MELPOMENE.
809 374 864 438 IV.
888 382 949 440 1⁷9.
969 384 1030 440 180.
1248 372 1306 434 621

170 562 338 651 παρθένοι
353 557 467 631 αὐτῶν
481 568 557 652 δίχα
571 567 746 633 διαστᾶσαι
759 564 922 656 μάχονται
935 559 1018 654 πρὸς
1027 558 1171 651 ἀλλήλας
1183 569 1313 635 λίθοισί

166 764 339 827 pertinentes
350 766 378 814 et
390 777 423 812 er
435 763 551 814 Boeotia
562 762 590 812 iu
600 762 717 828 Libyam
767 760 813 811 nia
827 760 864 812 sd
873 760 984 813 lunares
994 775 1028 813 ac
1037 759 1141 812 solares
1152 759 1311 826 religiones,

167 847 184 881 a
206 830 313 883 colonis
327 831 430 896 Minyis
446 832 589 884 adductas.
613 833 655 884 Ac
671 847 717 884 nc·
766 831 801 881 ad
819 846 888 897 quas
907 835 936 882 et
947 831 1008 896 ipss
1021 831 1140 897 pertinet
1152 829 1246 881 Pallas
1260 831 1311 881 Mi-

167 903 369 966 moquisquam
390 902 505 951 sanein
525 901 716 968 biscepuella-
765 914 866 964 nerra,
882 900 1041 951 referemus.
1070 899 1222 966 Utrobique
1240 902 1311 950 euim

165 986 227 1021 rum
245 971 453 1034 certaminibus,
470 986 538 1037 quas
558 971 715 1023 Herodotus
766 969 1311 1035 inveniriabstinentiamauiris,utrobi-

165 1040 213 1092 bic
234 1039 385 1104 describit,
406 1039 613 1093 similitudinem
629 1056 717 1107 quan·
766 1054 818 1105 quo
832 1039 943 1091 institui
951 1039 1101 1092 certamina
1111 1040 1194 1092 certis
1206 1042 1311 1105 tempo-

166 1109 305 1161 damcum
316 1109 500 1161 Amazonibus
510 1126 657 1176 earumque
667 1126 716 1176 pn·
764 1108 843 1159 ribus
860 1108 925 1161 solis
943 1108 1079 1176 lunaeque
1095 1123 1177 1160 cursu
1192 1108 1311 1159 definitis

165 1182 230 1246 gnis
246 1195 301 1231 non
313 1184 459 1247 agnoscet:
478 1180 573 1246 quales
583 1181 714 1248 virgines,
765 1178 915 1237 redeuntia.
946 1179 1038 1246 Atque
1061 1178 1106 1229 vel
1127 1176 1256 1229 Indorum
1281 1179 1310 1227 in

165 1250 325 1316 ubicunque
335 1250 477 1302 Minervae
488 1266 577 1313 sacra,
590 1251 630 1300 ibi
640 1266 716 1317 repe·
766 1247 866 1299 fabulis
876 1248 1032 1301 istiusmodi
1039 1249 1243 1300 commemorari
1252 1262 1310 1298 cer-

165 1320 218 1370 riri
236 1319 389 1371 monuimus
404 1319 439 1371 ad
451 1334 513 1385 cap.
531 1320 589 1372 110.
618 1321 715 1385 Neque
765 1318 870 1368 tamine
893 1318 930 1369 ad
956 1318 1112 1370 castitatem
1140 1316 1309 1383 probandam

165 1390 414 1511 {eutitii}
429 1387 717 1524 itlssrttitltbi
764 1387 1311 1521 liaffi1id⁶i..‘³.¹⁰.¹¹ii¹¹l.il⁸.i'll‘

166 1543 240 1592 esse,
251 1527 325 1579 unde
337 1528 367 1578 in
379 1527 518 1578 Orientem
531 1543 616 1594 aeque
629 1533 715 1595 atque
765 1526 888 1578 stissims
905 1542 940 1577 ac
958 1527 1106 1593 purissime
1123 1526 1192 1577 lucis
1208 1526 1309 1593 imago,

166 1598 198 1647 in
216 1596 338 1648 Africam
365 1597 402 1648 ad
419 1596 509 1662 Syrtis
534 1597 644 1650 accolas
670 1597 716 1650 de·
765 1600 1104 1647 eamconssntanoumest
1117 1596 1309 1647 certaminibus

166 1666 377 1718 ductaiuerint.
406 1667 477 1717 Nam
496 1666 577 1719 inhia
594 1668 716 1733 iprisre·
766 1664 912 1730 celebrari,
929 1666 1027 1731 quibus
1041 1665 1178 1732 virginum
1192 1666 1310 1717 castitas

166 1737 297 1803 gionibus
311 1735 422 1802 Libycis
439 1734 525 1788 multo
541 1736 617 1802 prius
633 1753 714 1803 quam
765 1748 853 1800 acque
864 1749 899 1784 ac
911 1734 1042 1786 bellicosa
1058 1738 1158 1785 natura
1169 1734 1307 1801 probetur.

166 1808 198 1856 in
216 1805 333 1857 Boeotia
351 1805 410 1856 eius
435 1805 503 1856 deae
523 1820 604 1856 sacra
620 1807 717 1858 florue-
764 1803 855 1869 Atque
866 1805 950 1855 etiam
958 1803 1197 1870 Voelcker.Myth.
1210 1804 1309 1870 Geogr.

166 1879 243 1938 runt,
251 1890 333 1941 quam
342 1874 527 1940 indigenamN
529 1879 603 1927 oster
609 1876 717 1940 praedi·
766 1873 790 1925 1.
805 1889 833 1937 p.
846 1873 880 1924 50
891 1873 1051 1939 contendit,
1062 1873 1247 1924 Amazonibus
1262 1873 1309 1923 Li·

167 1952 217 1995 cst
229 1959 366 2011 quamque
380 1959 397 1994 a
408 1944 521 1996 Graecis
531 1944 655 2008 advenis,
669 1947 717 2011 qui
765 1942 843 2007 bycis
855 1944 1003 1995 tesseraria
1020 1942 1136 2008 quadam
1149 1943 1257 1993 ratione
1269 1957 1309 1992 re·

167 2015 311 2066 Minervae
333 2029 413 2065 sacra
438 2029 531 2066 secum
556 2014 716 2080 attulerant,
766 2013 938 2078 praesentari
978 2011 1119 2065 Palladem
1156 2012 1309 2063 Minervam

167 2099 231 2135 cum
251 2084 376 2134 Minerva
400 2083 463 2150 ipsa
482 2082 623 2135 confusam
649 2100 715 2151 qno·
766 2083 878 2148 eiusque
896 2081 1083 2149 virginitatem
1101 2085 1184 2148 atqua
1200 2081 1309 2132 tortitu-

167 2152 314 2204 dammodo
327 2168 388 2204 esse
400 2153 537 2205 existimo.
564 2154 716 2205 Haecverc
767 2150 874 2216 dinem,
895 2166 952 2202 non
976 2150 1031 2202 alio
1050 2151 1108 2203 iere
1125 2165 1207 2202 sensu
1227 2165 1308 2217 quam

168 2222 221 2273 dea
232 2222 363 2288 indigena
374 2212 544 2289 (αὐθιγενὴς
556 2214 639 2287 θεός)
653 2239 717 2289 qua·
767 2236 820 2288 quo
836 2220 978 2274 Asiaticae
988 2221 1140 2273 Amazones
1154 2219 1309 2272 referantur

167 2290 204 2341 lis
217 2307 247 2342 rc
261 2306 327 2342 vera
339 2292 520 2342 existimanda
533 2293 571 2343 sit
584 2296 633 2344 aut
644 2292 716 2343 uude
766 2290 802 2340 ad
824 2289 972 2356 Ephesiam
991 2292 1120 2343 Dianam.
1141 2292 1256 2354 Postea,
1278 2293 1309 2340 ut

168 2360 205 2410 sd
217 2361 325 2427 Libyae
338 2376 401 2412 cras
414 2361 541 2424 advecta,
554 2361 579 2411 si
590 2377 716 2427 quaeres,
766 2364 859 2410 mouet
878 2362 942 2426 Gr,
964 2360 999 2411 de
1016 2359 1139 2413 Palladis
1159 2358 1309 2411 Tritonidis

168 2429 338 2496 probabilius
361 2432 456 2496 utique
483 2430 606 2495 videtur,
635 2431 716 2482 huius
765 2427 943 2495 religionibus
966 2431 1088 2497 itemque
1110 2430 1144 2481 de
1165 2429 1310 2480 Amazoni·

168 2500 239 2550 deae
251 2500 369 2566 origines
382 2505 466 2567 utque
478 2515 558 2552 sacra
567 2501 715 2567 primitiva,
766 2499 816 2549 bus
836 2500 961 2567 exposuit
979 2499 1012 2551 Ο.
1022 2500 1059 2550 M.
1078 2499 1111 2550 de
1123 2498 1309 2564 Stackelberg.

170 2584 244 2636 quae
262 2585 279 2620 a
293 2570 405 2621 Graecis
424 2574 488 2636 post
507 2576 651 2638 assumpta
666 2576 716 2622 aut
765 2569 796 2618 in
811 2567 896 2620 libror
912 2570 969 2621 Der
981 2569 1179 2636 Apollotempel
1197 2586 1231 2621 zu
1241 2571 1309 2621 Bas·

168 2655 234 2690 cum
240 2639 379 2692 Minervae
387 2639 473 2691 sacris
482 2639 716 2706 coniueaiuerint,
765 2639 850 2690 saein
860 2638 1004 2690 Arcadian.
1022 2654 1086 2706 pag.
1102 2638 1152 2690 134
1167 2655 1241 2706 seqq.
1260 2639 1310 2688 At-

167 2725 203 2760 ex
223 2708 347 2774 Aegypto
365 2713 489 2773 repetere
506 2711 551 2774 (er
566 2726 621 2776 qua
640 2726 716 2761 arma
767 2708 819 2758 tuli
838 2708 923 2770 haec;
948 2724 1103 2774 quaecum
1127 2723 1159 2758 ex
1182 2710 1308 2774 Aegypto
1377 2745 1386 2777 ἑ

169 2793 280 2844 qnoque
301 2776 450 2842 puellarum
468 2780 569 2831 Noster
593 2781 717 2845 repetit),
766 2777 846 2829 huius
860 2778 1000 2830 Minervae
1012 2778 1132 2844 Libycae
1148 2778 1266 2842 origines
1281 2781 1310 2828 ct
1371 2778 1378 2788 ‘

168 2847 243 2898 unde
254 2847 323 2898 hacc
334 2848 426 2898 omnia
444 2847 480 2899 ad
493 2847 622 2900 tinitimas
635 2850 718 2915 Liby·
766 2862 847 2899 sacra
858 2851 995 2913 repetant,
1007 2847 1081 2898 haud
1090 2847 1147 2898 scio
1156 2862 1194 2897 au
1203 2846 1309 2913 longius

170 2932 205 2968 ae
227 2921 324 2983 gentes
341 2915 434 2968 delata
457 2916 572 2982 fuerint,
594 2933 676 2985 quam
701 2934 716 2970 e
766 2918 885 2981 repetita
905 2916 993 2969 videri
1016 2920 1133 2983 queant,
1156 2919 1181 2970 si
1199 2916 1309 2983 quidem

170 2986 303 3050 Graecia,
322 3001 392 3050 quas
408 2986 452 3038 vel
470 2988 663 3054 quadrigarum
674 3004 715 3039 re-
766 2988 814 3036 vix
831 2986 916 3037 ullum
929 2989 1030 3038 certius
1050 2990 1143 3039 exstat
1160 2987 1309 3052 vestigium

169 3056 324 3121 gundarum
343 3060 430 3107 artem
447 3056 716 3122 aLibycishomini-
766 3055 919 3107 huiusmodi
942 3071 1082 3109 sacrorum
1101 3060 1149 3106 ant
1170 3056 1309 3106 numinum

171 3125 224 3176 bns
241 3125 340 3176 edocta
353 3127 420 3188 fuit,
433 3130 504 3177 teste
515 3127 656 3178 Herodoto
666 3127 714 3190 IV,
765 3141 799 3176 ex
813 3126 939 3192 Aegypto
948 3127 983 3178 ad
994 3126 1116 3192 Libycae
1133 3141 1198 3179 orae
1213 3130 1310 3193 gentes

172 3192 233 3246 189.
258 3193 339 3247 conf.
350 3196 484 3247 Mannert.
497 3196 531 3258 X,
542 3199 567 3249 2.
580 3211 644 3262 pag.
656 3198 715 3248 171.
766 3196 810 3247 vel
833 3197 992 3248 remotiores
1017 3196 1188 3248 occidentem
1213 3210 1310 3248 versus

169 3264 269 3328 ltaque
283 3263 319 3315 ad
333 3265 528 3331 Aegyptiorum
544 3266 623 3318 deam
634 3265 718 3316 Neith
767 3264 804 3316 sd
817 3265 919 3331 Syrtim
936 3280 1022 3332 usque
1033 3265 1195 3317 delatorum.
1219 3267 1310 3328 Quare

171 3348 194 3385 s.
209 3333 342 3384 Saiticam
354 3335 506 3386 Minervam
518 3332 586 3398 (rid.
597 3340 666 3386 nott.
680 3334 715 3385 ad
767 3335 855 3386 satius
875 3336 983 3388 videtur
1006 3340 1143 3400 statuere,
1168 3334 1247 3387 dcam
1265 3336 1311 3385 Li-

170 3403 306 3453 Herodot.
320 3403 364 3466 11,
378 3402 425 3460 62)
437 3401 545 3468 regredi
554 3403 717 3456 vultDavid
766 3404 848 3471 bynm
859 3403 1023 3471 indigenam,
1039 3421 1119 3472 quam
1129 3406 1228 3457 Graeci
1238 3409 1310 3456 toste

172 3471 296 3538 (Jupiter
309 3473 333 3524 Ι.
344 3489 370 3538 p.
387 3471 436 3523 139
447 3472 531 3538 seq),
544 3489 630 3539 neque
640 3473 716 3524 aliud
765 3473 1066 3527 HerodotoMiuervam
1072 3474 1311 3540 uocabantquam·

171 3540 278 3607 placuit
289 3541 422 3593 Orcuzcro
436 3542 554 3606 Symbol.
567 3544 620 3593 ΙΙΙ.
633 3542 717 3608 pseu
768 3559 820 3610 que
832 3543 915 3594 etiam
929 3543 964 3593 ad
972 3543 1093 3595 Graecae
1102 3544 1242 3594 Mirervae
1254 3559 1310 3593 mo·

172 3624 252 3675 seqq.
271 3610 304 3661 ed
316 3616 396 3674 tert,
408 3611 455 3676 qni
468 3628 529 3662 cnm
548 3612 623 3664 hisce
635 3611 717 3675 Liby·
767 3612 831 3662 dum
851 3611 1036 3664 conformasse
1052 3611 1168 3678 putandi
1184 3617 1248 3663 sunt
1266 3628 1311 3663 sa·

173 3695 269 3731 carum
292 3679 441 3743 puellarum
466 3681 661 3732 certaminibus
687 3682 717 3731 in
768 3681 1054 3747 crisutriusquedeae
1066 3683 1233 3746 coniunctis,
1251 3680 1310 3731 nnl-

172 3747 242 3800 deao
266 3748 396 3802 honorem
418 3749 553 3801 institutis
576 3754 718 3815 comparat
767 3751 821 3801 lam
837 3750 921 3801 sliam
940 3764 1039 3801 seven
1056 3765 1116 3802 esse
1137 3755 1222 3816 atque
1240 3765 1310 3815 eam,

172 3819 243 3869 ritus
253 3818 290 3869 ad
302 3819 364 3871 Sais
374 3817 464 3870 lacum
476 3818 609 3871 celebrari
622 3819 719 3871 solitos
768 3835 850 3886 quam
862 3835 911 3886 per
920 3819 1027 3885 Syriam
1038 3818 1162 3886 aliasque
1171 3821 1254 3871 Asiae
1267 3835 1311 3872 oc·

171 3889 202 3937 in
209 3886 526 3940 honoremIsidts-Ncith
536 3905 558 3940 s.
566 3890 716 3953 Minervae,
767 3888 913 3941 cidentalis
924 3893 1016 3955 partes
1028 3905 1061 3940 ao
1074 3890 1246 3955 potissimum
1262 3905 1311 3955 per

172 3971 263 4021 neque
280 3958 327 4007 vix
343 3957 429 4009 latere
445 3973 527 4023 posse
546 3960 717 4025 pronuntiat,
769 3974 832 4010 oras
844 3959 933 4010 ‘maris
951 3957 1144 4011 mediterranei
1164 3959 1311 4011 orientales

173 4025 241 4091 qnid
262 4027 317 4076 sibi
333 4027 419 4078 velint
434 4027 598 4092 Libycarum
615 4028 718 4094 puella·
769 4043 803 4078 ac
821 4027 1013 4080 meridionalcs
1032 4044 1051 4079 a
1068 4027 1252 4082 Phoenicibus
1270 4035 1311 4081 at-

172 4110 233 4145 rum
248 4110 370 4161 pugnae,
384 4097 420 4147 ad
430 4097 569 4150 castitatis
581 4098 719 4164 specimen
770 4113 823 4163 que
833 4097 1105 4164 Carthaginiensibus
1118 4097 1219 4151 cultam
1235 4099 1311 4151 vidc-

175 4163 374 4231 exhibendum,
396 4166 421 4217 si
443 4168 551 4218 omnino
570 4168 598 4216 in
616 4167 719 4219 talibus
769 4182 828 4218 mus
838 4166 917 4219 deam
927 4166 1050 4220 lunarem
1061 4168 1311 4221 variisuominibus

174 4234 345 4285 Amazonum
370 4251 393 4287 s.
419 4235 552 4302 virginum
583 4236 719 4286 institutis
770 4235 950 4303 designatam.
964 4236 1032 4288 (lum
1043 4236 1095 4289 hac
1107 4239 1191 4305 igitur
1203 4238 1313 4292 Astarte

173 4304 315 4356 notionem
328 4304 468 4356 castitatis
478 4321 539 4356 cum
551 4304 650 4356 bellica
665 4303 721 4355 ior·
769 4306 830 4358 sive
842 4308 947 4358 Punica
966 4309 1025 4358 sive
1035 4307 1142 4374 Libyca
1159 4307 1211 4360 dea
1228 4309 1313 4360 Grac·

174 4372 295 4425 titudine
321 4374 494 4426 coniunctam
523 4374 720 4440 quodammodo
770 4390 863 4425 corum
879 4376 1031 4428 Minervam
1046 4376 1093 4428 hic
1107 4377 1242 4429 coaluisse
1257 4377 1313 4428 exi·

172 4444 377 4508 repraesentari
390 4448 545 4510 reputemus
563 4459 650 4511 eaque
666 4459 722 4495 om·
770 4445 852 4497 stimc
867 4460 1034 4511 prorsusque
1049 4445 1150 4499 accedo
1170 4448 1219 4511 iis,
1243 4461 1312 4512 quac
