3042 5125
532 372 738 436 THALIA.
763 374 822 436 ΙΙΙ.
844 387 888 441 91.
1222 378 1283 439 177

139 564 328 650 τρουμίνου
349 569 445 631 σίτου
460 563 597 651 προσήιε
617 566 796 636 ἑπτακόσια
816 565 975 638 τάλαντα·
1008 577 1102 638 σίτου
1115 567 1179 659 γὰρ
1194 566 1281 638 δυσί-

142 669 225 733 δεκα
245 664 412 754 μυριάδας
432 669 594 754 Περσέων
617 697 653 739 τε
677 687 764 741 τοῖσι
785 674 823 740 ἐν
844 675 893 762 τῷ
910 676 1033 764 Λευκῷ
1054 681 1159 760 τείχει
1176 677 1223 764 τῷ
1244 676 1281 742 ίν

140 770 264 856 Μέμφι
280 771 548 858 κατοικημένοισι
560 777 821 863 καταμετρέουσι
835 776 891 844 καὶ
904 790 989 844 τοῖσι
1004 774 1133 845 τούτων
1146 774 1279 845 ἐπικού-

139 892 245 959 ροισι·
278 869 379 960 νομὸς
395 876 487 952 ἕκτος
501 862 606 955 οὗτος.
645 877 864 966 Σατταγύδαι
878 878 915 948 δὲ
931 880 987 948 καὶ
1000 879 1201 970 Γανδάριοι,
1225 880 1281 948 καὶ

138 1035 339 1103 μετρουμένου.
376 1040 456 1091 Coui⁴
478 1044 547 1091 nott.
568 1040 603 1091 ad
622 1040 687 1091 Pln-
737 1037 790 1095 κόν
806 1048 911 1110 τεῖχος,
929 1046 1003 1112 quod
1016 1047 1135 1106 scilicet,
1153 1052 1280 1098 monente

138 1108 229 1158 ΜΕ
243 1109 358 1159 Fllmin·
371 1112 396 1159 5·
410 1125 473 1175 m·
488 1109 532 1163 39·
560 1110 687 1162 Βὶΰᾶθῐὲ·
738 1116 901 1180 Scholiasta,
915 1116 1037 1182 reliquae
1050 1117 1119 1169 dnae
1132 1117 1208 1168 urbis
1218 1131 1280 1181 par-

139 1182 168 1227 et
181 1177 306 1229 Dietsch.
323 1179 458 1229 dederunt
476 1170 686 1245 ἐπιμετρευμέ-
737 1190 779 1237 tes
797 1184 884 1238 latere
903 1188 997 1237 coctili
1016 1193 1173 1239 exstructae
1191 1191 1278 1249 erant,

139 1261 206 1311 νον,
222 1264 285 1298 cnm
296 1253 439 1300 contracta
451 1249 537 1299 forma
549 1248 623 1314 apud
633 1250 687 1299 He·
736 1257 821 1305 tertia
832 1271 897 1321 pers
906 1256 1055 1321 lapidibus.
1080 1257 1150 1308 Add.
1165 1257 1277 1307 Diodor.

138 1316 267 1369 rodotnm
279 1318 483 1385 fcl'l'lnequenl:
500 1320 534 1371 do
544 1334 599 1386 qua
608 1333 638 1369 re
649 1319 686 1371 cf.
737 1325 793 1377 Sic.
813 1327 865 1385 IX,
885 1329 918 1377 74
935 1331 963 1377 et
982 1327 1053 1377 eolis.
1074 1325 1218 1392 Ungarelli
1235 1326 1279 1376 in:

140 1388 261 1439 Bredos.
275 1403 301 1453 p.
315 1387 392 1465 ³74„
736 1395 838 1446 Annali
861 1395 904 1446 del
928 1395 1020 1446 Instit.
1048 1396 1081 1448 de
1102 1396 1277 1460 correspond.

174 1455 254 1506 σίτου
266 1449 320 1523 γὰρ
335 1455 462 1508 δυωδεκα
472 1473 498 1507 κ.
515 1474 540 1509 τ.
557 1456 592 1525 t]
609 1460 688 1510 Haec
737 1466 819 1516 Areh.
840 1465 1067 1530 '1'.X1X(1847),
1089 1481 1151 1532 pag.
1166 1467 1200 1516 22
1218 1480 1275 1529 seq.

139 1527 224 1577 verba
235 1528 331 1578 addita
341 1531 450 1593 putem,
463 1532 495 1578 ut
505 1529 626 1594 proxime
639 1544 688 1581 an·
736 1535 883 1586 Persarum
894 1535 1032 1599 praesidia
1046 1536 1074 1586 in
1084 1536 1135 1586 hoc
1146 1533 1278 1599 Memphi-

139 1597 299 1649 “oedtnlis
314 1595 363 1647 ιιιιὶ
380 1596 430 1647 τοῦ
450 1588 686 1665 ἐπιμετρουμένου
738 1603 779 1654 dis
790 1604 956 1656 vicorelicta
968 1605 1177 1670 putatLey(De
1192 1604 1277 1654 fatet

138 1664 383 1719 eitosaccuratius
391 1667 570 1732 explicentur,
577 1674 608 1718 nt
617 1667 685 1720 haec
736 1674 841 1725 condit.
859 1675 977 1739 Aegypt.
994 1675 1044 1724 snb
1059 1675 1149 1725 Perse.
1163 1674 1277 1739 imperio

139 1736 176 1785 sit
185 1737 242 1788 loci
250 1738 403 1789 sententie:
416 1739 507 1789 Persis
517 1740 546 1788 in
556 1738 685 1803 Memphi·
734 1759 800 1810 pag.
820 1743 862 1806 18)
887 1743 920 1794 oh
937 1744 1012 1793 Insri
1030 1744 1204 1793 rebellionem
1228 1741 1276 1808 (cl.

139 1806 183 1856 dis
193 1822 259 1859 arce
268 1807 477 1879 considentibus
482 1823 627 1874 eorumque
637 1823 685 1859 au·
734 1814 838 1863 Herod.
846 1812 900 1872 Ill,
913 1812 953 1863 12,
963 1814 995 1865 15
1005 1812 1096 1877 ibique
1106 1814 1188 1876 nott.)
1195 1812 1276 1877 paulo

138 1875 259 1928 xiliariis
278 1877 463 1929 demetiuntur
480 1878 608 1927 frumenti
621 1893 685 1929 cen·
735 1888 799 1934 ante
814 1883 953 1945 sedatam,
974 1897 1060 1932 novas
1077 1883 1226 1933 seditiones
1245 1885 1277 1931 ut

138 1952 197 1997 tum
215 1947 315 2012 viginti
327 1946 400 1997 mille
415 1948 554 2012 portiones
572 1948 606 2013 (s.
622 1962 684 1998 cen·
735 1952 896 2003 cohiberent
911 1957 1072 2016 coortasque
1088 1952 1276 2016 reprimerent.

137 2020 198 2066 tum
223 2017 325 2083 viginti
351 2017 423 2067 mille
451 2018 599 2068 medimnos
629 2017 684 2067 irn·
736 2023 769 2072 In
790 2022 905 2087 hymno,
928 2022 974 2087 qui
995 2018 1278 2087 notisAegyptiornm

138 2086 246 2151 menti).
288 2087 400 2137 Retinui
423 2087 452 2136 in
472 2087 514 2136 his
536 2103 598 2137 cum
621 2085 682 2138 edd.
736 2091 947 2157 hieroglyphicis
968 2091 1117 2156 inscriptus
1141 2088 1227 2141 stelae
1248 2090 1276 2139 in

138 2161 255 2209 recentt.
276 2156 394 2207 Aldinae
417 2156 578 2219 lectionem,
604 2171 686 2221 quam
735 2176 829 2211 museo
842 2161 993 2211 Parisisnsi
1013 2160 1123 2227 legitur,
1141 2158 1278 2210 salutatur

137 2225 281 2277 Sanmofti
294 2225 363 2276 liber
374 2243 436 2277 cnm
447 2227 509 2276 eliis
524 2226 686 2293 quibusdam
736 2231 823 2282 Osiris
836 2232 964 2293 „Sanctus
974 2234 1040 2281 muri
1050 2232 1109 2290 albi,
1122 2233 1146 2280 le
1158 2230 1231 2280 Sciat
1243 2230 1277 2279 du

138 2301 248 2359 tuetur,
264 2296 384 2362 indeque
399 2296 497 2362 scripsi
508 2297 606 2345 σίτου
626 2295 686 2362 (au
737 2300 925 2360 Mur-Blcnc“,
946 2307 975 2350 nt
992 2300 1081 2350 reddit
1092 2298 1215 2361 Chahet,
1229 2301 1277 2364 qni

138 2370 216 2416 ctore
230 2365 263 2416 G.
278 2366 300 2415 l.
314 2366 446 2416 Eltzioin
456 2366 570 2417 Jahrbb.
588 2365 608 2416 f.
622 2365 685 2415 Phl-
736 2370 807 2421 hunc
829 2370 956 2435 hymnum
983 2369 1086 2421 Gallice
1114 2383 1276 2419 conversum

137 2435 184 2486 lob
196 2452 224 2486 u.
239 2434 362 2502 Paedag.
374 2435 467 2502 Suppl.
483 2436 516 2486 Τ.
531 2435 579 2489 ΙΧ.
594 2453 620 2501 p.
634 2435 685 2487 327
736 2439 860 2492 exhibuit
885 2442 925 2489 in:
946 2440 1040 2490 Revue
1058 2438 1276 2504 Archeologique

138 2505 299 2556 mutandum
315 2505 344 2555 in
360 2503 522 2573 σίτου),αοὶ
536 2505 685 2568 Mediceus,
735 2510 800 2560 XIV
815 2524 877 2559 ann.
904 2508 993 2574 (1857)
1015 2524 1075 2575 pag.
1094 2508 1129 2561 69
1146 2515 1274 2575 recteque

138 2575 330 2639 Florentinns,
358 2575 406 2626 alii
428 2568 514 2641 πρὸς,
544 2577 622 2626 cuius
639 2575 684 2625 hic
736 2580 818 2631 verba
843 2583 907 2630 muri
928 2579 980 2630 albi
997 2580 1032 2628 ad
1057 2594 1139 2629 unum
1163 2594 1179 2630 s
1204 2580 1274 2630 vicis

136 2645 215 2698 locus
234 2660 297 2698 esse
312 2647 422 2711 neqnit;
441 2645 539 2696 deinde
557 2636 682 2710 μυριάσι,
733 2647 897 2713 Memphidis
922 2646 991 2711 („nn
1015 2648 1062 2698 des
1084 2651 1219 2713 quartiers
1241 2648 1283 2698 de·

138 2716 212 2781 qnod
223 2716 260 2766 ab
271 2716 397 2767 omnibus
412 2715 489 2766 libris
505 2715 620 2765 allatum
633 2717 684 2776 est,
733 2716 900 2780 Memphis“)
913 2716 1020 2776 retulit;
1034 2717 1099 2766 mihi
1114 2717 1187 2766 haud
1198 2717 1275 2766 dnbi-

138 2787 246 2837 mutavi
261 2800 322 2836 cnm
338 2790 453 2836 recenti.
468 2783 527 2836 edd.
542 2786 571 2833 in
584 2774 682 2849 μοριοὶ-
733 2802 778 2836 nm
791 2786 898 2836 videtur
910 2785 1058 2866 significari
1070 2779 1101 2833 τὸ
1113 2777 1212 2834 λευκὸν
1221 2787 1275 2834 τεῖ-

139 2853 201 2921 δας,
216 2855 351 2907 suadente
362 2856 417 2906 iam
428 2853 683 2918 Schweighaeusero
733 2868 784 2918 χος
801 2847 832 2904 τὸ
849 2847 879 2903 ἓν
895 2853 1008 2917 Μεμφι,
1029 2854 1101 2918 quod
1121 2853 1275 2904 Herodotus

138 2931 166 2977 et
188 2940 274 2976 sensu
292 2925 353 2990 ipso
370 2929 514 3006 poscente,
539 2938 600 2973 cum
622 2936 683 2972 ver·
732 2924 759 2974 h.
776 2923 795 2973 1.
811 2923 969 2989 appellavit.
988 2923 1030 2973 Ad
1049 2939 1144 2974 vocem
1163 2914 1274 2972 ἐκικού·

136 2996 202 3046 hum
222 3006 439 3059 καταμετρεουσι
460 2992 582 3058 requirat
602 3008 683 3042 accn·
735 3009 803 3060 ρους
819 2993 891 3045 coni.
911 2997 981 3044 noti.
1002 2993 1037 3042 sd
1052 2993 1142 3056 111‚4.
1162 2994 1275 3058 -Ipsa

138 3066 273 3116 sativum:
291 3065 364 3129 quod
377 3078 436 3113 cnm
456 3063 570 3114 sentiret
582 3061 683 3113 Schae·
734 3064 832 3115 t'rihnti
858 3079 976 3125 summa,
1002 3077 1071 3128 qnae
1096 3060 1201 3113 incluso
1219 3063 1274 3114 iru-

138 3134 227 3197 ierna,
248 3134 279 3182 in
295 3133 424 3183 mendoso
441 3123 512 3198 πρὸς
531 3131 617 3183 latere
635 3145 683 3196 pu·
734 3139 825 3185 mento
843 3133 888 3185 vix
906 3134 941 3184 ed
958 3133 1044 3184 vicies
1055 3135 1171 3183 centone
1187 3132 1274 3183 millia

138 3206 211 3255 tavit
220 3193 341 3266 τυροὺς,
358 3202 413 3252 vid.
424 3202 460 3252 ad
469 3202 607 3253 humbert.
618 3203 682 3252 Bos.
733 3201 914 3268 imperialium
941 3207 1051 3254 nostrae
1074 3206 1199 3253 monetae
1225 3203 1275 3254 ad·

139 3275 172 3325 de
194 3272 311 3337 Ellipss.
335 3273 367 3322 L.
385 3271 432 3323 Gr.
455 3286 519 3337 pag.
536 3272 596 3323 270.
628 3272 682 3321 Pro
733 3274 854 3335 scandit,
884 3272 959 3324 haud
983 3275 1024 3323 ita
1044 3287 1142 3339 magna
1165 3273 1274 3323 videtur

139 3335 191 3393 δύο
202 3337 253 3391 καὶ
272 3336 356 3405 δέκα,
381 3342 452 3407 qnod
467 3342 555 3406 ipsum
570 3341 681 3391 coninn-
732 3342 865 3396 Rennelio
879 3343 896 3394 l.
910 3342 928 3394 l.
939 3358 966 3407 p.
980 3343 1045 3405 525,
1064 3344 1088 3393 si
1106 3343 1213 3409 quidem
1225 3342 1272 3393 tri-

138 3415 204 3464 ctim
215 3409 341 3462 nonnulli
354 3412 524 3478 scripserunt
536 3407 682 3460 δυοκαίδε-
732 3414 788 3465 cies
800 3418 915 3465 centena
926 3412 1011 3463 millia
1019 3412 1156 3463 hominnm
1164 3413 1273 3463 omnino

137 3499 189 3546 κα,
211 3482 326 3547 scripsi,
347 3482 419 3547 qnod
433 3483 463 3530 in
477 3480 638 3547 quibusdam
652 3480 684 3528 li·
734 3484 762 3532 iu
771 3485 897 3550 Aegypto
910 3483 994 3534 fuisse
1008 3483 1050 3545 (nl
1064 3482 1177 3534 Diodor.
1191 3483 1274 3533 refert

138 3554 196 3604 bris
206 3556 310 3603 exstatz
322 3543 460 3616 todem,
475 3566 529 3618 qna
538 3550 684 3602 iermch·
733 3554 763 3615 I,
778 3551 822 3618 31)
835 3554 1020 3618 reputaveris,
1032 3553 1073 3601 ita
1081 3557 1113 3602 ut
1126 3554 1154 3600 in
1166 3552 1273 3617 singula

136 3623 267 3675 rodetum
286 3620 443 3688 plerumque
461 3622 502 3671 nti
519 3626 683 3684 monstrent,
734 3623 827 3687 capita
840 3624 887 3674 vix
899 3622 1016 3673 sedecim
1025 3621 1114 3688 grossi
1127 3621 1237 3671 cadant.

137 3708 209 3760 qnae
221 3692 319 3743 attulit
330 3692 447 3745 Bredov.
457 3708 483 3756 p.
494 3691 554 3744 279.
582 3692 683 3755 Adpe-
770 3683 857 3756 υομός
874 3687 953 3749 ἕκτος
978 3677 1073 3755 οὗτος]
1095 3691 1189 3740 Monet
1205 3691 1273 3741 Mal-

139 3754 244 3834 ριᾷδας
256 3759 540 3827 intelligpsdlpwove,
552 3777 620 3828 qnae
630 3776 684 3812 vox
735 3762 841 3813 tebrum
855 3761 872 3813 l.
885 3761 904 3813 l.
916 3777 978 3827 pag.
992 3761 1052 3824 337,
1062 3775 1109 3810 sex
1121 3760 1274 3825 praefectu-

139 3832 220 3884 modo
228 3832 351 3895 additur,
360 3831 439 3882 modo
452 3832 588 3882 omittitur
598 3831 683 3892 (conl.
733 3847 779 3882 ras
801 3835 884 3882 antea
910 3836 1134 3883 commemoratas
1153 3845 1170 3879 a
1184 3829 1274 3879 Persis

138 3903 282 3955 Schsefer.
295 3903 314 3955 l.
328 3899 368 3965 l.).
397 3902 467 3954 Nam
484 3902 512 3952 in
525 3900 626 3953 talibus
644 3905 683 3951 in·
734 3903 842 3953 nomine
870 3916 962 3964 earum
990 3901 1148 3965 designatas
1177 3897 1273 3962 fuisse,

137 3972 397 4025 dicandisGreccos
411 3986 567 4024 mensuram
580 3976 608 4024 et
623 3987 685 4037 spe·
734 3987 804 4038 qnae
817 3980 890 4023 bans
908 3988 1014 4037 aquen,
1030 3970 1049 4019 i.
1070 3985 1093 4019 e.
1109 3967 1274 4033 Euphratem

139 4045 224 4106 ciem,
249 4044 352 4109 quippe
374 4041 455 4108 vulgo
477 4048 584 4106 notam,
610 4041 682 4092 haud
733 4041 913 4106 (occidentem
923 4038 1030 4105 versus)
1040 4039 1110 4089 sitae
1123 4038 1189 4090 sint.
1216 4039 1276 4089 Iam

139 4129 201 4164 raro
213 4114 342 4163 omittere
356 4118 431 4164 recte
447 4112 603 4164 observavit
617 4112 683 4163 Gro-
732 4111 902 4162 Herodotum
928 4110 998 4159 idem
1020 4109 1101 4160 docet
1125 4109 1216 4160 subito
1240 4110 1276 4161 ad

139 4185 251 4235 novius.
734 4181 889 4246 provincIas
902 4180 1048 4231 interiores
1056 4179 1188 4240 transire,
1202 4181 1249 4247 qui
1258 4196 1275 4231 a

174 4256 248 4303 τοῖσι
265 4278 301 4288 -
317 4243 557 4315 κατοικημένοισι]
577 4250 619 4300 De
631 4249 684 4299 hoc
733 4249 855 4312 Perside,
871 4265 941 4315 qnae
955 4248 990 4300 ad
1005 4247 1108 4299 nullam
1123 4249 1276 4313 praefectu-

140 4322 287 4389 participie
301 4320 375 4372 conl.
387 4325 457 4371 nott.
469 4321 504 4370 ad
518 4320 546 4383 1,
559 4322 601 4371 27.
625 4320 684 4368 hle·
733 4335 791 4370 ram
803 4320 971 4385 pertinebat,
985 4319 1122 4385 proiectus
1137 4319 1200 4369 inde
1214 4319 1276 4369 reli-

139 4399 261 4444 moratur
280 4390 357 4457 apud
372 4389 559 4456 Thucydidem
580 4391 609 4452 I,
633 4387 682 4438 104
734 4404 802 4455 quas
820 4391 957 4455 satrapias
974 4392 1117 4440 recenseat
1133 4402 1234 4454 easque
1245 4404 1277 4439 eo

137 4464 224 4514 tertie
236 4460 402 4527 Memphidis
412 4477 486 4526 pars,
498 4459 606 4512 nomine
614 4459 682 4508 Λευ·
734 4459 838 4524 ordine,
852 4462 898 4526 qni
911 4460 990 4512 nobis
1004 4460 1112 4526 quidem
1125 4461 1225 4508 temere
1237 4459 1278 4506 in·

174 4568 347 4612 nusooou.
369 4567 408 4608 11.
1037 4546 1076 4606 12
