3042 5125
238 403 280 464 56
677 397 947 461 HERODOTI

239 604 351 687 ἔχουσι
369 593 432 683 μὲν
451 590 591 679 Σάμιοι,
618 596 676 678 τῆς
699 595 924 679 Αἰσχριωνίης
945 593 1056 678 φυλῆς
1079 585 1254 676 λεγόμενοι
1275 584 1380 656 εἶναι·

240 700 399 788 ἀπέχουσι
420 695 457 765 db
473 693 554 764 ἑπτὰ
567 689 719 783 ἡμερέων
733 690 815 763 ὁδὸν
829 690 894 762 ἀπὸ
911 691 1054 781 Θηβέων
1067 689 1124 762 διὰ
1138 691 1294 779 ψάμμου·
1322 686 1381 759 οὐ·

240 869 340 927 Oaain‚
353 864 454 915 Strabo
469 861 509 911 l.l
529 871 595 922 tres,
610 861 785 912 Ptolemaeus

240 939 303 1005 (IV,
320 937 344 986 5.
364 951 390 999 p.
406 932 469 994 260)
488 933 565 989 duas,
590 945 659 995 quas
676 931 785 980 easdem

240 1022 313 1059 nunc
327 1019 432 1070 quoque
448 1001 637 1061 constituunt,
654 998 785 1049 credibile

239 1080 283 1140 lit,
302 1088 370 1140 quae
382 1087 454 1122 nanc
471 1085 569 1134 magno
581 1067 728 1119 intervallo
743 1083 786 1117 se-

242 1149 373 1213 parantur
383 1143 470 1192 Oeaes
481 1140 571 1200 binae,
581 1154 628 1189 eas
639 1138 702 1188 olim
714 1155 786 1188 numu

242 1218 328 1267 luisse
348 1212 498 1276 eandemque
513 1209 599 1258 Oasin
619 1210 785 1258 continuam.

241 1291 360 1350 Quarum
378 1296 447 1346 quae
469 1279 554 1328 maier
575 1283 632 1340 est,
654 1278 689 1328 ad
707 1278 788 1327 rueri-

241 1357 311 1407 diem
327 1352 413 1416 magis
432 1363 564 1399 conversa
582 1347 667 1408 (nunc
685 1352 786 1397 vocant

242 1427 277 1476 El
294 1422 361 1472 Walt
384 1419 525 1471 elKeblr'clr
541 1418 599 1466 sive
620 1419 702 1467 etiam
722 1417 786 1466 sim-

241 1493 349 1559 pliciter
360 1492 395 1541 Et
412 1487 506 1551 ΙΙίιΙι),
524 1488 578 1536 sita
594 1486 755 1537 intermedie
768 1502 785 1536 a

241 1561 343 1614 Thebis
355 1558 525 1609 Ammonium
543 1557 785 1620 proficiscentibus,

243 1648 303 1684 eam
317 1629 351 1680 ab
365 1627 506 1679 Herodoto
521 1626 547 1675 lr.
561 1627 577 1676 l.
592 1627 718 1690 iudicari,
739 1628 786 1676 rix

242 1702 368 1759 dubium3
394 1700 421 1748 iu
441 1712 495 1762 qua
513 1697 560 1762 qui
579 1712 649 1746 nuuc
668 1695 788 1761 appella·

243 1781 287 1823 tur
307 1769 384 1819 locus
402 1769 437 1818 El
448 1767 565 1830 Karpia,
586 1783 645 1816 eum
665 1782 713 1831 pre
727 1765 790 1816 Oasr'

242 1842 313 1900 arbe,
328 1854 408 1903 quam
424 1839 524 1887 Noster
538 1836 619 1899 dicit,
633 1836 788 1886 habendum

243 1925 303 1962 esse
332 1909 387 1958 riri
414 1907 489 1956 docti
520 1910 656 1956 statuunt.
702 1907 788 1971 Repe·

242 1982 351 2031 riuntur
374 1978 403 2027 in
425 1979 480 2027 ista
506 1980 580 2025 terra
604 1977 717 2027 duorum
743 1991 788 2041 pe-

236 2050 459 2116 regrinatorum,
484 2045 609 2096 Ceilleud
625 2051 652 2096 et
671 2046 789 2096 Edmon-

243 2127 336 2181 stone,
354 2116 445 2167 studio
463 2117 614 2181 perquisita
634 2120 660 2166 et
677 2117 788 2180 cognita

243 2191 474 2241 monumentorum
491 2188 662 2252 antiquorum
680 2187 788 2248 rudera,

242 2259 404 2324 templorum
424 2257 561 2320 resugio,
580 2257 661 2307 aedes
675 2257 789 2307 Graecis

243 2327 468 2393 inscriptionibus
480 2331 586 2374 ornata.
600 2326 642 2376 Tu
654 2327 709 2375 rid.
718 2328 789 2376 Hee-

244 2397 397 2449 ren.1deen
411 2394 448 2456 11,
463 2396 475 2444 1
498 2411 523 2458 p.
537 2395 589 2444 218
601 2412 687 2461 seqq„
701 2396 790 2445 ldeler

243 2469 252 2519 l
277 2467 293 2516 l.
314 2467 361 2516 lV.
380 2480 439 2528 pag.
457 2464 517 2513 412.
531 2465 591 2518 417,
610 2465 721 2514 Renuel.
736 2465 754 2514 l.
770 2464 788 2515 l.

244 2554 269 2604 p.
284 2535 345 2600 630,
359 2533 559 2585 Schlicbthorst
572 2533 588 2583 1.
602 2534 620 2586 Ι.
634 2551 659 2601 p.
674 2534 707 2585 08
722 2552 787 2602 seq,

243 2609 341 2659 Ritter.
359 2605 376 2654 l.
394 2605 412 2654 Ι.
436 2605 457 2653 Ι.
481 2619 544 2669 pag.
563 2603 623 2656 tet.
643 2606 694 2658 968
711 2624 787 2672 seqq.

245 2674 701 2740 lOOlseqq.,HosltinsVisitolthe
710 2683 789 2741 great

243 2747 323 2799 Oasis
334 2751 386 2796 ete.
394 2743 520 2809 (Leudon
530 2744 609 2809 1837)
618 2762 643 2811 p.
652 2747 703 2797 252
714 2763 788 2812 seqq.

243 2818 295 2867 274
308 2830 382 2881 seqq.
396 2814 456 2865 283.

278 2876 382 2950 Eriperes
406 2882 455 2949 τῆς
477 2877 663 2950 Αἰσχριωνίης
684 2881 787 2949 φυλῆς]

243 2958 329 3020 Qurun
342 2955 413 3020 apud
430 2953 582 3019 Etymolog.
598 2971 624 3018 p.
637 2954 696 3017 160,
706 2956 738 3004 22
749 2956 790 3005 bi-

242 3042 294 3077 nae
307 3029 411 3075 tantum
422 3024 497 3074 Serui
508 3030 688 3073 memorentur
700 3025 789 3073 tribus

243 3093 353 3158 Σχηοιά
371 3098 398 3143 et
421 3084 618 3155 resonarem,
640 3094 787 3143 Berkelius

243 3163 277 3213 ed
289 3164 336 3212 Ste
356 3163 419 3212 han.
429 3164 545 3226 Byzaut.
557 3178 578 3210 s.
591 3178 616 3211 v.
630 3151 733 3220 Αὕαοις
744 3162 789 3212 bic

244 3249 292 3297 pro
313 3180 498 3295 ΑΙσχριωνιής
523 3232 618 3296 reponi
638 3231 698 3282 vult
713 3231 788 3297 Σχη-

244 3300 314 3364 σιής,
349 3303 407 3363 Quo
435 3302 545 3351 minime
562 3317 632 3365 opus
653 3317 712 3351 esse
733 3318 789 3351 mo·

243 3377 359 3421 uuerunt
374 3370 472 3420 dudum
489 3371 651 3435 interpretes
666 3372 789 3423 Herodo-

243 3441 289 3491 tei.
321 3441 357 3489 Et
381 3438 460 3489 affert
476 3440 636 3506 Wesseling.
657 3442 789 3493 Nicandri

242 3509 415 3572 alexipharm
441 3510 484 3559 ΙῖιΙ
500 3526 561 3560 curn
570 3510 686 3561 Scholiis
697 3520 724 3561 et
734 3513 789 3561 He-

243 3579 301 3629 rod.
315 3579 372 3639 ΙΙΙ,
387 3579 429 3629 llll.
447 3580 573 3629 l'auofka
589 3581 622 3630 de
637 3582 789 3632 Samiorum

242 3649 366 3699 tribubus
378 3649 442 3709 (Res
453 3649 552 3699 Sarum.
562 3667 587 3713 p.
599 3651 628 3700 81
639 3652 725 3717 seqq.)
734 3652 790 3701 dis-

243 3724 343 3783 putans
369 3718 456 3767 tribus
488 3720 626 3782 partibus,
662 3724 689 3770 iu
717 3738 786 3787 quas

242 3790 318 3839 Sami
333 3787 471 3837 civitatem
486 3789 642 3855 Polycrates
660 3791 786 3842 diviserit

242 3858 290 3923 (cl.
303 3858 405 3909 Herod.
420 3859 471 3919 ΙΙΙ,
485 3856 543 3919 aa),
555 3862 729 3924 respondisse
744 3863 787 3912 vi-

243 3928 300 3978 deri
313 3928 418 3978 uronuit
431 3926 480 3976 has
493 3929 580 3978 tribus
594 3935 658 3993 tres,
673 3947 785 3996 querum

241 3999 323 4047 binae
346 4002 529 4047 memorantur
553 3998 588 4047 ab
613 4000 785 4065 Etymologu,

241 4067 324 4117 tertia
338 4067 472 4116 Herodoti
491 4070 527 4115 sit
544 4061 727 4133 Αἰσχριωνιά,
750 4072 785 4121 ab

240 4136 405 4185 aeschrione
416 4135 505 4195 beroe,
514 4137 548 4186 ad
559 4153 638 4202 quem
648 4147 786 4191 auctorem

241 4205 329 4255 tribus
349 4207 496 4266 rel'eratur,
520 4208 560 4257 sic
579 4207 724 4270 appellato.
756 4211 787 4260 Si

239 4290 304 4324 vero
317 4290 378 4324 cum
391 4277 449 4322 viro
463 4275 542 4325 docto
555 4275 656 4337 (ldeler
667 4277 711 4327 l.l.
723 4294 785 4344 pag.

239 4342 302 4407 418)
316 4359 446 4408 quaeres,
469 4361 520 4410 quo
541 4350 620 4408 pacto
634 4348 720 4397 Samii
738 4350 786 4399 isti

239 4415 268 4464 iu
278 4413 349 4463 banc
357 4414 441 4464 Oasin
452 4415 617 4480 devenerint,
628 4433 690 4467 num
701 4419 787 4469 uPer·

240 4485 279 4535 sis
293 4483 357 4535 illuc
370 4485 490 4537 traducti
510 4485 556 4537 illo
569 4502 602 4537 ex
621 4503 712 4552 more,
732 4504 785 4554 que

837 868 932 927 gentes
945 863 1037 912 victae
1048 861 1117 912 alias
1131 877 1242 927 prorsus
1255 866 1282 914 iu
1294 865 1384 928 regio-

836 948 885 982 nes
901 930 974 981 haud
993 945 1056 980 raro
1073 932 1324 996 transferebantur,
1347 948 1384 982 eu

836 1001 928 1065 potius
944 1001 999 1064 ipsi
1017 998 1082 1051 illuc
1106 1003 1223 1064 proiecti
1245 1002 1385 1053 mercandi

837 1084 922 1120 causa
934 1070 1067 1135 sedesque
1078 1068 1136 1119 illic
1147 1072 1276 1137 figentes:
1292 1072 1385 1122 malim

836 1139 888 1188 hoc
904 1141 991 1204 ipsum
1005 1144 1136 1201 statuere,
1149 1142 1310 1206 praesertim
1323 1158 1384 1192 curu

837 1210 989 1259 Samiorum
1006 1224 1050 1260 res
1066 1211 1173 1262 navalis
1187 1217 1214 1263 et
1232 1217 1387 1261 mercatura

838 1280 891 1328 iam
906 1278 1011 1343 Olymp.
1026 1279 1156 1330 XXXVII
1175 1284 1291 1332 maxime
1307 1281 1387 1332 flore-

837 1355 888 1410 ret,
903 1353 933 1398 ut
945 1348 988 1399 rel
998 1349 1158 1400 Tartessum
1167 1352 1301 1402 venirent.
1325 1351 1386 1412 Quo

838 1419 931 1468 ecdem
950 1418 1032 1469 ferme
1050 1423 1171 1484 tempore
1185 1421 1246 1472 iilos
1260 1421 1385 1470 inasiu

838 1489 967 1537 maiorem
979 1490 1072 1538 venire
1085 1492 1222 1553 potuisse,
1237 1489 1310 1540 haud
1325 1492 1387 1555 qui-

836 1559 896 1608 dem
908 1558 943 1608 ab
954 1558 1028 1607 omni
1039 1559 1235 1622 probabilitate
1246 1559 1386 1611 abhorret.

838 1627 916 1677 Ocni.
929 1627 1049 1678 Mueller.
1062 1630 1197 1694 Aeginett.
1216 1647 1241 1694 p.
1252 1630 1285 1681 67
1299 1631 1388 1679 etLe-

839 1704 936 1747 tronue
950 1699 992 1747 iu:
1012 1699 1103 1748 Rerue
1113 1698 1139 1752 d.
1152 1699 1178 1749 d.
1190 1699 1278 1750 mend.
1292 1700 1324 1748 Τ.
1337 1700 1385 1748 ΙΧ.

840 1784 864 1832 p.
882 1768 932 1816 524
948 1782 1003 1833 seq.
1023 1773 1050 1816 et
1063 1766 1143 1817 lldm.
1163 1770 1196 1818 de
1217 1769 1321 1819 l'dcad.
1338 1768 1387 1819 des

839 1838 980 1901 Inscriptt.
995 1838 1083 1898 xvir,
1101 1840 1111 1888 Ι
1136 1854 1197 1904 pag.
1214 1841 1244 1890 12
1257 1854 1325 1903 seq,
1337 1840 1388 1902 qui

840 1907 937 1958 merito
954 1907 990 1956 ad
1007 1923 1054 1968 ea,
1071 1923 1140 1972 quae
1155 1907 1179 1957 h.
1194 1908 1211 1959 Ι.
1230 1908 1262 1957 de
1275 1909 1387 1970 Samiis,

839 1992 906 2043 quos
923 1976 952 2025 in
973 1976 1068 2028 mediis
1082 1977 1192 2028 Africae
1212 1978 1329 2028 desertis
1345 1979 1389 2027 in·

840 2048 963 2096 venimus
975 2047 1159 2107 considentes,
1174 2047 1329 2108 truduntur,
1345 2053 1389 2097 st-

840 2116 979 2166 teudinus
996 2115 1066 2165 vult:
1088 2119 1187 2168 etenim
1202 2118 1310 2183 egregie
1324 2118 1389 2166 iude

839 2187 1388 2252 Graecorumcognoscunturstudie,qui,

840 2272 873 2307 ex
886 2271 939 2321 quo
953 2257 1095 2320 Aegyptus
1111 2257 1262 2322 peregrinis
1277 2258 1388 2307 omuino

840 2325 980 2390 patefacta
993 2333 1050 2388 est,
1067 2342 1120 2376 nou
1134 2327 1221 2391 ipsam
1234 2326 1322 2377 solum
1335 2329 1389 2377 Ae-

839 2401 952 2460 gyptum
969 2401 1055 2445 totam
1074 2397 1239 2460 permeeriut
1256 2411 1388 2446 commer-

841 2467 913 2516 cium
926 2471 1055 2530 ugeutes,
1075 2482 1169 2516 verum
1182 2468 1265 2516 etiem
1278 2466 1388 2530 longius

841 2536 1024 2601 processerint
1040 2534 1112 2586 ultra
1124 2536 1205 2587 huius
1219 2542 1308 2588 terrae
1320 2537 1389 2587 tines

840 2611 923 2671 atque
937 2607 965 2656 in
978 2606 1044 2656 Oasi
1060 2607 1247 2670 consederint,
1261 2622 1332 2672 quae
1347 2608 1389 2657 in-

842 2676 972 2726 termedia
984 2677 1039 2726 sita
1052 2677 1123 2727 inter
1133 2679 1290 2743 Aegyptum
1304 2683 1390 2742 atque

841 2747 985 2797 interiores
1007 2747 1117 2797 Africae
1136 2752 1256 2810 tractus,
1284 2747 1389 2797 Darlur

841 2822 867 2866 et
880 2815 1038 2866 Khordofan
1050 2831 1122 2867 nunc
1133 2824 1249 2879 vocant,
1266 2817 1388 2867 maxima

840 2887 876 2936 ad
895 2887 1083 2936 commercium
1107 2887 1241 2951 agendum
1260 2886 1390 2951 praebuit

840 2957 989 3007 commode.
1023 2956 1126 3005 Horum
1144 2958 1295 3007 Samiorum
1314 2957 1388 3021 quod

840 3026 942 3076 nullum
955 3024 1068 3090 posthac
1084 3028 1217 3090 reperitur
1229 3027 1388 3091 vestigium,

839 3096 912 3145 haud
927 3097 1022 3145 mirum
1033 3096 1142 3146 ridetur
1151 3098 1311 3160 Letronnio,
1324 3112 1386 3146 cum

839 3166 993 3216 ineundam
1009 3166 1094 3215 Oasin
1111 3166 1185 3215 haud
1202 3183 1306 3232 paucos
1319 3182 1385 3231 quo-

839 3252 889 3301 que
904 3236 1053 3299 Aegyptios
1066 3235 1195 3286 credibile
1209 3237 1247 3286 sit
1263 3254 1293 3288 se
1310 3251 1384 3287 rece-

841 3308 922 3370 pisse,
934 3306 1093 3370 quibuscum
1102 3306 1187 3355 Semii
1198 3306 1296 3357 deiude
1307 3306 1389 3370 plene

840 3375 1000 3426 coaluerint.
1032 3375 1108 3425 ldem
1122 3377 1286 3426 Letrouuius
1305 3375 1390 3426 hosce

840 3445 946 3495 Samios
966 3450 1048 3495 antea
1065 3445 1190 3509 Abydum
1205 3447 1326 3496 tenuisse
1344 3461 1390 3497 su-

841 3516 971 3578 spicatur,
986 3530 1067 3580 quarn
1082 3516 1173 3565 urbem
1188 3515 1310 3566 Milesios
1323 3532 1387 3566 cou-

840 3585 943 3635 didisse
954 3591 1052 3634 auctor
1064 3590 1105 3635 est
1114 3586 1268 3651 Stephanus
1280 3587 1388 3651 Bruan-

841 3655 912 3704 tiuus
930 3672 951 3705 s.
965 3672 991 3704 r.
1003 3644 1124 3717 Ἄβυδος.
1307 3715 1313 3726 ⁹

872 3715 1007 3787 ἀπέχουσι
1023 3718 1052 3772 δὲ
1071 3715 1140 3773 ἔπτὰ
1158 3716 1283 3790 ἡμερέων
1302 3717 1384 3790 odire]

837 3795 896 3844 Hoc
923 3796 1024 3858 optime
1053 3810 1204 3857 congruere
1234 3811 1294 3845 cum
1320 3811 1385 3848 vero

837 3864 957 3914 locorum
986 3864 1133 3914 intervallo
1159 3871 1253 3915 monet
1276 3867 1385 3916 Heeren

838 3935 920 3985 ldeeu
932 3936 973 3997 Il,
991 3934 1013 3982 l.
1034 3951 1060 3998 p.
1073 3936 1132 3985 219.
1163 3935 1230 3985 Cum
1247 3936 1319 3984 cuim
1335 3936 1384 3985 du-

838 4003 904 4068 plici
915 4006 960 4054 ria
972 4004 1008 4054 ad
1021 4004 1107 4054 Oasin
1125 4006 1263 4068 perveniri
1283 4008 1383 4069 possit,

837 4072 927 4135 illem,
950 4090 1020 4139 quae
1033 4076 1120 4137 magis
1135 4075 1274 4129 meridiem
1289 4091 1384 4126 versus

838 4143 920 4193 ducat
934 4151 961 4195 et
980 4145 1101 4209 antiquis
1122 4145 1288 4209 temporibus
1302 4147 1386 4194 maxi-

838 4230 880 4263 me
899 4214 983 4265 luerit
1003 4214 1189 4278 frequentata,
1208 4214 1317 4279 explere
1333 4216 1386 4266 Lll

839 4282 933 4347 horas,
948 4299 1015 4348 quas
1028 4284 1137 4345 dicunt,
1149 4290 1180 4334 ut
1192 4285 1331 4334 commode
1345 4302 1386 4335 se-

838 4359 909 4416 ptem
925 4353 1018 4404 diebus
1030 4353 1128 4403 confici
1142 4355 1239 4416 possit.
1267 4355 1321 4416 Qui
1338 4371 1385 4404 au-

838 4428 891 4472 tem
906 4423 1007 4473 Thebis
1021 4425 1191 4473 Ammonium
1210 4424 1385 4488 proficiscun-

838 4497 890 4555 tur,
903 4493 937 4543 iis
947 4492 1035 4543 medio
1046 4495 1074 4543 in
1086 4494 1182 4545 itinere
1195 4490 1252 4545 s'ita
1263 4500 1305 4545 est
1317 4493 1385 4544 baec
