3042 5125
526 421 732 488 THALIA.
755 422 815 488 ΠΙ.
839 435 881 491 14.
1233 425 1271 492 31

124 601 165 680 εύ
178 612 315 682 δοκέειν
328 615 364 681 οἰ
377 616 545 702 εἰρῆσθαι.
568 608 614 694 τός
627 612 665 684 δὲ
675 616 807 702 λέγεται
818 609 879 684 ὑπ’
889 578 1099 705 Αἰγυπτίων,
1111 616 1275 709 δακρύειν

123 713 187 804 μὲν
209 722 379 804 Κροῖσον,
407 715 575 805 ἐτετεύχεε
596 713 661 805 γὰρ
681 719 737 788 παλ
752 708 850 799 οὗτος
866 717 1087 809 ἐπισπόμενος
1105 720 1273 812 Καμβύσῃ

124 814 181 888 ἐπ’
209 828 408 906 Αἴγυπτον,
440 819 603 911 δακρύειν
615 819 653 891 δὲ
671 823 835 913 Περσέων
853 819 932 904 τούς
956 822 1159 914 παρεόντας,
1180 822 1272 919 αύτῷ

123 1007 226 1066 τούτου
237 1032 265 1068 κ.
274 1033 296 1067 τ.
305 1016 343 1083 λ.]
362 1018 464 1071 Sensus
476 1020 619 1074 verborum
634 1035 679 1072 ex·
730 1020 764 1071 58
779 1020 929 1086 attigimus,
947 1020 1009 1073 coll.
1022 1023 1158 1075 Kuehner.
1173 1023 1219 1075 Gr.
1228 1023 1274 1076 (ir.

123 1087 253 1153 peditus,
271 1093 413 1139 structura
432 1091 611 1156 grammatica
623 1105 679 1140 ma-
728 1092 751 1153 §.
771 1090 871 1152 sum
892 1097 919 1140 et
935 1091 1083 1143 Matthiae:
1105 1093 1275 1144 Vermischte

123 1158 198 1207 xime
212 1157 360 1222 impedita3
382 1174 463 1224 quam
478 1164 510 1211 ut
527 1161 676 1226 expediret,
715 1159 841 1220 ,Schrift
856 1175 921 1225 pag.
933 1160 976 1212 61.
991 1162 1091 1213 Herod.
1103 1163 1158 1226 IV,
1170 1164 1196 1213 5.
1209 1163 1275 1226 VII,

123 1218 677 1296 Schweigb.duevsspde'vrupartimpium
730 1229 788 1280 171.
812 1229 982 1281 Structuraus
995 1232 1217 1284 anacoluthicsm
1228 1232 1276 1283 hu·

123 1312 173 1361 pro
191 1297 277 1347 verbo
290 1296 383 1360 linito,
404 1298 477 1364 quod
488 1304 677 1365 sequeturvo-
727 1299 770 1349 ius
791 1298 844 1349 loci
862 1300 956 1365 attigit
981 1316 1088 1367 quoque
1108 1302 1214 1354 Geisler
1231 1303 1274 1352 De

122 1364 216 1416 culam
237 1356 293 1431 ὡς,
316 1368 433 1433 positum
453 1368 541 1419 videri
560 1369 675 1429 statuit3
727 1367 995 1422 Graecc.uomiuatt.
1007 1369 1138 1422 absoluit.
1152 1386 1217 1437 pag.
1230 1371 1274 1422 ab.

123 1450 292 1501 quamquam
302 1451 370 1502 quos
380 1437 460 1489 affert
470 1437 545 1490 looos
555 1440 593 1490 ad
604 1438 675 1489 hano
726 1437 803 1500 Quae
816 1454 877 1488 cum
891 1441 931 1488 ita
950 1439 1022 1503 sint,
1040 1440 1108 1490 nihil
1124 1446 1231 1492 mutare
1245 1440 1274 1490 in

122 1508 296 1556 structuram
313 1506 481 1573 probandam
498 1507 552 1571 VI,
567 1509 610 1561 31.
631 1507 674 1566 79.
725 1507 890 1560 Herodoteis
900 1508 991 1559 verbis
1003 1509 1085 1573 volui,
1096 1525 1167 1575 quae
1179 1509 1274 1561 eodem

123 1575 144 1623 ii
162 1574 284 1626 maxime
294 1575 422 1627 videntur
436 1592 495 1628 esse
509 1575 602 1630 alieni.
632 1576 675 1628 Ad
725 1576 806 1627 modo
817 1576 996 1628 exhibuerunt
1010 1594 1080 1631 rece.
1093 1580 1169 1644 edd,
1186 1595 1273 1647 neque

124 1644 242 1696 eandem
253 1644 338 1696 ferme
347 1650 481 1697 rationem
488 1647 593 1713 Steger.
604 1647 676 1698 huno
726 1661 794 1712 opus
811 1648 865 1698 erit
884 1646 984 1698 addere
999 1637 1103 1714 ἤκουσε
1114 1655 1177 1714 post
1188 1651 1274 1701 verba

122 1713 215 1765 locum
240 1714 378 1780 explicat,
409 1717 444 1767 ad
469 1707 675 1781 ἀπενειχθέντα
725 1707 783 1766 ὑπὸ
802 1708 915 1781 τούτου,
940 1722 972 1767 ut
995 1719 1123 1783 opinatur
1138 1719 1227 1770 Abich
1244 1719 1273 1769 in

123 1782 279 1849 supplendo
294 1771 343 1850 ἦν,
358 1785 430 1852 quod
446 1786 517 1837 idem
528 1786 622 1836 valeat
633 1791 675 1836 at·
726 1785 863 1852 Philolog.
872 1786 906 1835 X.
919 1802 945 1851 p.
955 1787 1007 1838 565
1016 1803 1073 1853 seq.
1088 1788 1199 1840 Retinui
1209 1804 1275 1854 quo·

124 1868 179 1918 que
192 1843 364 1919 ἀπενείχύη.
395 1855 449 1906 Sed
462 1857 490 1905 iu
503 1856 677 1920 praefatione
728 1870 780 1921 que
804 1848 835 1904 οἱ
853 1871 868 1906 ε
887 1856 1011 1907 Mediceo
1029 1856 1099 1907 libro
1122 1859 1273 1924 repositum

123 1937 189 1988 pag.
201 1922 257 1972 XII
270 1939 348 1989 seqq.
362 1924 414 1975 hoc
432 1926 459 1975 ei
476 1924 622 1992 displicere
637 1926 676 1975 di·
726 1939 777 1990 pro
795 1936 878 1989 σφιν,
901 1926 978 1977 cuius
996 1925 1099 1977 nullum
1116 1927 1162 1978 hic
1184 1928 1272 1979 locum

124 1994 179 2053 cit;
211 1993 328 2043 rescribi
346 1995 452 2046 mavult
470 1980 509 2044 ὧν
533 1993 593 2060 (ρτο
616 1985 675 2060 ὡς),
727 2009 788 2045 εεεε
801 1994 920 2046 ostendit
932 1996 1048 2050 Bredov.
1064 2012 1091 2061 p.
1102 1997 1164 2047 282.

125 2076 198 2127 quae
217 2062 355 2127 particula
372 2064 445 2129 apud
457 2064 625 2115 Herodotum
640 2065 676 2115 ad
761 2055 897 2127 δακρύειν
904 2056 955 2129 μὲν
965 2056 1274 2131 Κροῖσον-δακρύειν

124 2131 280 2182 orationem
299 2132 511 2185 continuandam
533 2135 674 2186 inserviat.
727 2126 758 2182 δὲ
769 2126 901 2199 Περσέων
912 2124 978 2192 τούς
991 2126 1157 2202 παρεόντας]
1171 2136 1204 2187 ln
1215 2151 1274 2186 ver·

123 2202 178 2253 Pro
189 2191 259 2251 ὑπὸ
272 2194 412 2269 τούτου,
424 2202 495 2269 quod
506 2204 542 2255 ad
551 2205 675 2256 nuntium
726 2202 761 2252 bo
775 2195 911 2268 δακρύειν
922 2205 1039 2270 repetito
1055 2205 1127 2257 inest
1138 2207 1181 2256 vis
1193 2220 1275 2272 quae·

124 2287 141 2322 a
161 2270 300 2337 cambyse
318 2273 430 2325 missum
446 2274 580 2338 pertinet,
603 2274 676 2326 idem
727 2272 803 2337 dam,
824 2288 905 2338 quam
922 2289 983 2324 curn
996 2276 1148 2327 Homericis
1166 2291 1275 2342 eompa-

409 2334 415 2349 “
498 2335 504 2350 ’
726 2346 790 2392 rant
807 2342 906 2407 Odyss.
929 2344 982 2408 IV,
1003 2346 1053 2396 104
1071 2360 1141 2411 seq:
1173 2346 1274 2395 κλαῖε

124 2340 182 2406 legi
205 2340 267 2393 vult
288 2335 328 2392 τὰ
347 2332 418 2392 dno
443 2356 590 2408 τοντον,
612 2346 630 2396 i.
650 2360 674 2395 e.

726 2405 778 2477 μέν
789 2403 891 2478 Ἀργείη
908 2407 1002 2479 *Etim
1014 2442 1050 2451 -
1060 2416 1160 2465 κλαῖε
1174 2409 1204 2465 δὲ
1218 2415 1274 2481 Τη-

125 2427 191 2477 qaae
208 2411 241 2462 ab
258 2412 306 2463 boe
322 2411 373 2476 (sc.
388 2412 583 2477 Psammsnito)
593 2417 676 2479 proli-

125 2480 296 2541 meabarim,
305 2498 369 2547 quae
377 2483 409 2534 ab
418 2484 465 2534 Ιιοε
473 2485 541 2534 dicta
549 2492 630 2534 eram.
643 2484 675 2533 A.

125 2549 265 2602 Matthiae
284 2550 353 2604 baec
366 2551 564 2618 adscripscrat:
591 2554 677 2618 „Ver-

125 2621 163 2673 ba
173 2616 224 2670 καὶ
236 2618 324 2669 ταῦτα
336 2612 373 2680 ὡς
382 2650 417 2659 -
428 2616 563 2688 εἰρῆσθαι
576 2623 604 2674 in
617 2638 678 2688 pro-

125 2691 182 2741 tasi
195 2706 257 2742 esse
268 2690 355 2742 videri
368 2697 491 2756 possunt,
506 2708 586 2759 quam
599 2695 678 2758 sequi

125 2762 239 2813 deberet
251 2761 379 2825 spodosis
391 2754 525 2827 δακρύειν
533 2755 678 2827 μένΚροῖ-

127 2843 194 2894 τον,
215 2828 265 2881 sed
280 2831 407 2882 turbatus
424 2847 484 2883 esse
502 2831 568 2883 ordo
581 2833 678 2883 verbo-

126 2916 186 2951 rum
202 2900 314 2951 insertis
332 2900 387 2952 illis
401 2891 439 2958 ὡς
453 2894 484 2951 δὲ
501 2895 605 2965 λέγεται
623 2891 675 2951 ὑπ’

128 2964 299 3032 Αἰγυπτίων.
326 2970 380 3021 Sed
395 2985 429 3021 ue
439 2971 479 3022 sic
491 2970 600 3036 quidem
612 2987 677 3023 con·

127 3040 246 3091 structio
257 3045 331 3091 recte
342 3040 481 3105 procedit:
498 3056 561 3091 uam
574 3031 676 3107 δακρύ-

128 3123 172 3159 ειν
186 3101 239 3174 μὲν
251 3108 377 3187 ,Κροῖσον
398 3115 451 3162 eto.
472 3111 599 3190 opposite
614 3113 678 3162 sunt

127 3179 222 3230 verbis
232 3192 265 3228 εν
276 3173 385 3230 δοκέειν
396 3172 427 3228 ολ
436 3173 570 3246 εἰρησθαι
580 3184 609 3231 et
618 3195 679 3231 nar·

127 3249 230 3300 rationu
251 3248 365 3299 aliorum
381 3251 519 3301 coutrarIa
529 3250 679 3317 Aegyptio·

127 3335 198 3369 rum.
227 3318 449 3384 Itaquevereor,
467 3335 502 3372 ue
519 3308 556 3377 ὡς
573 3335 587 3371 e
602 3335 679 3386 seqq.

127 3389 182 3440 bue
195 3392 343 3439 retractum
355 3389 424 3439 sit.“
447 3388 611 3442 Scbaeierus
623 3390 679 3441 edi-

128 3458 170 3508 dit
182 3446 234 3520 ὣςς
254 3458 378 3524 equidem
393 3461 523 3512 revocavi
537 3448 587 3524 τός,
609 3474 680 3526 quae

128 3527 231 3579 vocula
242 3528 351 3579 sirecte
364 3530 455 3595 posita
469 3534 521 3593 est,
534 3528 680 3595 temporali

128 3597 334 3665 significatione
347 3599 377 3661 (i.
390 3615 418 3664 q.
433 3588 511 3664 ἐπεί)
524 3599 614 3666 accipi
624 3613 680 3650 uou

126 3669 248 3733 poterit,
274 3668 322 3719 sed
346 3684 379 3719 eo
399 3683 496 3732 sensu,
519 3683 572 3734 quo
595 3667 679 3719 etiam

127 3736 383 3802 Schweighaeuser.
391 3738 493 3793 iuLex.
501 3737 682 3793 Herodotll.

727 2477 845 2548 λε’μαχος
861 2498 886 2533 κ,
906 2498 928 2532 τ.
942 2483 964 2533 λ.
1002 2484 1159 2551 Eodemque
1173 2485 1274 2548 resero,

729 2553 801 2618 quoi
813 2553 886 2618 apud
898 2553 1028 2605 Nostrum
1045 2554 1143 2622 legitur
1154 2555 1211 2621 111,
1225 2554 1273 2606 36:

728 2619 777 2671 nul
801 2613 929 2700 tinipb
949 2617 1071 2674 σεωυτὸν
1093 2615 1222 2683 ὤλεσας
1240 2650 1274 2660 -

728 2681 787 2740 tut
804 2684 835 2740 δὲ
859 2692 991 2752 ωλεσας
1010 2691 1125 2759 Κῦρον,
1146 2694 1194 2745 ubi
1213 2709 1275 2746 eam

728 2762 821 2839 ipsam¹
829 2761 863 2812 ob
877 2776 989 2813 causam
1002 2763 1086 2813 nolim
1098 2763 1194 2815 tollere
1206 2765 1274 2813 alte-

727 2845 787 2881 rum
801 2830 918 2893 ωλεσας,
941 2833 1033 2896 prouti
1052 2832 1144 2896 placet
1159 2832 1273 2886 Cobeto.

727 2900 824 2964 Neque
836 2899 890 2950 huc
899 2915 955 2950 nou
966 2902 1084 2966 pertinet
1092 2901 1170 2964 VIII,
1183 2902 1231 2953 89:
1242 2928 1274 2936 -

727 2960 1276 3037 ύπομένέθανεὸοτρατηγὸς-αἱπό

728 3032 759 3088 δὲ
778 3028 856 3088 ἄλλοι
873 3038 975 3089 πολλοί
991 3054 1020 3090 τε
1039 3036 1088 3089 καλ
1106 3031 1275 3106 ούνοματτολ

727 3102 875 3175 Περσέων,
899 3109 999 3174 quibus
1017 3111 1117 3162 similia
1134 3111 1278 3163 inveniun-

727 3178 975 3243 mWQHAE

764 3238 898 3313 ἐτετεύχεε
909 3242 963 3317 γὰρ
975 3245 1023 3300 καλ
1034 3234 1115 3307 οὗτος
1127 3238 1276 3316 ἐπισπόμε·

730 3316 790 3386 νος]
816 3318 859 3370 De
876 3333 906 3370 re
923 3320 997 3373 conf.
1017 3322 1046 3385 1,
1064 3321 1098 3373 89
1120 3321 1186 3386 ibiq.
1204 3325 1274 3371 nott.

729 3389 771 3440 De
788 3388 876 3439 forma
888 3392 917 3439 et
929 3389 1129 3457 significatione
1141 3379 1277 3454 ἐτετεύχεε

730 3457 804 3512 conf.
813 3457 934 3512 Lobeck.
945 3459 981 3511 ad
989 3459 1134 3525 Phrynich.
1144 3475 1208 3526 pag.
1214 3459 1276 3511 395.

727 3530 855 3594 Namque
864 3528 952 3580 Attici
964 3529 1016 3580 hac
1028 3530 1124 3594 forma,
1136 3529 1189 3581 hac
1200 3527 1278 3581 verbi

729 3597 899 3650 substantivi
912 3601 1025 3650 notione
1038 3597 1124 3664 (valet
1135 3600 1207 3649 euim
1220 3598 1247 3648 h.
1258 3597 1276 3648 l.

729 3667 811 3733 εντα),
829 3668 874 3718 usi
889 3683 944 3718 uon
959 3674 1035 3732 sunt,
1056 3667 1130 3735 apud
1146 3669 1279 3734 posterio-

728 3738 767 3788 ris
778 3737 879 3788 aetatis
890 3739 1037 3804 scriptores
1047 3738 1114 3789 haec
1125 3739 1212 3789 torma
1221 3743 1278 3787 tum

127 3823 156 3872 p.
171 3805 225 3857 3512
240 3806 358 3871 intelligi
369 3808 442 3858 vult:
461 3808 546 3874 Atque
557 3809 630 3869 llaec,
640 3816 680 3859 ut-
729 3808 758 3857 in
773 3805 857 3857 verbo
871 3807 991 3872 simplici
1004 3812 1061 3858 tum
1075 3809 1103 3858 iu
1117 3807 1278 3872 compositis

123 3874 680 3943 poteremntibtafflambysilabloc(nun-
730 3878 990 3942 saepiusreperitur.
1024 3878 1078 3928 Pro
1091 3870 1279 3943 ἐπισπόμενος

127 3945 182 4009 tio)
193 3947 257 3998 bene
267 3948 336 3997 dieta
349 3961 404 3998 esse
419 3951 444 3999 ei
454 3948 537 3998 uideri
547 3943 681 4011 (dicunt):
730 3946 803 3997 male
812 3938 1085 4011 ολίαιέπισπύμενος.
1094 3946 1200 3999 Tuvid.
1209 3950 1278 3996 nott.

128 4025 156 4065 νι
168 4032 232 4066 cero
244 4016 276 4066 ab
289 4017 422 4082 Aepyptits
437 4017 556 4075 moditor,
572 4016 680 4068 Οοαεεαε
731 4015 808 4080 adl,
822 4015 852 4067 91
868 4022 895 4069 et
907 4015 1123 4081 of.111‚3t.132.
1145 4017 1193 4069 Cr.
1204 4015 1277 4069 coni.

127 4088 250 4135 lacrimae
258 4084 328 4147 sudis
340 4090 394 4136 etc.
421 4086 476 4137 Ubi
488 4085 524 4136 ad
535 4085 621 4136 verba
631 4081 680 4135 καὶ
731 4085 885 4152 Thucydid.
898 4086 953 4151 IV,
966 4086 1001 4139 35
1014 4085 1079 4152 ibiq.
1094 4087 1199 4153 Poppo.
1214 4102 1277 4153 pag.

128 4147 401 4219 ταῦτα-εἰρῆσθαι
411 4171 426 4206 ε
435 4154 613 4221 sequentibus
621 4171 682 4207 ver·
731 4157 765 4206 74
778 4159 806 4207 et
820 4161 946 4210 annotat.
962 4169 1040 4207 suam
1053 4156 1088 4206 sd
1098 4157 1200 4209 Plotin.
1214 4172 1279 4222 pag.

128 4222 172 4272 bis
185 4215 224 4281 ὦς
238 4215 269 4273 δὲ
285 4218 391 4287 λέγεται
406 4213 460 4274 ὑπ’
470 4218 529 4288 Αέγ.
543 4224 604 4275 iure
615 4225 682 4275 milri
732 4224 793 4276 494.
807 4224 871 4278 infr.
897 4226 940 4277 Ad
950 4242 1025 4292 seqq.
1037 4226 1137 4279 verba:
1159 4219 1237 4295 αὐτῷ
1250 4238 1279 4274 τε

129 4286 238 4356 λέγεται
250 4291 287 4342 ad
298 4293 490 4345 antecedentia
502 4298 634 4346 mentone
655 4310 682 4346 e·
732 4285 870 4361 Καμβύσῃ
886 4287 1053 4347 ἐσελθεῖν
1071 4296 1143 4348 cout'.
1157 4298 1234 4362 1,24
1252 4299 1280 4345 et

129 4367 189 4413 tere
202 4376 285 4427 posse
296 4363 405 4424 videon
422 4363 509 4416 verba
526 4368 619 4416 autom
630 4311 680 4413 όα-
730 4362 767 4415 ad
781 4366 879 4417 verba:
897 4355 946 4416 τόν
957 4360 987 4414 τέ
1001 4358 1037 4414 οἱ
1053 4364 1144 4416 παῖδα
1156 4370 1227 4418 nott.
1244 4365 1281 4416 sd

113 4422 682 4572 e⁰tr.r²zurrut·‘.t.uul
730 4424 1130 4559 {restratus
1237 4436 1281 4501 ..-

480 4540 488 4571 ι
672 4541 680 4572 ι
1101 4543 1107 4557 ·
