3042 5125
278 335 340 401 398
708 339 980 403 HERODOTI

279 530 437 616 ποταμῶν
449 528 552 616 μέγας
566 528 622 596 καλ
642 525 724 616 πρὸς
743 524 794 617 ἠῶ
806 533 910 617 ῥέων,
932 528 1167 599 ἀνακοινοῦται
1183 532 1231 621 τῷ
1242 525 1361 619 Ἴστρῳ
1377 524 1409 594 τὸ

280 627 390 720 ὕδωρ,
410 625 480 701 ὅδὲ
500 628 654 720 δεύτερος
673 635 805 720 λεχθεὶς
824 631 1004 723 Τιαραντός
1023 631 1106 723 πρὸς
1120 635 1260 720 ἑσπέρης
1279 657 1315 700 ιε
1334 633 1407 719 μάλ·

279 741 340 828 ipe
353 734 410 803 καὶ
423 732 581 803 ἐλάσσων.
615 730 633 803 ὁ
649 734 685 804 δὲ
701 732 742 823 δὴ
760 732 895 824 Ἀραρός
914 765 949 807 τε
963 733 1050 808 καὶὸ
1065 735 1222 826 Νάπαρις
1236 737 1293 803 καὶ
1309 729 1329 801 ὁ
1346 731 1409 820 Ὀρ-

281 835 417 924 δησσὸς,
439 835 494 906 διὰ
513 839 616 926 μέσου
631 835 760 907 eodem
782 838 905 927 ἰόντες,
929 839 1128 930 ἐσβάλλουσι
1148 843 1181 920 ἐς
1203 837 1263 908 τὸν
1275 836 1410 926 Ἴστρον.

280 932 372 1010 οὗτοι
392 939 454 1030 μὲν
474 936 664 1028 αὐτιγενὲες
684 947 825 1033 ποταμοὶ
837 946 1005 1014 Σκυθικοὶ
1024 943 1286 1033 συμπληθύουσι
1305 936 1410 1010 αὐτόν.

233 1041 333 1117 4οἘιι
368 1043 405 1112 dt
438 1038 657 1134 Ἀγαθύρσων
686 1045 802 1137 Μάρις
832 1045 977 1138 ποταμὸς
1010 1050 1098 1137 ῥέων
1124 1054 1347 1137 συμμίσγεται
1372 1048 1412 1137 τῷ

315 1201 826 1279 αα1πρόςὴὥρέωυ]8σ1ινισίρὴασυ-
875 1218 933 1265 tres
953 1211 1000 1265 elii
1020 1213 1111 1279 fluvii,
1138 1211 1259 1265 medium
1278 1212 1353 1263 inter
1369 1210 1411 1261 bos

280 1298 342 1335 aero
358 1283 507 1347 interprete
529 1281 578 1344 (ed
592 1284 622 1346 1,
636 1283 699 1348 201)
716 1281 825 1348 ,,Πυρε·
875 1299 982 1335 cursum
999 1288 1140 1348 tenentes,
1163 1284 1293 1334 dicuntur
1313 1273 1410 1346 σιάμί-

279 1345 824 1419 τόςθαυὶυιι-ᾶίσῆαικρόςήώόέων,
876 1367 927 1403 σου
952 1345 1059 1403 τούτων
1084 1346 1194 1418 ἰόντες,
1222 1354 1271 1404 nbi
1298 1350 1410 1402 Koister.

281 1439 337 1475 non
348 1421 421 1488 qnod
433 1436 529 1473 verene
542 1423 675 1475 orientem
692 1423 825 1488 dirigatur
875 1422 894 1473 1.
915 1422 933 1477 1.
952 1439 1014 1489 pag.
1035 1424 1067 1475 14
1082 1423 1195 1475 rescribi
1212 1422 1301 1475 voluit
1317 1413 1410 1477 ἐόντες.

284 1494 341 1544 eius
365 1507 479 1554 cursus,
504 1491 551 1543 eed
579 1494 651 1557 quod
674 1491 718 1543 ilie
738 1492 825 1556 magis
876 1494 949 1559 qnod
967 1494 1082 1544 Hensen
1099 1493 1118 1545 l.
1134 1493 1153 1545 l.
1176 1508 1239 1559 pag.
1264 1491 1296 1544 18
1313 1506 1411 1558 quoqne

284 1578 367 1628 quam
379 1562 481 1613 caeteri
492 1563 672 1622 adorientem,
686 1563 718 1614 ab
729 1564 825 1613 oriente
875 1562 1000 1626 exhibet,
1016 1562 1090 1630 quod
1107 1563 1172 1613 mihi
1188 1578 1255 1614 vero
1273 1575 1411 1627 nequent·

281 1634 318 1683 sit
331 1638 359 1683 et
376 1634 404 1683 in
423 1646 457 1682 es
474 1637 552 1697 perte
563 1632 642 1695 Istri,
659 1646 823 1697 quenquam
875 1634 1025 1696 cessarium
1034 1632 1366 1698 nequeprobumomnino
1378 1629 1412 1679 ri·

281 1703 398 1754 maxime
416 1704 548 1752 orientem
565 1706 686 1767 spectet,
707 1701 736 1750 in
751 1700 823 1751 hune
873 1703 962 1753 detur.
991 1702 1109 1754 Verbum
1133 1695 1363 1752 ἀνακοινοῦσθαι
1384 1700 1411 1749 de
1474 1753 1476 1766 ¹

282 1774 392 1824 fluvium
416 1772 533 1833 ineidat,
558 1778 654 1822 eontra
672 1772 823 1822 Tierantus
874 1772 971 1833 fluvio,
990 1772 1036 1837 qui
1047 1786 1135 1837 aquas
1148 1787 1284 1823 suseenm
1297 1771 1355 1821 alio
1368 1770 1409 1819 fln-

282 1846 446 1893 memoretur
457 1842 545 1906 megia
563 1842 600 1891 ed
616 1842 764 1894 occidentem
780 1839 823 1890 vei
874 1843 919 1892 vio
932 1842 1114 1892 eommunicet
1125 1859 1148 1894 s.
1160 1843 1266 1904 miscet,
1280 1840 1412 1891 aeeumti·

281 1913 314 1962 ad
327 1914 456 1964 occidente
466 1928 522 1961 esse
539 1901 611 1974 πρὸς
628 1901 745 1975 ἑσπέρης
755 1905 822 1974 μάλ-
873 1925 937 1961 vnm
953 1910 980 1961 h.
992 1910 1010 1962 1.
1027 1911 1110 1961 bebet
1128 1911 1269 1973 additum,
1284 1910 1357 1977 quod
1371 1911 1412 1959 Cr.

283 1981 347 2033 λου·
362 1997 423 2032 nem
437 1972 509 2044 πρὸς
522 1981 688 2046 praepositio
705 1980 759 2030 ists
778 1994 824 2030 no·
874 1979 1047 2032 edseribente
1074 1997 1106 2031 ex
1130 1981 1157 2032 b.
1181 1981 1199 2031 1.
1225 1981 1280 2031 iam
1311 1980 1413 2031 noterit

281 2052 356 2102 tione
375 2050 529 2117 premieeue
544 2065 604 2100 oum
623 2050 705 2116 genit.
723 2054 751 2099 et
763 2063 824 2099 eum
873 2050 996 2102 Fischer.
1012 2050 1049 2100 ed
1062 2050 1171 2102 Weller.
1191 2051 1238 2103 Gr.
1251 2051 1298 2102 Gr.
1314 2051 1375 2112 111,
1389 2064 1411 2096 ι.

282 2127 405 2172 accuset.
428 2134 494 2172 essu
520 2123 700 2178 construitur,
722 2123 753 2169 ut
775 2118 824 2180 IV,
875 2136 938 2186 pag.
960 2121 1021 2171 412.
1051 2121 1094 2171 Tu
1110 2119 1182 2172 coni.
1199 2135 1271 2185 quee
1289 2119 1370 2184 plura
1384 2119 1411 2167 de

285 2192 325 2252 17,
335 2190 383 2241 122
396 2191 468 2242 eto.“
481 2187 555 2239 Idem
568 2189 707 2241 observat:
721 2202 825 2254 „quum
874 2187 925 2241 boo
936 2189 1032 2251 verbo,
1051 2192 1130 2241 euius
1145 2189 1234 2241 medio
1247 2190 1345 2254 optimi
1360 2188 1410 2253 qni·

281 2253 474 2322 dietvdiestur
492 2258 607 2321 fluvius,
625 2275 677 2310 non
694 2260 825 2309 continuo
874 2275 927 2325 que
951 2264 1066 2310 utuntur
1091 2265 1232 2322 unctores,
1263 2258 1410 2309 attulerunt

283 2329 317 2380 do
336 2346 412 2380 curm
431 2329 550 2379 fluminis
569 2334 597 2378 et
619 2327 651 2379 de
674 2329 824 2378 directione
873 2330 1035 2394 interpretes
1046 2327 1201 2380 edMoerid.
1213 2328 1319 2395 pagio
1331 2329 1410 2378 Piere

282 2399 457 2464 cogitandum
470 2412 540 2459 esse,
553 2411 608 2461 que
620 2398 716 2447 fluvius
729 2396 825 2448 deeur·
874 2423 907 2434 -
926 2398 968 2449 Ad
988 2391 1143 2463 αὖιιγευέες
1157 2399 1230 2450 conf.
1244 2398 1288 2460 11,
1304 2397 1355 2449 149
1368 2397 1411 2447 ibi-

282 2473 341 2526 ret,
362 2468 410 2519 sed
423 2471 448 2517 ιἰι
459 2467 558 2518 decant
574 2469 618 2517 ille
631 2469 824 2532 reqionetiuere
875 2483 926 2533 que
946 2473 1016 2519 nott.
1033 2475 1061 2519 et
1075 2470 1119 2532 11,
1134 2470 1166 2521 17
1185 2467 1243 2534 (nbi
1256 2461 1409 2532 ἰθαγενής).

283 2542 350 2590 iliram
371 2540 452 2590 σι’σί.“
488 2535 567 2589 Geni.
596 2537 650 2597 lv,
671 2537 706 2588 10
733 2537 825 2603 ibique
874 2538 1019 2590 Caeterum
1038 2539 1086 2602 iie,
1105 2553 1174 2606 quae
1190 2537 1243 2589 boe
1265 2539 1358 2604 eapite
1370 2551 1411 2613 per
1473 2545 1474 2615 η

283 2614 353 2660 nott.
372 2609 449 2658 Haeo
459 2607 543 2673 igitur
554 2608 577 2659 si
597 2613 671 2659 reete
681 2606 824 2671 disputata
873 2608 1037 2675 perticulam
1066 2603 1118 2675 pie
1148 2608 1325 2675 preferuntur
1351 2606 1410 2671 (dte
1472 2626 1474 2671 ι

282 2685 362 2742 sunt,
380 2679 498 2742 Pyretus
519 2678 547 2727 in
562 2679 686 2742 regione,
706 2692 775 2743 qune
789 2676 824 2726 eb
873 2673 981 2742 μένγε
1001 2676 1213 2744 sicliniensis
1232 2668 1324 2742 χώρης
1337 2672 1408 2726 πέντε
1473 2680 1474 2745 ρ

282 2750 389 2800 oriente
400 2747 729 2811 extenditur,Tisrentus
742 2747 771 2797 in
781 2761 824 2809 es,
873 2740 936 2811 μὲν
960 2741 991 2797 αι’
1006 2740 1166 2812 ρ’έοντες-
1184 2734 1262 2796 οὖτοι
1282 2740 1344 2812 μὲν
1367 2737 1408 2794 αι’»
1473 2748 1474 2779 ³

282 2834 353 2885 quae
364 2820 400 2870 ab
412 2818 553 2869 occidente
564 2818 651 2883 megia
666 2817 822 2882 porrigitur,
874 2812 993 2880 τιγενέες
1017 2834 1042 2867 κ.
1057 2834 1081 2869 τ.
1099 2818 1149 2881 t),
1174 2822 1349 2883 opponuntur
1371 2831 1407 2873 es,
1473 2784 1474 2879 λ

282 2890 366 2941 fluere
389 2888 521 2940 dieendua
545 2887 606 2939 erit.
633 2887 710 2950 Quod
732 2896 824 2937 tamen
874 2901 944 2953 quee
963 2902 1022 2952 cup.
1042 2887 1166 2953 sequenti
1204 2902 1234 2939 er
1255 2885 1407 2952 pertieuiem
1472 2890 1473 2893 ’

283 2958 452 3009 Herodotum
469 2956 559 3007 dieere
578 2956 744 3008 voluisseut
767 2971 824 3007 ere·
875 2949 905 3005 tt
923 2957 1115 3021 proferuntur:
1138 2951 1168 3008 ἐκ
1183 2904 1219 3006 ii
1235 2946 1408 3021 Ἀγάθυρσοι

283 3028 361 3091 dem,
382 3027 429 3078 vix
442 3025 508 3077 mihi
524 3027 684 3091 persuadere
697 3041 823 3090 possum:
873 3040 899 3075 ιι.
919 3042 945 3079 τ.
963 3030 985 3076 i.

283 3098 308 3147 si
327 3097 435 3162 quidem
445 3098 546 3147 Noster
561 3110 609 3159 pro
622 3112 669 3159 ee,
691 3110 771 3160 quem
790 3093 823 3145 de

283 3167 355 3216 Ietro
378 3164 516 3215 borealem
531 3166 669 3229 Europum
689 3165 723 3215 eb
753 3165 824 3216 oooi·
1052 3198 1109 3249 cst
1136 3198 1226 3250 XLIX
1471 3142 1473 3227 1

282 3236 364 3286 dente
389 3234 520 3285 orientem
544 3249 639 3284 verene
668 3239 823 3299 permeante
1111 3236 1118 3250 '
1230 3235 1238 3251 '

283 3304 336 3355 eibi
353 3305 520 3354 formaverat
544 3300 592 3367 (ef.
611 3303 653 3362 11,
682 3302 743 3365 33),
766 3304 824 3369 opi·
904 3290 953 3349 Ἐκ
970 3292 1000 3350 di
1016 3291 1195 3367 Ἀγαθύρσων
1213 3291 1314 3366 Μάρις
1331 3314 1404 3351 κατα·

281 3374 362 3424 nione
374 3374 502 3437 Pyretnm
513 3386 620 3437 quoqne
634 3371 668 3422 eb
682 3372 823 3424 occidente
873 3362 938 3436 μός]
957 3370 999 3421 De
1016 3371 1179 3436 ‚igetbyreis
1197 3371 1271 3423 eoni.
1294 3373 1347 3432 lv,
1362 3368 1404 3420 101
1471 3374 1472 3377 ’

281 3446 401 3496 orientem
417 3458 506 3493 υινιιω
523 3441 604 3493 fluere
625 3441 740 3507 indeque
761 3457 822 3493 eum
873 3440 939 3506 ibiq.
953 3445 1023 3491 nott.
1043 3441 1130 3491 Μανιί
1141 3442 1240 3493 fluvius
1252 3457 1324 3492 nune
1334 3453 1403 3489 voes-

283 3514 356 3564 letro
368 3511 524 3578 permisceri
537 3512 665 3562 eredidit:
679 3526 696 3561 a
708 3527 761 3577 quo
774 3513 823 3563 flu·
874 3516 918 3560 tur
930 3510 1054 3562 Meroselt
1070 3527 1092 3560 s.
1111 3512 1220 3571 „norom
1238 3513 1265 3561 in
1279 3509 1403 3561 montibus
1471 3522 1472 3577 j

281 3582 327 3634 vio
347 3582 392 3648 qni
415 3580 539 3632 nonnihil
560 3581 647 3632 dietat
671 3583 821 3633 occidentem
873 3580 1092 3644 Transylvaniee
1103 3581 1190 3631 oritur
1200 3587 1227 3632 et
1240 3582 1270 3631 in
1281 3580 1403 3630 Thimiem

280 3669 384 3714 versae,
403 3656 431 3702 et
446 3652 506 3717 ipse
525 3651 553 3701 in
573 3652 673 3702 Istrum
694 3666 723 3702 ee
739 3651 823 3702 effun-
872 3649 1011 3713 (Theisse)
1025 3650 1122 3700 influit.
1142 3648 1403 3715 celtennelqmtt,

281 3723 348 3773 dens
371 3722 535 3785 Timentes,
561 3721 584 3773 is
607 3713 679 3786 πρὸς
703 3711 822 3786 ἑσπέρης
873 3720 997 3771 Heeren:
1017 3719 1108 3771 Ideen.
1124 3720 1152 3780 1,
1169 3723 1197 3773 2.
1212 3736 1239 3786 p.
1257 3721 1317 3782 ato,
1338 3719 1404 3767 bien·

280 3792 362 3844 fluere
372 3792 473 3843 dieitur
481 3796 516 3858 et,
527 3807 588 3842 enm
598 3793 726 3842 minorem
739 3806 821 3856 quern
873 3794 944 3840 nert.
967 3790 1015 3840 IV.
1040 3804 1103 3854 pag.
1123 3790 1165 3840 73.
1187 3791 1248 3850 102,
1271 3791 1402 3854 Koeppen:

279 3862 396 3927 Pyretue
419 3861 520 3913 habeut
543 3877 676 3928 uquarum
706 3862 822 3927 copiam,
873 3859 1019 3924 Nordgeet.
1034 3858 1059 3909 d.
1076 3859 1156 3913 Pont,
1172 3874 1199 3924 p.
1214 3859 1256 3921 13,
1269 3857 1402 3920 verbiger:
1470 3890 1471 3923 η

279 3923 402 3980 ἐλάσσων
418 3931 531 3990 dieitur.
545 3936 575 3983 ut
587 3947 671 3997 eupra
682 3931 706 3991 1,
721 3929 787 3982 202:
806 3925 821 3980 ὁ
873 3928 891 3979 1.
905 3928 923 3980 1.
935 3928 997 3981 Vol.
1011 3928 1063 3981 111.
1076 3942 1139 3994 pag.
1156 3927 1235 3989 1103,
1248 3928 1278 3979 C.
1292 3924 1403 3978 Scheller

280 3992 311 4048 δὲ
329 3991 444 4065 Ἀράξης
462 3997 567 4064 λέγεται
589 3996 638 4049 ιια1
664 3996 752 4064 μέζων
773 3996 820 4049 καὶ
871 3996 889 4047 l.
903 3998 920 4047 l.
938 4013 1001 4064 μσς.
1016 3996 1076 4061 100,
1090 3997 1189 4049 Clerlre
1203 3997 1315 4050 Trareis
1328 3992 1401 4055 11‚3.

280 4058 404 4118 ἐλάσσων
421 4060 494 4118 εἶναι
511 4067 560 4120 τοῦ
569 4055 690 4134 Ἰσιρους
711 4084 775 4119 nem
787 4070 821 4119 ed
872 4083 899 4132 p.
918 4067 979 4120 010.
1002 4068 1044 4117 De
1055 4069 1116 4132 ipso
1127 4066 1204 4118 fluvii
1220 4060 1401 4119 nomineconf.

278 4137 363 4188 verbe
379 4129 452 4200 πρὸς
470 4129 589 4202 ἑσπέρης
604 4153 632 4188 τε
651 4135 755 4201 μᾶλλον
773 4135 820 4188 καὶ
871 4136 1036 4187 Humboldt:
1049 4137 1171 4187 Examen
1180 4139 1295 4203 critique
1305 4135 1335 4185 de
1348 4130 1401 4182 l’hi·

279 4196 402 4255 ἐλάσσων
427 4222 460 4256 ex
484 4207 708 4258 antecedentibus
730 4213 821 4259 mente
872 4208 958 4258 stoire
971 4205 1005 4257 de
1019 4205 1225 4272 lageoqrepbie
1240 4209 1275 4258 dn
1288 4215 1398 4256 nouresn

279 4274 455 4341 repetendum
476 4276 543 4325 erit:
565 4268 637 4336 ιλὲων
653 4265 821 4326 innuerent·-
871 4276 1021 4327 continent.
1034 4292 1061 4342 p.
1073 4275 1118 4326 04.

278 4360 323 4394 ται
339 4333 479 4412 τῷἺσιρῳ
489 4335 520 4392 sb
533 4333 619 4409 ὕδωρ.
646 4345 697 4407 Qui
711 4352 821 4410 praeter
906 4338 978 4408 dieo
989 4345 1169 4410 συμμίσγεται
1179 4332 1397 4411 τῴ’1στρῳ]οῦοᾶ

278 4413 328 4464 hoe
347 4415 415 4466 duoe
432 4414 529 4465 fluvios
547 4415 574 4466 in
588 4416 686 4465 Istrum
705 4417 822 4467 influunt
871 4416 955 4466 verbo
965 4413 1144 4480 conpleretur
1157 4413 1225 4478 h.1.‚
1238 4418 1268 4464 ut
1279 4411 1343 4462 inire
1352 4405 1396 4463 IV,
