3042 5125
277 349 341 412 370
715 348 985 413 HERODOTI

279 573 335 616 ναι
344 540 554 632 Ὑπερβορέου
569 537 611 610 οὐ
626 543 732 630 λέγω,
748 544 874 631 λέγων,
889 538 934 623 ὡς
947 539 1007 611 τὸν
1019 538 1133 613 ὀιστὸν
1146 543 1314 631 περιέφερε
1327 540 1396 612 κατὰ

272 732 384 823 ’Ἄραρος
399 733 429 805 ἐξ
444 732 636 824 ’Ῥηερβοηξωο
654 728 692 808 ἦν
711 729 826 808 cirion»
876 741 1017 806 medendi,
1045 739 1230 805 vaticinandi,
1257 739 1397 792 incantmdi

280 829 333 872 πος
347 822 402 870 τις·
418 825 572 889 -Ιουοοςο
597 809 700 898 Adeone
721 806 826 894 λὲγξται
877 817 964 896 artem
978 812 1113 863 contineri
1124 811 1234 895 solunt,
1246 815 1275 861 ut
1286 810 1398 929 sane,th

279 877 826 1029 tittttttttttttttt{tiit
877 885 1399 1017 immunitatium

280 1035 423 1089 χρησμους
439 1037 518 1119 revue
530 1017 578 1101 κοιλ
596 1020 727 1140 navegius
739 1015 827 1099 λέγειν
877 1020 1131 1142 gaberebputandgs
1147 1019 1399 1142 Zixthssietpiqueuffl:

279 1086 712 1229 ffipm’ssfflffiffls}
733 1083 826 1210 im
876 1106 1239 1214 mrgdznompleergodoeffimm
1248 1105 1399 1225 sapientiam·

281 1231 363 1298 λιμοῦ
376 1226 540 1295 διεοομὲνοο
552 1230 613 1294 (alli
622 1175 784 1295 perustos)
796 1223 827 1280 ἐν
877 1248 945 1298 quc,
960 1232 994 1283 ad
1005 1247 1085 1283 sacra
1099 1231 1217 1282 maxime
1230 1229 1399 1296 pertinentem,

279 1304 339 1360 τοῖς
353 1292 549 1367 Ὑπερβορέοις
572 1287 664 1365 ἦλθεν
689 1290 827 1367 ὁἎβαρις
877 1317 947 1369 quae
959 1318 976 1352 a
993 1301 1151 1367 regionibus
1162 1299 1399 1366 septentrionalibus

280 1363 310 1420 ἐν
330 1370 364 1437 τῇ
372 1360 484 1419 Ἑλλάδι
501 1366 550 1418 καὶ
564 1359 769 1488 &eudemones
786 1369 827 1452 τῷ
877 1373 935 1424 sive
948 1371 1128 1422 orientalibus
1142 1372 1172 1420 in
1185 1370 1323 1421 Graeciam
1337 1368 1399 1418 illata

278 1434 438 1489 Ἀπόλλωνι·
459 1434 507 1488 καὶ
526 1430 568 1487 ior
588 1429 668 1504 ἄχθη
685 1430 756 1506 παρ’
776 1455 826 1490 αυ-

279 1500 369 1559 τοῦτὸ
380 1508 595 1574 χρησμολογεῖν·
609 1505 656 1558 καὶ
673 1497 745 1559 οὕτω
758 1525 826 1575 apo—

279 1576 335 1629 reie
347 1570 378 1628 τὸ
390 1572 468 1646 βέλος
478 1569 515 1636 ὡς
528 1570 666 1644 σύμβολον
677 1577 726 1629 τοῦ
735 1569 827 1629 Ἀπόλ-

280 1649 367 1732 λωηος
381 1638 509 1712 (τοξότης
518 1640 571 1727 yoip
585 1635 667 1728 buirus
680 1642 825 1728 &ebolus-

279 1733 360 1839 titt.
373 1717 826 1854 tlttttiittttittttit.

279 1858 314 1909 ab
332 1856 522 1923 Aristophanis
536 1855 626 1908 Sobol.
642 1857 661 1910 l.
677 1856 695 1909 l.
709 1874 825 1909 comme·

280 1932 400 1979 moratos
419 1928 574 1978 Herodotus
599 1927 633 1977 oh
661 1927 756 1979 oculos
777 1929 824 1978 ha-

279 1998 372 2048 buisse
389 1997 497 2048 videtur
516 1996 669 2058 Lobeclrio;
690 2014 705 2049 e
727 1997 824 2049 iab'ula

278 2073 346 2119 nota
354 2066 482 2133 vulgique
493 2082 607 2129 rumore,
623 2082 693 2132 ques
705 2067 750 2120 hio
763 2084 824 2119 uar-

279 2142 391 2199 rentur,
409 2136 520 2188 fluxisse
539 2137 639 2187 statuit
651 2137 750 2190 Strure
761 2138 780 2188 l.
794 2137 823 2201 l.,

279 2207 323 2258 cni
347 2207 375 2256 in
396 2206 471 2258 hisce
491 2208 642 2256 assentitur
659 2207 776 2259 Krische
795 2210 824 2257 in

279 2277 389 2340 Dispnt.
406 2277 449 2326 De
459 2275 587 2325 societat.
601 2290 618 2325 a
631 2276 782 2341 Pythagor.
797 2280 826 2328 in

280 2345 390 2395 Groton.
410 2344 489 2395 cond.
512 2360 596 2410 scopo
621 2344 726 2410 politic.
746 2346 825 2410 (Got-

279 2412 431 2480 implum)
443 2430 469 2479 p.
477 2412 520 2465 38.
535 2414 644 2479 Stsgeri
658 2414 825 2466 emendatio-

279 2499 341 2535 nem
358 2483 399 2547 (in
417 2484 539 2535 Praeiat.
562 2499 589 2548 p.
607 2483 684 2544 XIV)
704 2498 753 2549 pro
775 2476 825 2533 τὸν

279 2554 455 2607 rescribentis
468 2543 544 2604 τόνδ’
556 2554 587 2619 (i.
596 2569 619 2604 e.
633 2551 743 2617 τοῦτον,
754 2555 826 2621 qnod

279 2628 369 2691 ipsum
383 2625 448 2676 olim
460 2625 489 2674 in
502 2628 618 2675 mentem
630 2629 743 2675 venerat
755 2626 825 2677 Pau·

280 2694 344 2760 mio)
359 2709 524 2747 memorasse
539 2693 669 2747 sufficiat.

314 2767 357 2817 De
371 2767 494 2817 Aboridr’s
506 2770 598 2817 aetate
613 2766 660 2816 vix
676 2764 747 2816 certi
758 2765 824 2830 quid

279 2837 447 2887 constituere
462 2834 535 2887 licet.
567 2836 653 2897 Quem
671 2834 766 2885 Croesi
782 2850 826 2884 ae·

279 2906 386 2972 qualem
403 2905 473 2955 iacit
485 2905 635 2966 Pindarus;
655 2905 823 2969 Hieronymo

278 2981 392 3026 auctore
402 2973 514 3039 (chron.
529 2974 629 3026 Enseb.
646 2974 694 3025 lib.
708 2980 781 3040 post.
795 2991 823 3040 p.

280 3044 354 3107 126),
368 3060 447 3109 quem
458 3046 580 3107 seqnitur
588 3043 717 3097 Schultae
727 3045 755 3095 in
768 3045 824 3110 Ap—

279 3118 370 3178 paret.
385 3114 446 3163 crit.
460 3128 523 3179 png.
537 3111 572 3163 38
586 3113 645 3177 (ubi
657 3113 764 3180 reliqna
777 3130 824 3165 ve·

278 3187 366 3233 terum
378 3181 528 3233 afferuntur
538 3184 695 3233 testimonia
709 3183 742 3235 de
753 3184 825 3234 Aba·

276 3251 357 3317 ride),
373 3250 418 3301 ille
430 3266 444 3300 e
455 3251 570 3317 Scythis
582 3252 610 3300 in
622 3252 765 3303 Graeciam
777 3270 823 3305 ve-

278 3323 353 3372 nisse
368 3320 506 3386 putandns
523 3326 565 3370 eet
578 3320 686 3386 Olymp.
706 3322 786 3389 LIV}
799 3339 822 3373 s.

278 3391 329 3441 562
354 3406 371 3441 a
389 3390 452 3440 Chr.
474 3407 502 3442 n.
522 3388 602 3441 Goni.
621 3391 730 3443 Petne.
750 3393 822 3445 Bibl.

277 3461 324 3514 Gr.
340 3462 363 3512 1.
376 3475 440 3526 pag.
457 3461 487 3511 ll
502 3476 559 3526 seq.
572 3461 665 3526 Ipsum
675 3462 823 3515 Abaridem

277 3530 438 3596 prophetam
456 3531 515 3582 sive
532 3535 624 3582 vetem
645 3529 754 3605 dicunt,
776 3534 822 3598 qni

276 3599 370 3651 divino
384 3600 483 3665 spiritu
498 3607 641 3666 correptus
657 3602 823 3653 incantatio-

276 3684 339 3733 nes,
357 3670 472 3734 hymnos
489 3671 588 3723 iecerit
607 3671 643 3722 ad
655 3671 737 3722 initia
750 3671 821 3723 cele·

274 3739 381 3791 brunda
397 3741 622 3808 expiationesqne
639 3742 818 3808 peragendas,

273 3811 320 3875 qui
340 3816 459 3877 pestem,
481 3811 596 3876 famem,
618 3811 688 3862 alias
706 3812 819 3863 calami·

273 3883 346 3932 tates
362 3879 497 3948 depulerit
511 3883 666 3934 Graecosve
682 3884 818 3933 vaticina·

273 3949 395 4001 tionibus
407 3950 524 4017 aliisque
536 3952 685 4003 commodis
703 3952 817 4004 adinve-

271 4018 317 4068 rit.
335 4020 377 4069 De
392 4036 444 4085 quo
454 4036 525 4086 qnae
534 4027 703 4085 enarrentur,
714 4022 818 4087 disqui-

271 4087 339 4136 sivit
352 4089 479 4140 Greuzer.
495 4090 615 4155 Symbcl.
635 4092 673 4142 11.
685 4107 711 4156 p.
730 4092 818 4143 543-

274 4155 334 4206 546.
355 4155 495 4209 boo-utu
515 4160 557 4211 ed.
582 4163 645 4209 tert.
669 4161 816 4226 Sagittam,

877 1442 969 1507 ibique
980 1445 1134 1507 propagata
1151 1440 1252 1504 fuerit,
1266 1441 1306 1490 ita
1316 1443 1344 1489 nt
1353 1439 1400 1503 ipsa
1462 1459 1463 1486 l

876 1511 910 1562 de
928 1511 1046 1562 Abaride
1067 1508 1161 1562 fabula
1183 1512 1277 1561 eodem
1296 1517 1401 1575 spectare
1462 1553 1463 1568 ,

876 1581 1019 1642 rideatur,
1046 1596 1099 1646 qno
1118 1579 1214 1631 fabula
1230 1580 1264 1631 de
1280 1578 1401 1644 Hyperbo

876 1652 930 1703 reis
950 1649 1141 1716 Apollinisque
1168 1649 1245 1701 cultu
1269 1665 1314 1715 per
1335 1649 1400 1700 bosor

877 1721 906 1770 in
923 1721 1069 1772 Graeciam
1088 1719 1199 1783 delato,
1215 1720 1319 1771 eiusad
1333 1721 1400 1768 intro

876 1791 988 1841 dnctnm
1007 1792 1036 1839 in
1048 1789 1195 1840 Graeciam
1211 1789 1338 1855 Apollinis
1357 1786 1400 1838 cul·

877 1866 933 1910 tum
951 1875 967 1909 e
986 1859 1143 1910 borealibus
1164 1859 1327 1926 regionibus.
1351 1858 1401 1919 Qn-

874 1929 925 1980 bua
936 1930 984 1982 Cr.
997 1929 1066 1980 haec
1075 1928 1240 1995 adscripsit:
1254 1930 1401 1993 „comparat

875 1999 942 2050 haec
955 2000 989 2050 de
998 1999 1117 2051 Abaride
1134 1999 1240 2050 tradita
1252 2014 1312 2050 cum
1324 1995 1401 2049 simili·

874 2070 924 2120 bus
949 2068 1050 2120 sabulis
1074 2070 1269 2120 Britannorum
1300 2073 1401 2119 ueterum

874 2138 1043 2204 aliorumque
1054 2138 1215 2204 populorum
1226 2138 1401 2204 septentrione

875 2208 942 2259 lium
953 2209 1042 2260 editor
1052 2209 1226 2260 Wartoniani
1245 2209 1340 2275 operis:
1356 2206 1401 2257 'l'ie

875 2279 980 2343 history
991 2278 1021 2328 oi
1028 2277 1075 2328 the
1084 2278 1200 2343 English
1212 2285 1315 2345 poetry.
1330 2274 1400 2327 hond

878 2348 954 2399 1824.
969 2348 1083 2398 Preiaoe
1095 2364 1160 2414 pag.
1172 2349 1240 2403 dist*
1270 2347 1365 2399 Similia
1374 2359 1400 2395 ex

876 2419 908 2469 E.
923 2417 1038 2468 Barheri
1059 2416 1130 2468 libro
1148 2418 1245 2469 attulit
1263 2413 1399 2469 Creveni
1462 2449 1463 2454 ,

877 2486 896 2537 l.
911 2503 971 2553 pag.
987 2487 1047 2539 663.
1073 2489 1152 2551 Quae
1171 2488 1280 2555 longius
1294 2483 1401 2554 persequi
1462 2461 1463 2530 i

877 2556 950 2607 hand
968 2562 1067 2609 vacat:
1088 2558 1112 2608 si
1128 2557 1240 2624 quidem
1261 2573 1343 2623 neque
1358 2556 1400 2605 liu·

877 2627 954 2677 nicas
962 2626 1056 2678 literas
1066 2630 1325 2693 nequeDruidicam,
1336 2639 1400 2692 quan

876 2700 989 2760 putant,
1012 2698 1176 2761 sapientiam
1202 2699 1259 2750 nllc
1284 2693 1400 2747 modoad

875 2765 1022 2816 Aburidem
1038 2772 1164 2830 spectare
1178 2769 1277 2830 credo,
1295 2766 1321 2817 id
1333 2778 1399 2816 nnnn

876 2836 947 2886 satis
957 2840 1032 2886 certo
1041 2836 1107 2900 poni
1118 2852 1200 2902 posse
1210 2842 1299 2897 retus,
1313 2847 1400 2886 ornnem
1461 2880 1462 2893 ,

876 2904 949 2955 hanc
967 2904 1000 2955 de
1013 2903 1132 2957 Abaride
1152 2905 1254 2957 famam
1270 2906 1304 2955 ad
1314 2902 1400 2968 Apolli·

874 2975 917 3025 nis
937 2990 1018 3025 sacra
1039 2975 1174 3039 pertinere
1196 2980 1344 3041 propagata
1363 2986 1400 3036 por

874 3044 1021 3095 Graeciam
1044 3044 1168 3111 aliasque
1189 3045 1264 3096 orbis
1288 3050 1399 3094 terrarum

874 3119 966 3180 partes
985 3119 1013 3165 et
1025 3116 1161 3165 communi
1178 3113 1296 3181 quodam
1309 3107 1400 3161 vinculo

875 3185 1032 3235 coniuncte.
1041 3224 1047 3251 ,
1063 3185 1107 3234 Tu
1123 3185 1180 3236 vid.
1198 3185 1306 3235 cantius
1322 3181 1351 3231 de
1366 3179 1399 3228 bis

874 3249 1400 3319 iudicantesvirosdoctosrBerglr.Gon·

875 3328 1000 3375 mentett.
1018 3323 1051 3374 de
1065 3324 1149 3376 Attio.
1175 3323 1298 3376 comoed.
1320 3318 1398 3383 reliqq.

874 3408 937 3460 pag.
949 3395 994 3455 42,
1006 3393 1037 3444 G.
1048 3392 1081 3444 Ο.
1093 3393 1221 3446 Mueller:
1231 3394 1284 3443 Die
1295 3387 1398 3441 Dorerl

874 3462 1130 3529 potiunculis
1144 3480 1170 3530 p.
1181 3463 1243 3527 395,
1255 3459 1399 3525 Guigniaut:

873 3532 961 3598 Relig.
975 3533 1008 3584 de
1025 3533 1187 3599 l’Antiqnitd
1202 3534 1249 3595 11,
1271 3532 1295 3584 3.
1306 3547 1330 3596 p.
1344 3525 1398 3578 lutt

873 3618 930 3668 seq.
950 3601 1095 3653 Abaridern
1123 3603 1152 3652 in
1170 3603 1263 3653 Attico
1281 3594 1399 3651 Berenici-

872 3672 997 3723 densium
1009 3687 1083 3737 pago
1096 3670 1200 3724 cultum
1211 3686 1296 3737 nuper
1308 3667 1398 3719 eiicere

872 3741 979 3792 studuit
1005 3739 1147 3807 Goettling
1177 3758 1210 3793 ex
1239 3738 1397 3804 inscriptione

869 3811 966 3862 mutila
974 3811 1014 3876 (in
1023 3811 1109 3863 Indic.
1118 3811 1194 3863 lectt.
1202 3808 1396 3863 aestimieneus

868 3880 1120 3947 anniliibt),qua1n
1129 3881 1223 3934 affert:
1235 3875 1397 3948 Αβεριςθοον

868 3948 955 4017 depes.
982 3949 1038 4003 Sed
1062 3953 1226 4004 monstrarit
1245 3952 1276 4000 L.
1297 3945 1395 3998 Rosius

868 4020 1057 4087 (Archaeolog.
1072 4022 1182 4088 duzeig.
1194 4021 1259 4072 XII.
1268 4035 1306 4069 nr.
1312 4016 1352 4067 62.
1361 4012 1397 4063 di.

868 4107 895 4156 p.
909 4091 962 4142 438
976 4092 1060 4156 seq.),
1079 4091 1108 4141 in
1124 4091 1173 4142 ille
1193 4090 1261 4142 stele
1277 4087 1393 4150 scriptum

868 4161 995 4225 reperiri:
1029 4157 1150 4226 Λαβερις
1171 4158 1252 4212 osor
1272 4150 1392 4221 sicuald-

273 4238 345 4289 quae
361 4224 475 4277 Abaririi
494 4227 637 4290 tribuitur,
663 4229 732 4279 mira
750 4245 817 4295 qna-
868 4227 948 4296 δης],
970 4230 1042 4297 qnod
1054 4231 1124 4281 civis
1135 4231 1221 4282 Attici
1234 4241 1327 4279 nomeu
1343 4235 1393 4301 ⁸⁸⁸5

273 4292 335 4344 dam
356 4294 384 4344 ri
412 4310 498 4360 eaque
524 4298 632 4362 magica
662 4300 815 4362 praeditam
865 4299 1039 4367 intelligitur.
1056 4301 1170 4367 Deipso
1185 4298 1391 4372 Abaridisnomr·

272 4378 334 4414 cum
347 4363 443 4426 Runis,
456 4379 527 4430 quae
538 4371 681 4432 vocantur,
693 4367 738 4419 ille
750 4385 816 4419 con·
865 4385 900 4421 ne
923 4370 1038 4436 eiusque
1058 4375 1148 4436 etymo
1170 4385 1254 4436 nuper
1270 4361 1392 4434 quaesiui

271 4433 481 4501 tenditrqnippe
489 4434 586 4501 quibus
597 4438 699 4503 stipsis
709 4454 815 4491 ornnem
865 4438 898 4491 G.
909 4440 989 4505 Muys
1001 4439 1212 4507 (Griechenland
1221 4455 1248 4492 u.
1262 4440 1288 4489 d.
1298 4433 1387 4486 Orient.
