3042 5125
277 339 339 402 226

713 345 981 409 HERODO'PI

276 528 404 620 οὕνομα
419 536 458 602 δέ
469 538 504 602 οῗ
517 537 587 604 ἐστι
600 534 710 623 Ἄκης.
744 529 842 618 οὗτος
862 536 1026 627 πρότερον
1046 538 1108 627 μὲν
1123 536 1281 627 ἄρδεσκε,
1299 543 1394 610 διαλε-

278 746 341 796 proc
351 723 450 782 τούτου
459 750 484 783 a.
491 750 513 783 r.
522 733 558 800 1.]
569 734 716 788 Planitiem
726 738 761 788 ab
768 738 822 787 He·

277 801 374 853 rodoto
384 810 620 855 commemoratam
633 806 661 856 in
672 808 821 869 montibus,

277 873 325 936 qui
339 886 356 922 a
370 872 472 937 Caspio
492 874 554 925 inde
570 877 639 925 mari
654 878 761 927 Indiam
778 891 823 927 us·

277 957 329 1007 que
348 946 465 1006 tangant
488 953 516 994 et
533 943 632 995 latiore
648 946 822 1011 Paropamisi

276 1010 463 1076 appellatione
474 1013 751 1079 comprehendantur,
774 1016 822 1066 ubi

276 1086 371 1145 gentes
381 1080 427 1132 hic
439 1082 578 1135 iudicatae
588 1085 771 1147 consederint,
781 1100 823 1134 re-

277 1151 385 1215 gionem
398 1167 458 1202 esse
472 1154 616 1213 Kurebrnir,
632 1157 728 1206 statuit
743 1156 823 1205 Man·

276 1225 346 1270 nert.
366 1221 384 1270 1.
401 1221 419 1270 Ι.
440 1222 687 1289 fluviumqueAceu
706 1226 821 1276 eundem

277 1304 351 1352 esse,
378 1305 456 1355 quem
480 1297 587 1343 veteres
606 1294 750 1355 Acesinen,
781 1310 822 1345 re·

277 1359 412 1410 cautiores
428 1361 558 1412 Trebunad
570 1366 716 1425 vocarint,
736 1366 765 1413 in
776 1364 821 1414 In-

276 1428 338 1479 dum
350 1428 385 1478 ab
395 1430 499 1480 oriente
508 1432 672 1483 influentem.
694 1434 736 1483 De
746 1439 821 1487 terra

276 1497 421 1547 Kasobmir
430 1499 564 1551 Herodoti
574 1502 658 1552 verba
667 1502 821 1567 intelligen-

277 1566 313 1616 da
331 1581 391 1618 esse
407 1570 506 1619 statuit
528 1586 635 1637 quoque
650 1571 773 1638 Halling.
792 1573 821 1623 in

276 1636 366 1688 Wien.
379 1637 493 1689 Jahrbb.
508 1641 569 1691 Vol.
579 1642 681 1692 Lxlll.
693 1657 756 1707 pag.
770 1642 819 1693 183

277 1720 333 1771 seq.
361 1708 397 1757 nt
409 1708 503 1759 dehac
515 1715 625 1775 regione
638 1713 756 1777 cogitari
766 1727 820 1762 non

277 1791 365 1840 posse,
378 1782 453 1829 recte
466 1789 628 1832 monuerunt
638 1781 820 1831 Sancto-Cru-

276 1845 336 1895 cius
354 1846 487 1911 (Examen
502 1850 592 1916 critiq.
607 1850 633 1901 d.
648 1851 712 1901 hist.
731 1850 820 1902 d'Ale·

276 1915 373 1965 xandr.
386 1932 449 1983 pag.
463 1919 515 1969 714
528 1919 589 1973 coll.
600 1920 652 1971 829
662 1921 740 1985 seq),
752 1920 820 1970 Mal·

276 1985 374 2036 tebrun
388 1987 524 2050 (Nouvell.
536 1989 644 2043 Annall.
659 1990 696 2039 ll.
710 2006 736 2055 p.
746 1990 820 2051 8511),

275 2054 354 2106 6.(1.
372 2055 404 2106 de
418 2056 541 2123 Schlegel
559 2058 618 2109 lnd.
633 2059 762 2108 Bibliotlr.
781 2059 819 2121 11,

276 2126 302 2174 ⁸2.
318 2140 344 2189 p.
359 2125 407 2177 361
422 2142 494 2192 seq,
508 2128 565 2178 elii.
596 2130 668 2178 Hinc
679 2127 819 2193 planitiem

276 2192 311 2243 ab
322 2197 426 2246 oriente
439 2198 520 2246 maris
531 2198 626 2263 Caspii
634 2198 715 2248 sitam
727 2199 821 2263 longe·

277 2279 330 2324 que
351 2264 386 2314 ab
402 2264 470 2315 ludo
486 2272 632 2327 remotam,
654 2268 820 2333 fluviumque

277 2332 357 2383 Omna
373 2334 524 2399 intelligere
537 2337 596 2386 vult
609 2337 751 2397 Gatterer,
773 2338 820 2402 qni

276 2416 326 2464 pro
336 2390 418 2466 ”stane
433 2404 461 2454 in
475 2406 616 2456 Herodoto
630 2406 744 2457 rescribi
760 2407 820 2456 vult

269 2466 352 2535 Ἀξης
366 2472 479 2533 (Societ.
492 2490 549 2537 reg.
566 2476 689 2541 Gottiug.
702 2477 735 2527 T.
746 2476 819 2526 x1V.

277 2555 304 2606 p.
319 2540 353 2592 14
365 2557 421 2608 seq.
442 2542 604 2597 Billerbeck.
623 2545 641 2597 Ι.
653 2545 671 2597 Ι.
685 2560 748 2612 pag.
764 2544 818 2609 11),

276 2611 393 2677 itemque
405 2614 527 2664 Heeren:
543 2616 626 2667 ldeen
639 2616 667 2678 Ι,
680 2619 706 2666 2.
720 2632 746 2681 p.
758 2617 819 2667 289.

276 2680 298 2743 Ι,
315 2682 338 2731 1.
351 2698 378 2747 p.
391 2683 449 2736 161.
460 2684 520 2735 482.
546 2685 588 2735 De
602 2686 659 2738 Oxo
671 2685 757 2736 multa
768 2688 820 2736 Ke-

275 2749 398 2814 phalides
410 2752 484 2804 Hist.
494 2756 577 2805 meria
587 2755 682 2820 Cespii
691 2771 755 2821 pag.
767 2755 815 2806 261

276 2836 366 2886 seqq,
394 2824 439 2888 qui
455 2824 514 2888 ipse
532 2840 593 2890 pag.
614 2825 665 2877 332
683 2841 758 2892 seqq.
776 2842 819 2886 ea,

275 2905 346 2955 quae
363 2891 396 2942 de
409 2893 465 2943 Ace
479 2894 637 2945 Herodotus
652 2901 762 2958 narrat,
783 2895 818 2946 ad

277 2960 396 3024 Marpum
409 2963 536 3026 fluvium,
554 2966 601 3029 qui
613 2965 694 3016 hodie
705 2971 819 3016 vocatur

276 3028 412 3093 Tedjend,
430 3038 457 3082 et
469 3039 574 3098 partem
584 3036 740 3099 provinciae
751 3035 820 3085 Cho·

275 3113 379 3162 rasam,
395 3116 466 3165 quae
481 3102 544 3152 olim
554 3104 699 3169 Margiana
710 3104 819 3155 diceba·

276 3172 336 3230 tur,
355 3172 502 3233 percurrit,
520 3170 608 3224 relata
621 3173 696 3236 vult,
716 3175 819 3239 ipsam·

277 3252 331 3301 que
360 3238 501 3303 planitiem
533 3244 672 3295 montibus
700 3244 821 3309 undique

275 3307 393 3357 cinctam
413 3309 441 3358 in
461 3310 601 3376 rtsarpr'ana
623 3312 760 3363 montibus
780 3330 821 3364 re·

275 3375 347 3427 ferta
356 3377 439 3428 facile
449 3379 567 3431 inveniri
576 3397 656 3445 posse
665 3386 753 3446 putat.
778 3385 820 3434 De

275 3445 419 3510 Margiana
436 3452 522 3512 terre,
542 3466 622 3516 quam
645 3452 673 3501 in
686 3451 822 3503 Herodoti

275 3514 351 3565 libris
369 3525 545 3570 memoratam
565 3520 637 3572 baud
656 3522 820 3585 invenimus,

275 3592 405 3638 accurate
425 3603 510 3654 nuper
527 3590 624 3640 retulit
642 3591 746 3642 Guthe:
765 3594 819 3643 Zur

275 3649 438 3708 Gcschiclrte
449 3673 475 3708 u.
488 3660 660 3726 Geographie
674 3662 721 3711 der
730 3662 820 3713 Land-

274 3724 522 3792 schaitMargiane,
529 3730 577 3780 des
587 3729 717 3796 heutigen
724 3732 819 3785 Meru.

273 3794 423 3848 Hannover
437 3799 511 3850 1856.
546 3800 623 3861 Quae
640 3801 673 3851 de
684 3802 739 3852 Ace
756 3818 820 3851 con·

274 3864 373 3916 vallem
392 3868 472 3918 istam
488 3876 642 3933 permeante
658 3877 685 3920 et
698 3871 818 3921 incolen-

274 3934 342 3983 tium
352 3951 434 4002 agros
446 3940 579 4005 irrigante
591 3942 686 3990 scribit
696 3940 819 3992 Herodo-

273 4007 333 4065 tus,
356 4021 388 4056 es
400 4009 522 4071 apprime
535 4010 680 4061 convenire
698 4011 738 4060 ait
756 4026 818 4061 cnm

274 4072 323 4134 iis,
352 4090 421 4139 qnae
439 4077 474 4127 de
491 4079 587 4144 Margo
604 4079 711 4130 Plinius
727 4080 763 4130 H.
781 4081 816 4133 Ν.

274 4141 322 4203 VI,
340 4145 383 4205 16,
400 4147 440 4196 18.
457 4150 481 4209 ξ.
494 4149 639 4199 4711111111.
668 4151 816 4200 Praeterea

273 4213 418 4266 mediocris
434 4215 525 4282 Margi
546 4219 635 4268 amnis
650 4219 815 4284 magnitudi-

273 4298 332 4336 nem
348 4283 429 4333 talem
448 4301 579 4351 aquarum
592 4288 815 4354 obstructionem,

272 4357 378 4419 quatem
387 4370 404 4403 a
416 4369 478 4419 rege
487 4357 630 4408 Persarum
641 4358 743 4409 factam
755 4376 816 4410 esse

270 4427 429 4479 Herodotus
438 4432 546 4491 narrat,
560 4428 756 4495 quodammodo
769 4430 815 4480 ad-

872 735 981 787 mittere
997 736 1100 800 videri,
1125 737 1197 803 quod
1218 737 1247 786 in
1262 737 1342 789 Oxum
1357 740 1396 786 mi-

872 808 944 857 nime
954 805 1052 856 cadere
1062 807 1158 856 merito
1168 808 1275 857 statuit.
1300 808 1331 856 ln
1338 806 1396 857 benc

871 876 928 926 tere
939 876 1103 927 sententiam
1112 891 1198 941 nuper
1208 890 1310 941 quoque
1319 877 1396 941 dispu-

872 947 944 994 tavit
956 945 991 995 H.
1006 944 1096 995 Gntbe
1118 948 1160 994 in:
1181 946 1294 996 Jahrbb.
1309 946 1328 997 f.
1342 945 1396 995 Phi·

872 1014 918 1069 lcl.
931 1030 957 1063 u.
965 1014 1084 1079 Paedag.
1093 1015 1220 1065 LXXIll.
1232 1030 1258 1079 p.
1268 1014 1315 1066 795
1323 1031 1397 1081 seqq,

872 1084 906 1133 de
923 1085 1007 1134 fluvio
1031 1085 1148 1148 Tedjeud
1170 1086 1308 1150 cogitans,
1331 1100 1397 1149 quen

872 1154 981 1219 proiice
992 1153 1134 1204 eirecho
1146 1153 1241 1204 haberi
1249 1152 1397 1218 vultquem·

872 1223 1017 1273 admodum
1036 1222 1117 1272 etiarn
1134 1223 1256 1288 Breiger.
1276 1222 1293 1274 l.
1310 1222 1326 1273 1.
1338 1224 1397 1273 Acer

872 1307 921 1357 pro
941 1292 1008 1343 Ordo
1031 1291 1133 1343 bebere
1151 1292 1263 1342 mavult.
1298 1294 1351 1355 Quo
1364 1308 1397 1343 re

872 1362 959 1424 etius,
975 1363 1081 1427 opinor,
1096 1362 1220 1413 Rennell.
1232 1361 1250 1412 1.
1261 1362 1279 1412 1.
1290 1377 1347 1427 pag.
1355 1361 1394 1412 461

872 1431 905 1482 de
924 1432 1032 1481 flumine
1053 1433 1188 1490 Hibnend,
1214 1433 1259 1498 qui
1278 1431 1396 1481 inlocum

873 1502 975 1552 Zoraa
988 1517 1009 1550 s.
1022 1502 1104 1551 Zered
1119 1516 1149 1551 se
1161 1501 1295 1564 effundat,
1308 1502 1348 1566 agi
1357 1513 1396 1565 pn·

872 1574 930 1631 tat,
954 1584 1014 1620 eum
1035 1570 1110 1620 illius
1126 1570 1205 1621 lacus
1221 1573 1257 1621 sit
1274 1569 1396 1635 longitudo

872 1639 947 1690 XXV
959 1640 1083 1690 milliarr.
1093 1640 1242 1693 Germann.
1259 1646 1285 1691 et
1298 1637 1395 1690 latitudo

872 1711 991 1776 quinque
1012 1709 1135 1760 milliarr.
1152 1712 1291 1775 omnisque
1308 1709 1351 1759 illa
1364 1724 1395 1757 re·

870 1780 917 1843 gio
928 1779 1076 1830 manifesta
1086 1779 1221 1843 praebeat
1238 1779 1347 1840 indicia,
1362 1792 1396 1827 so

871 1850 926 1898 lum
942 1849 1032 1913 ipsum
1049 1848 1130 1912 aquia
1143 1848 1260 1915 limoque
1271 1849 1395 1899 aduectum

871 1918 934 1968 olim
953 1918 1049 1969 tuisse.
1088 1919 1204 1984 ltaque,
1222 1920 1247 1968 si
1264 1918 1324 1984 quid
1340 1915 1396 1966 certi

870 1988 899 2038 in
918 1986 1074 2037 huiusmodi
1088 1988 1169 2037 rebus
1186 1990 1293 2038 omnino
1311 1985 1396 2036 consti·

870 2061 948 2107 tuere
961 2056 1034 2120 licet,
1048 2058 1076 2108 in
1089 2072 1122 2107 ea
1132 2059 1254 2123 regione,
1267 2070 1395 2123 quaenunt

870 2132 985 2177 vocatur
1002 2128 1133 2186 Sedistan,
1155 2127 1295 2192 planitiem
1312 2126 1342 2176 ab
1353 2123 1396 2173 He·

871 2196 968 2246 rodoto
988 2196 1137 2246 indicatam
1156 2197 1333 2261 quaerendam
1349 2208 1396 2244 esse

871 2281 977 2317 censeo.
1013 2265 1067 2316 Ubi
1080 2266 1194 2316 fluvium
1208 2266 1341 2325 Hilmend‚
1359 2262 1396 2327 qui

870 2337 940 2386 lices
953 2339 1009 2397 est,
1022 2350 1094 2386 nunc
1105 2342 1227 2401 tangunt
1237 2337 1297 2387 loca
1305 2334 1396 2384 deserta

871 2404 1020 2466 incultave,
1039 2404 1103 2455 olim
1119 2405 1190 2456 bene
1207 2405 1282 2456 culta
1296 2410 1364 2455 erant
1374 2407 1396 2451 et

870 2473 1005 2537 habitata,
1014 2490 1074 2524 cum
1086 2475 1162 2526 durii
1176 2491 1265 2542 aquae
1274 2472 1395 2525 canalibus

870 2554 929 2595 arte
947 2543 1072 2596 deductis
1091 2544 1310 2612 dispergerentur
1326 2549 1395 2593 terra·

870 2631 922 2680 que
932 2615 1088 2665 redderetur
1099 2617 1219 2668 maxime
1229 2615 1333 2669 fertilis.
1348 2613 1395 2662 llos

869 2685 1058 2749 aquaeductus
1071 2691 1098 2736 et
1109 2701 1216 2738 omnem
1229 2687 1295 2737 hanc
1306 2682 1395 2740 molen,

870 2769 924 2820 qua
935 2755 1013 2804 fluvii
1025 2770 1113 2819 aquae
1123 2770 1171 2820 per
1184 2761 1273 2807 terras
1285 2755 1395 2805 ediscen-

870 2829 911 2874 tes
926 2823 1166 2886 distribuerentur,
1188 2828 1325 2877 aTemure
1335 2827 1394 2887 post·

870 2908 903 2943 ea
917 2895 958 2942 ita
977 2909 1100 2944 eversam
1118 2910 1179 2945 esse
1199 2896 1356 2961 accepimus,
1371 2894 1395 2938 111

868 2964 914 3012 vix
924 2962 1007 3014 ulium
1014 2970 1170 3029 superesset
1178 2967 1329 3031 vestigium.
1338 2961 1395 3011 Con·

870 3031 923 3082 sul.
937 3033 1394 3101 nister.Erdkunde11.p.18sequ-‚

870 3103 903 3151 22
916 3117 1001 3168 seqq,
1019 3119 1052 3153 ac
1064 3104 1097 3153 de
1111 3104 1196 3155 fluvio
1208 3102 1329 3155 Hilmend
1339 3097 1394 3150 ibid.

870 3175 994 3307 trull,
1007 3173 1187 3307 61111.
1196 3175 1329 3294 titt
1340 3165 1394 3319 iil

870 3326 923 3376 que
934 3317 1040 3373 monet,
1056 3314 1141 3372 Acen,
1153 3328 1216 3363 cum
1231 3314 1309 3364 Orbus
1319 3312 1344 3360 in
1353 3308 1393 3357 bn·

869 3396 923 3445 gua
937 3382 1040 3433 Pehlwi
1057 3383 1167 3433 omnino
1181 3384 1279 3433 flumen
1292 3380 1392 3432 deuoret.

870 3450 922 3500 bac
937 3467 1043 3518 quoque
1060 3450 1248 3517 appellatione
1265 3445 1394 3525 significari

869 3522 1001 3584 potuisse.
1023 3523 1100 3585 Quae
1109 3523 1137 3571 in
1150 3525 1238 3588 primo
1249 3523 1333 3586 capite
1341 3517 1393 3566 libri

868 3590 1014 3641 Vendidad
1026 3590 1169 3642 undecimo
1182 3592 1242 3644 loco
1253 3599 1393 3642 commem·
1471 3649 1472 3652 ,

868 3666 944 3711 ratur
957 3665 1030 3710 terra
1042 3661 1206 3725 Hoetumat,
1223 3678 1281 3713 eam
1293 3660 1323 3709 de
1333 3652 1393 3705 selle

869 3730 945 3779 fluvii
962 3730 1090 3781 Hilmend
1108 3730 1266 3798 intelligunt
1284 3734 1310 3779 et
1325 3725 1392 3786 neue

869 3799 907 3864 (p.
931 3799 991 3862 116)
1008 3808 1036 3851 et
1047 3801 1161 3865 Kiepert
1177 3818 1205 3868 p.
1219 3801 1267 3853 631
1287 3799 1341 3849 loeo
1355 3808 1391 3843 su·

868 3884 919 3933 pre
934 3869 968 3919 ad
981 3870 1034 3933 111,
1048 3869 1083 3920 86
1094 3869 1222 3934 1111111110,
1240 3868 1309 3920 cont.
1322 3866 1391 3917 etiam

868 3939 993 3989 Burnout
998 3939 1147 3991 Comment.
1154 3957 1201 3992 sur
1211 3941 1236 3991 le
1245 3942 1332 3990 Yacna
1340 3947 1391 3999 pte·

867 4008 960 4058 XClll
973 4025 1048 4074 seqq.
1084 4011 1124 4060 Ac
1144 4011 1256 4063 inultum
1276 4001 1391 4057 iusseris
1469 4047 1470 4050 ,

866 4078 1011 4128 Persarum
1030 4078 1121 4142 libris,
1143 4079 1304 4131 carminibus
1320 4071 1392 4136 vulgi·

866 4162 918 4212 que
929 4164 974 4198 ore
983 4148 1054 4198 banc
1063 4154 1162 4200 terram
1171 4146 1390 4217 praedicarique

867 4216 959 4268 multis
973 4219 1101 4283 operibus
1117 4221 1153 4271 ad
1169 4220 1254 4270 solum
1265 4214 1349 4269 sterile
1363 4223 1389 4258 ac

866 4288 968 4337 siccum
982 4288 1146 4353 irrigandum
1160 4295 1219 4341 arte
1231 4287 1322 4348 sactis,
1333 4275 1389 4331 mul·

865 4357 901 4406 tis
918 4356 1061 4409 canalibus
1083 4359 1167 4410 luerit
1181 4357 1306 4424 insignis,
1328 4352 1387 4401 idem

865 4425 989 4491 pluribus
1004 4430 1134 4480 ostendit.
1164 4432 1215 4482 Est
1227 4429 1296 4479 enim
1307 4426 1333 4474 in
1343 4419 1387 4469 He
