3042 5125
448 391 853 456 MELPOMENE.1V.
878 405 938 459 τοι.
962 406 1022 461 roo.
1238 392 1300 461 657

156 583 193 652 ol
207 585 263 653 καὶ
280 582 362 653 τάδε
376 583 623 674 Καρχηδόνιοι,
660 585 747 655 εἶναι
765 590 823 673 τῆς
835 585 965 674 Λιβύης
987 585 1097 676 χῶρόν
1116 615 1152 656 τε
1170 589 1227 657 καὶ
1240 584 1300 658 οἷν-

154 686 317 774 θρωτους
329 692 391 771 ἔξω
402 685 594 777 Ἡρακλέων
608 691 757 777 στηλέων
769 692 1046 779 κατοικημένους,
1062 692 1096 771 ές
1109 687 1187 772 τούς
1198 690 1302 762 ἐπεὰν

155 788 344 861 ἀπίκωνται
367 794 422 861 rai
439 794 616 876 ἐξέλωνται
630 789 671 861 τὰ
685 799 826 881 φορτία,
848 797 968 873 θέντες
982 790 1067 862 αὐτὰ
1082 796 1198 891 ἐπιξῆς
1211 794 1301 882 ταρὰ

154 892 217 982 τὴν
230 894 450 983 κυματωγὴν,
471 894 630 982 ἐσβάντες
650 898 683 974 ές
703 894 744 965 coi
765 904 884 983 πλοῖα,
908 895 1030 985 τύφειν
1049 897 1201 967 καπνόν
1221 896 1300 978 τοὺς

155 995 190 1065 rl'
207 1001 405 1085 ἐπιχωρίους
426 1001 604 1087 ἰδομένους
621 997 681 1069 τὸν
700 997 833 1070 καπνὸν
855 1003 942 1071 ίέναι
958 1002 1012 1069 ἐπὶ
1034 998 1096 1089 τὴν
1111 1000 1299 1089 θάλασσαν,

155 1102 212 1169 καὶ
232 1108 345 1169 ἔπειτα
367 1099 444 1170 ἀντὶ
462 1105 530 1203 των
552 1111 702 1193 φορτίων
724 1102 851 1192 χρυσὸν
874 1106 1024 1191 τιθέναι,
1056 1105 1112 1173 καί
1132 1108 1298 1194 ἐξαναχω-

156 1206 247 1292 ρέειν
260 1202 374 1290 πρόσω
391 1202 458 1275 ἀπὸ
479 1210 548 1274 των
567 1214 725 1295 φορτίων.
760 1205 838 1288 τοὺς
859 1206 896 1277 δὲ
909 1213 1164 1296 Καρχηδονίους
1179 1208 1298 1298 ἐκβάν-

157 1335 215 1386 τας
229 1309 449 1395 σκέπτεσθαι,
477 1311 533 1377 aul
552 1305 594 1398 ἦν
614 1309 677 1399 μέν
698 1317 862 1400 φαίνηταί
878 1331 940 1399 σφι
961 1308 1052 1394 ἄξιος
1067 1306 1085 1380 ὁ
1098 1308 1219 1399 χρυσὸς
1231 1316 1300 1380 ταῖν

157 1542 272 1594 Bennoi.
285 1559 311 1610 p.
322 1545 388 1609 705,
402 1547 474 1611 qnod
487 1562 541 1598 non
553 1547 608 1598 niai
620 1562 638 1597 u
650 1562 702 1597 me·
754 1549 839 1598 minu.
851 1549 885 1600 Τ.
897 1549 921 1600 Ι.
937 1564 1001 1614 pag.
1017 1548 1122 1599 XXVII
1135 1548 1164 1597 in
1177 1553 1236 1598 not.
1262 1548 1300 1597 Et

156 1613 226 1663 ridie
240 1613 409 1666 desertorum
419 1616 542 1668 sabatae
554 1632 650 1667 aurum
663 1617 704 1665 in·
753 1617 860 1669 consuli
873 1618 907 1668 de
925 1618 967 1667 hia
986 1631 1094 1683 quoque
1112 1620 1204 1682 potest
1214 1617 1300 1666 Hum-
1345 1654 1349 1663 .

156 1684 287 1734 veniatur
303 1683 331 1733 in
348 1684 401 1736 hac
422 1688 483 1751 ipsa
502 1690 629 1752 regione,
656 1686 703 1736 nbi
743 1686 843 1751 'boldtr
868 1686 933 1738 Aaie
959 1687 1080 1739 centraie
1106 1686 1130 1736 1.
1155 1701 1218 1751 pag.
1237 1684 1298 1747 458,

156 1752 371 1805 hencmeroinm
385 1757 624 1820 permutandamm
641 1770 705 1805 con·
754 1757 874 1821 itemque
897 1755 923 1805 d’
946 1756 1085 1821 Eacayrac
1109 1753 1142 1805 de
1166 1756 1299 1815 Lactora,

157 1823 330 1879 suetudinem
343 1825 415 1875 inter
424 1826 524 1891 Nigroe
537 1831 619 1890 atquo
628 1826 705 1874 Mau·
754 1827 803 1891 qui
821 1826 916 1875 eodem
934 1823 990 1875 lere
1008 1824 1103 1886 modo,
1126 1839 1180 1889 quo
1203 1824 1300 1874 acribit

156 1907 202 1942 roe
211 1892 330 1942 nondum
340 1893 704 1946 exoleviaaeteataturShaw
754 1894 927 1957 Herodotus,
941 1894 1030 1944 adhuc
1038 1893 1227 1944 commercium
1237 1907 1299 1943 cunr

156 1961 255 2014 itiner.
276 1963 299 2012 1.
318 1978 345 2028 p.
364 1963 425 2015 393.
461 1966 549 2031 Atque
568 1963 616 2014 alii
632 1977 703 2013 nnnc
753 1965 893 2014 interioris
904 1964 1014 2013 Africae
1025 1962 1122 2012 incolis
1136 1961 1194 2014 lieri
1209 1962 1300 2013 obaer-

157 2046 266 2096 quoque
286 2033 421 2084 accedunt
439 2038 539 2097 testea,
558 2034 630 2084 undo
649 2031 704 2082 tale
754 2034 846 2092 varim
866 2032 922 2083 vid.
933 2030 1298 2094 DieAiricaniocheWiiote,

156 2102 348 2151 commercium
364 2102 508 2154 edocemur
526 2108 554 2155 et
570 2107 665 2154 vetere
676 2104 705 2151 et
753 2118 809 2154 von
825 2102 856 2152 C.
875 2100 982 2153 Andree
998 2102 1088 2165 (Lipo.
1107 2100 1188 2165 1865)
1208 2117 1235 2166 p.
1247 2100 1299 2150 226

157 2174 254 2221 nostra
267 2176 359 2223 aetate
371 2187 457 2237 aeque
469 2174 515 2240 agi
528 2173 557 2223 in
569 2172 648 2237 Nigri
665 2184 707 2220 re·
754 2187 812 2237 soq.
848 2172 938 2236 Atque
958 2172 1017 2221 iure
1038 2186 1072 2222 ex
1088 2169 1131 2221 hia
1153 2169 1300 2235 collegerat

158 2240 287 2305 gionibua
306 2242 367 2291 anri
391 2242 479 2306 plenia
498 2242 573 2292 ultra
595 2242 706 2291 deserta
755 2239 895 2293 Hirscher.
937 2240 991 2306 (ad
1022 2240 1166 2290 Hannonis
1199 2238 1299 2304 Peripl.

157 2308 297 2373 sabatae,
319 2310 367 2361 nbi
377 2312 467 2361 Mauri
481 2310 541 2362 loco
553 2311 705 2362 constituto
753 2310 854 2376 Ehing.
867 2309 941 2361 1882.
952 2326 979 2376 p.
991 2307 1029 2373 7),
1039 2314 1170 2376 quantum
1180 2314 1209 2359 et
1218 2308 1300 2374 quale

158 2393 264 2431 merces
276 2380 414 2445 deponant
425 2395 571 2447 earumque
584 2381 645 2432 vice
658 2393 707 2429 un·
755 2380 946 2433 commercium
969 2379 1033 2430 olim
1059 2378 1300 2444 Carthaginienses

157 2464 218 2498 rurn
233 2465 251 2500 a
263 2450 354 2515 Nigris
367 2449 481 2500 allatum
496 2449 637 2514 auferant,
656 2465 703 2500 ne·
755 2466 816 2503 cum
831 2449 969 2501 Africanis
984 2448 1140 2500 hominibus
1158 2449 1221 2500 intio
1239 2462 1300 2513 ege·

158 2519 232 2570 mino
242 2518 326 2571 ullum
336 2519 621 2587 proterentererbum.
632 2520 705 2582 Quin
755 2523 821 2573 rint.
833 2512 1036 2583 -Ἡραιιίέων
1055 2534 1103 2584 pro
1119 2510 1300 2584 Ἡρακληίων

158 2592 232 2640 teate
247 2590 342 2654 Lyone
357 2591 386 2639 in
402 2595 475 2641 terra
489 2590 582 2641 Sudau
601 2588 705 2640 inveni·
754 2591 854 2656 ocripoi
865 2604 879 2640 e
891 2589 1050 2640 Florentino
1064 2588 1194 2653 aliisque,
1213 2592 1245 2638 ut
1256 2603 1301 2638 on·

160 2664 206 2709 tur
222 2673 305 2724 gena,
328 2664 411 2710 noctu
426 2675 498 2724 quae
514 2658 705 2711 commercium

159 2733 228 2794 agat
240 2743 273 2780 eo
281 2729 338 2780 iere
350 2729 445 2792 modo,
459 2746 513 2795 quo
529 2733 641 2780 enarrat
650 2729 706 2778 lie·
754 2678 903 2792 {ermom
921 2719 955 2777 roi
973 2725 1077 2792 φορτία
1098 2727 1155 2778 vid.
1175 2731 1245 2777 nott.
1264 2726 1300 2777 ad

159 2798 284 2849 rodoino.
315 2797 445 2850 Advenac
458 2815 560 2851 mercer
581 2814 645 2849 onas
658 2797 706 2847 ubi
756 2799 817 2863 111,
831 2799 859 2850 6.

159 2873 344 2932 exposuerunt
357 2868 474 2934 cingulis
485 2869 592 2920 acervis
606 2868 704 2917 dietin-
790 2860 868 2931 παρὰ
885 2856 939 2930 τὴν
953 2854 1131 2929 κυματωγὴν]
1149 2862 1167 2915 i.
1187 2878 1210 2914 e.
1224 2866 1250 2914 in
1269 2866 1302 2915 li-

160 2942 236 2998 ctas,
249 2938 366 2998 abeunt,
380 2953 458 2988 mane
472 2939 587 2990 redituri
598 2951 705 2988 aurum·
755 2942 818 2992 toria
829 2937 972 3001 crepidine,
984 2938 1015 2984 ut
1029 2933 1225 2999 interpretatur
1236 2931 1302 2983 Val-

160 3022 214 3073 que
234 3008 363 3058 mercinm
382 3008 488 3059 acervis
508 3008 544 3058 ab
567 3007 704 3072 indigenis
755 3010 835 3060 elren.
848 3006 937 3056 citcna
947 3004 1063 3054 Lucian.
1076 3004 1147 3053 Tim.
1160 3005 1185 3066 β.
1197 3002 1231 3053 66
1243 3001 1302 3064 (ubi

160 3076 316 3142 adpoaitnm
339 3075 474 3140 ablaturi,
501 3079 526 3129 ai
547 3078 617 3128 catio
637 3074 704 3125 illud
755 3077 811 3130 vid.
830 3078 902 3127 nott.
925 3088 989 3139 pag.
1001 3073 1062 3124 440.
1078 3073 1111 3122 Τ.
1130 3073 1142 3121 1
1159 3072 1201 3121 ed.
1215 3071 1300 3137 Rip),

160 3146 245 3198 tuerit
260 3148 365 3207 vicum
389 3148 413 3197 ai
431 3147 538 3209 minna,
557 3152 585 3196 et
602 3160 706 3196 meroen
756 3144 883 3212 Sophocl.
894 3138 1301 3206 inOed.col.1237(1²4021.),

160 3222 190 3267 et
201 3230 297 3266 aurum
309 3218 339 3266 in
347 3216 437 3267 medio
447 3216 601 3282 relinquere
612 3216 707 3266 dicun·
756 3218 805 3270 nbi
818 3218 910 3267 uetat
923 3202 996 3261 ἄιτα
1012 3205 1208 3276 κυματοπλὴξ,
1231 3225 1302 3278 quae

161 3291 221 3349 tur,
239 3286 325 3337 donec
338 3286 400 3352 pluo
419 3288 479 3337 auri
498 3286 579 3336 luerit
598 3284 707 3350 adponi·
756 3278 882 3352 κύματος
903 3274 960 3346 ἄγη
980 3281 1052 3347 apud
1070 3280 1196 3345 Apollon.
1212 3280 1301 3331 Rhod.

161 3360 228 3405 tum.
265 3356 308 3406 Tu
329 3356 385 3405 vid.
401 3371 427 3406 v.
441 3356 571 3405 Hammon
589 3355 632 3404 in:
651 3355 706 3404 An·
757 3356 861 3420 Ι,654.
899 3355 932 3403 In
948 3351 1149 3413 Hammoni,
1167 3348 1303 3400 100nunc

161 3425 226 3476 nali.
240 3426 400 3475 Viennenao.
413 3426 511 3476 LXXI.
525 3440 590 3490 pag.
600 3426 635 3474 44
647 3438 706 3488 aeq.
756 3430 831 3476 recte
842 3423 945 3489 legitur
956 3416 1121 3485 κυματωγῆς
1139 3419 1202 3483 (pro
1215 3433 1290 3483 κυμα

161 3500 189 3545 et
204 3496 326 3546 Heeren:
343 3494 427 3547 ldeen
438 3494 476 3552 11,
492 3497 513 3545 1.
530 3510 557 3559 p.
576 3494 638 3556 182,
658 3493 707 3557 qui
756 3489 872 3558 τοίηης),
895 3491 958 3550 ubi,
975 3490 1022 3555 qni
1040 3487 1251 3551 aWcaoelingio
1265 3487 1301 3536 ci·

162 3563 243 3614 aimul
254 3563 361 3613 attendi
371 3563 446 3614 iubet
456 3564 492 3614 ad
502 3563 707 3627 Carthaginien·
757 3568 832 3613 tatur
843 3558 971 3611 Euatatlr.
984 3557 1020 3607 ad
1032 3555 1133 3619 Odyss.
1143 3571 1168 3633 p.
1181 3554 1257 3632 1646,
1268 3555 1302 3604 26

162 3634 233 3684 aium
245 3633 467 3684 coniunctionem
476 3648 539 3683 cum
550 3631 605 3682 illio
616 3631 706 3696 regio·
757 3649 781 3684 o.
796 3630 864 3692 236,
876 3629 911 3679 48
924 3628 1121 3703 interpretatur
1133 3638 1238 3687 ακτην,
1258 3616 1301 3671 έν-

774 2676 805 2712 ra
820 2675 881 2725 cap.
895 2659 921 2710 8.
940 2661 983 2709 42.
1000 2657 1044 2710 43.
1061 2657 1239 2708 181.186.-
1257 2656 1299 2707 Ad

162 3703 244 3754 nibua
263 3702 406 3766 auriferis,
429 3704 558 3753 maiorem
578 3700 707 3761 tortosae,
757 3701 801 3750 θα
820 3690 854 3748 τοὶ
871 3691 981 3760 κύματα
1001 3707 1116 3756 αγονται
1139 3694 1197 3742 aive
1219 3695 1304 3744 litorio
1399 3742 1402 3750 ,

160 3787 242 3837 qnam
252 3773 352 3823 Graeci
362 3772 557 3832 existimarint,
570 3785 631 3820 cum
642 3768 708 3819 Car·
758 3770 924 3834 crepidinem
938 3781 1011 3831 ηαοια
1021 3762 1138 3813 νοτίοισι
1147 3762 1217 3811 undo
1225 3763 1304 3811 morie

162 3841 367 3908 thaginienaeo,
385 3841 454 3891 talia
473 3856 507 3891 ne
523 3839 585 3891 aliia
603 3839 708 3890 innote-
758 3856 781 3890 a.
797 3839 834 3889 od
854 3852 928 3903 ηααια
940 3836 1096 3898 franguntur
1112 3831 1203 3880 undae.
1232 3828 1302 3879 Ado.

163 3915 286 3973 ocerent,
301 3913 402 3977 magni
414 3913 480 3962 curt
492 3912 581 3976 egicae
594 3909 708 3959 videan-
759 3908 874 3959 Lucian.
890 3906 1013 3955 Hermot.
1026 3900 1075 3962 84,
1094 3899 1140 3949 ubi
1155 3898 1240 3948 multa
1253 3898 1303 3949 8ο-

163 3986 217 4031 tur.
232 3980 474 4044 Qnibna'Gr.haec
484 3981 634 4030 adieceratt
647 3978 709 4039 „si-
758 3979 839 4029 lanus
852 3977 886 4026 Τ.
899 3975 946 4024 IV.
963 3988 990 4038 p.
1002 3971 1054 4022 426
1068 3985 1125 4034 aeq.
1138 3969 1207 4033 Rip,
1223 3967 1303 4027 alios,

163 4051 235 4102 milia
255 4051 406 4116 negotiatio
417 4052 562 4115 Nigrorum
581 4049 641 4113 (der
654 4050 708 4097 Ne·
759 4061 828 4114 quoa
853 4042 988 4096 Herodoti
1011 4041 1175 4105 interpretes
1204 4038 1304 4088 attule-

163 4137 211 4186 μοι·
220 4135 276 4172 von
286 4119 414 4185 Guinea),
426 4134 496 4186 quae
507 4119 594 4169 tacite
604 4118 644 4176 fit,
655 4132 709 4168 me·
760 4119 839 4176 runt,
853 4116 882 4164 iu
896 4128 950 4180 quc
960 4109 1087 4162 Euatath.
1100 4108 1118 4158 l.
1132 4108 1150 4158 l.
1164 4107 1249 4185 habet
1261 4102 1304 4156 αί-

163 4193 286 4240 moratur
303 4191 332 4239 in
348 4188 432 4240 libro:
458 4189 495 4239 Di
508 4185 709 4239 MarcoPoloe
760 4178 868 4251 ηιαίόν.
909 4181 1008 4258 (ilonea
1032 4177 1205 4253 Herofiotea:
1231 4191 1303 4251 οτα-

163 4259 238 4326 dogli
261 4258 342 4309 alteri
366 4258 534 4325 viaggiatori
559 4254 709 4308 Veneriani
760 4247 850 4320 γαμή·
878 4247 1014 4316 αίγιαίος.
1028 4277 1062 4286 -
1081 4261 1305 4310 τυφωνιιαιτυον

162 4332 211 4395 piu
236 4328 339 4379 illustri
361 4328 405 4380 del
421 4331 454 4379 Ρ.
469 4328 520 4378 Ab.
544 4327 578 4376 1).
597 4323 710 4375 Placido
761 4329 805 4377 aot
819 4325 935 4375 excitare
951 4321 1054 4385 [ιαωωι.
1092 4317 1176 4368 Plura
1197 4317 1231 4368 de
1252 4315 1305 4366 hoc

162 4398 255 4450 Zorla.
269 4400 366 4450 Venet.
383 4398 458 4449 1818.
474 4397 513 4447 lt).
527 4412 554 4462 p.
571 4394 620 4446 126
630 4392 709 4459 oeq.“
759 4394 845 4448 verbo
861 4393 916 4443 vid.
934 4392 963 4441 in
979 4389 1114 4440 Theaanr.
1128 4387 1160 4440 1..
1178 4386 1225 4436 Gr.
1240 4385 1304 4436 vll.

163 4467 279 4520 Alianis
291 4467 397 4518 addidit
409 4466 536 4518 Mueller:
551 4465 649 4530 Geogr.
662 4464 710 4516 Gr.
761 4481 790 4531 p.
802 4463 869 4516 2621
883 4462 925 4514 ed.
939 4457 1068 4511 Dindorf.

201 4574 370 4617 nenonor.
395 4573 428 4614 ιι.
1065 4539 1106 4604 42
