3042 5125
518 385 721 446 THALIA.
745 387 805 448 III.
828 397 870 452 97.
1204 392 1263 454 193

136 577 246 661 ἐβένου
260 577 318 644 καὶ
337 578 435 645 πέντε
454 581 577 658 παῖδας
591 582 760 657 Αἰθίοπας
776 580 832 646 καὶ
853 581 1033 666 ἐλέφαντος
1053 578 1191 662 ὀδόντας
1204 610 1261 672 με·

136 676 248 764 γᾶλους
275 689 389 750 εἴκοσι.
436 679 560 769 Κόλχοι
581 680 626 773 ,δὲ
654 679 811 764 ἐτάξαντο
840 685 873 760 ἐς
900 679 961 770 τὴν
990 682 1120 773 δωρεὴν
1148 689 1204 755 καὶ
1231 692 1266 756 οἱ

134 785 299 870 προσεχέες
315 787 411 872 μέχρι
425 788 486 853 τοῦ
498 782 690 864 Καυκάσιος
703 780 835 875 οὔρεος·
863 787 896 863 ἐς
910 790 1008 854 τοῦτο
1027 785 1091 875 γὰρ
1111 785 1148 857 cd
1162 779 1261 879 οὖρος

133 880 191 954 ὑπὸ
202 889 352 975 Πέρσῃσι
371 885 521 978 ἄρχεται·
547 887 589 957 τὰ
612 887 648 955 dl
665 885 748 974 πρὸς
764 888 888 976 βορέην
906 886 1032 977 ἄνεμον
1049 894 1110 960 τοῦ
1123 892 1259 962 Καυκά-

132 1008 194 1068 σιος
211 993 374 1077 Περσέων
393 987 495 1060 οὐδὲν
520 998 568 1060 ἔτι
589 999 766 1079 φροντίζει.
799 980 892 1059 οὗτοι
913 982 961 1060 ὦν
983 997 1093 1082 δῶρα,
1122 993 1163 1064 ιὰ
1186 996 1259 1065 ἐτά-

132 1098 237 1179 ξαντο,
258 1100 306 1162 εἰι
320 1097 378 1162 καὶ
394 1096 427 1172 ἐς
439 1094 494 1181 ἐμὲ
511 1091 566 1162 διὰ
579 1091 981 1182 πεντετηρίδοςᾶγίνεον,
1004 1096 1123 1166 ἑκατὸν
1136 1105 1260 1179 παῖδας

133 1258 244 1325 paranda
265 1274 328 1309 cum
354 1260 405 1322 iis,
432 1275 501 1325 quse
519 1260 593 1325 opud
612 1260 667 1310 No·
715 1259 761 1309 lta
771 1260 887 1313 Wessel.
899 1263 1057 1326 subiiciens,
1071 1266 1142 1315 ferre
1153 1267 1194 1317 sic
1204 1283 1259 1317 mo-

134 1331 198 1379 nium
208 1343 267 1394 pag.
280 1328 332 1379 103
343 1328 484 1394 leguntur:
500 1332 667 1395 „Phalnupae
716 1344 774 1381 rern
788 1331 817 1381 in
829 1331 954 1383 ultronee
970 1333 1068 1383 tributi
1087 1341 1115 1385 et
1127 1334 1258 1387 donorum

130 1398 245 1447 dicuntur
256 1395 348 1448 instes
362 1403 462 1450 teretes
476 1400 548 1450 etc.“
564 1399 666 1464 Sponte
716 1400 879 1464 collatione,
892 1406 922 1452 ut
935 1402 1022 1453 infre:
1036 1392 1114 1454 οὖτοι
1128 1393 1168 1455 ὦν
1181 1403 1259 1471 δῶρα

131 1468 273 1516 intuentem
285 1467 665 1521 venitnostrumPtarrlten.-
716 1463 751 1519 τὰ
770 1464 905 1532 ἐτάξαντο
923 1477 950 1522 et
969 1488 1052 1538 snpra
1075 1474 1107 1527 13
1126 1476 1184 1538 (nbi
1200 1477 1257 1527 vid.

130 1536 223 1600 Scripsi
235 1527 346 1603 ἐβένου,
361 1552 423 1588 eum
433 1537 504 1589 falso
516 1539 665 1590 exhibeant
715 1539 798 1604 nott.)
809 1540 856 1606 lv,
868 1543 909 1593 35.
924 1542 981 1594 loc.
1002 1543 1045 1592 Tu
1054 1545 1128 1596 conf.
1139 1550 1209 1597 nott.
1222 1545 1258 1596 ud

130 1604 227 1669 qnidam
237 1603 302 1655 libri
315 1598 464 1672 ἔβὲννου;
476 1607 534 1660 vid.
546 1608 665 1660 Bredov.
715 1609 769 1673 ΙΙΙ,
784 1610 825 1662 13.
846 1669 852 1686 r

131 1674 195 1738 pili.
208 1702 240 1711 —
250 1673 362 1734 παῖδας
368 1673 510 1737 Αἰθίοπας
523 1677 596 1729 haud
606 1677 664 1729 scio
751 1678 915 1737 Καυκασιος
931 1668 1040 1747 οὔρεος]
1056 1681 1090 1732 Iu
1102 1682 1206 1734 duobus
1226 1683 1258 1733 li-

130 1758 161 1792 an
176 1746 272 1795 Noster
296 1746 470 1799 intellexerit
488 1757 616 1801 οαιιναιοι
640 1763 662 1798 s.
714 1749 772 1799 bris
790 1742 952 1798 Καυνάσοιο
977 1750 1062 1816 (quod
1088 1750 1155 1801 ferri
1177 1768 1257 1817 posse

131 1815 248 1866 emundes.
714 1823 800 1883 negat
811 1819 929 1870 Bredov.
948 1835 975 1885 p.
988 1819 1040 1872 233
1060 1819 1130 1886 seq.)
1151 1836 1169 1870 a
1183 1814 1258 1872 Καύ-

158 1874 302 1946 Ιὶέφαντος
322 1874 445 1943 ὀδόντας
466 1876 603 1951 μεγάλους
625 1881 664 1935 ed·
714 1901 817 1951 κασος,
835 1888 908 1956 quod
921 1890 1060 1941 invenitur
1072 1890 1101 1951 1,
1122 1890 1183 1941 203.
1196 1893 1256 1943 204.

129 1950 192 2017 socr]
205 1954 309 2005 Plinius
319 1955 358 2004 Η.
365 1955 551 2020 N.V111,3,4:
563 1956 664 2021 „Pute-
715 1960 764 2022 IV,
776 1959 807 2008 12
826 1966 853 2008 et
863 1958 893 2021 1,
905 1951 994 2008 104τὸ
1006 1952 1170 2009 Καυκάσιον
1180 1948 1256 2037 §poe

130 2021 182 2072 dnm
198 2024 251 2088 ipsi
266 2024 296 2076 in
318 2040 352 2075 se
370 2026 548 2090 expetendam
572 2026 663 2076 sciunt
715 2027 794 2089 Quod
804 2032 899 2078 nostro
912 2027 1257 2094 locolegiturKocnnuosm,

130 2091 202 2142 solnm
212 2096 311 2145 cssein
327 2097 412 2145 armis
425 2096 496 2159 suis,
510 2095 663 2162 qnaeluba
713 2098 782 2148 setis
808 2101 901 2148 tnetnr
924 2099 1069 2164 inscriptio
1095 2099 1202 2150 Graeca
1229 2099 1257 2148 in

129 2178 212 2213 cornum
238 2162 380 2230 appellat,
404 2165 561 2217 Herodotus
581 2170 662 2215 tanto
713 2167 800 2217 Inscr.
814 2167 861 2218 Gr.
872 2167 955 2219 Thes.
970 2184 1011 2218 nr.
1027 2168 1096 2219 2104
1108 2183 1180 2219 vers.
1199 2170 1258 2219 tet

129 2233 255 2298 antiquior
268 2239 296 2285 et
308 2235 483 2286 consuetudo
493 2234 589 2286 melius
602 2237 662 2286 den-
713 2236 870 2302 Stephanus
879 2239 1065 2302 Byzantinus,
1085 2238 1132 2303 qni
1147 2242 1258 2315 praeter

128 2304 185 2352 tcr.“
208 2304 249 2354 Ad
270 2320 356 2371 quem
373 2304 463 2356 locum
479 2321 550 2357 nunc
570 2309 663 2355 monet
715 2299 866 2364 Καύκασος
888 2312 916 2357 et
933 2308 996 2359 inde
1012 2307 1124 2359 ductum
1144 2307 1257 2358 Καυκα-

128 2370 289 2425 doetissimus
309 2374 422 2426 Cuvier.
444 2373 520 2441 (peg.
537 2375 589 2426 401
603 2389 660 2441 seq.
714 2389 775 2433 σιος
794 2376 909 2428 formam
928 2371 1075 2436 Καύκασις
1093 2378 1178 2442 (unde
1197 2378 1223 2430 h.
1237 2377 1255 2428 l.

129 2442 156 2491 T.
171 2442 205 2492 Vl
218 2444 260 2496 ed.
271 2443 484 2510 Panckonck.),
504 2449 663 2497 controver·
713 2446 851 2513 genitivus
865 2438 1039 2513 Καυκάσιος)
1056 2463 1164 2514 quoque
1185 2464 1257 2499 eom-

129 2511 186 2560 siam
207 2514 240 2564 dc
258 2520 364 2566 natura
383 2514 507 2568 dentium
529 2516 662 2566 maiorum
713 2521 854 2569 memorat.
866 2518 972 2569 -Mox
984 2519 1081 2585 scripsi
1094 2512 1197 2587 βορέην
1206 2533 1256 2585 pro

130 2580 203 2646 (Gelli
230 2589 338 2636 vocant
361 2585 491 2652 defenser)
521 2585 662 2651 elephanti
713 2587 789 2653 vulg.
802 2585 906 2654 βορήν,
919 2587 1026 2651 ut1‚o,
1042 2590 1090 2640 ubi
1103 2589 1158 2643 vid.
1169 2594 1238 2640 nott.

129 2666 203 2717 nuper
229 2654 379 2705 admodum
406 2655 494 2707 inisse
519 2658 662 2722 agitatam,
749 2649 777 2714 ἐς
798 2656 879 2706 τοῦτο
901 2651 955 2723 γὰρ
980 2649 1010 2705 τὸ
1031 2647 1097 2724 ὅρος
1112 2648 1169 2707 ὑπὸ
1184 2653 1256 2722 Hep-

129 2720 254 2789 lnbacque
274 2725 451 2791 opinionem,
478 2741 548 2792 quus
568 2726 663 2777 eadem
715 2739 777 2793 σῃσι
801 2717 927 2793 ἄρχεται]
952 2728 1012 2777 Hoc
1036 2728 1179 2778 verissime
1201 2726 1257 2776 dici

129 2791 161 2841 sit
178 2793 350 2858 Pausaniae,
374 2795 513 2848 invenisse
533 2800 662 2861 patronos
714 2801 808 2847 monet
820 2797 937 2847 Heeren.
951 2795 1068 2860 ldeenl,
1082 2798 1106 2847 1.
1117 2812 1181 2862 pag.
1196 2794 1255 2857 148,

128 2861 166 2912 rel
191 2866 340 2916 recentiori
366 2869 473 2929 aetate,
498 2881 663 2932 quemqnam
713 2881 775 2918 cum
803 2866 1015 2931 septentrionem
1042 2880 1138 2915 versus
1162 2868 1259 2915 Persu-

129 2945 175 2982 non
189 2932 311 3000 dubium,
334 2936 398 3001 quin
420 2936 511 3002 potior
529 2938 565 2986 sit
576 2936 663 2986 Hero·
713 2952 773 2987 rum
787 2951 898 3001 regnum
910 2935 999 2985 Ponto
1010 2936 1132 2998 Euxino,
1146 2934 1258 2999 Cuspio·

130 3001 179 3051 doti
193 3006 340 3069 sententia,
353 3021 414 3056 cum
427 3021 522 3057 revera
534 3006 590 3057 sint
602 3008 663 3057 den-
715 3022 767 3072 que
780 3006 848 3056 mari
861 3011 889 3056 et
901 3004 1019 3056 Caucasi
1035 3005 1173 3055 montibus
1186 3005 1257 3054 iuter

130 3078 169 3134 tea,
181 3073 286 3126 minime
299 3090 415 3136 cornua.
435 3075 511 3127 Ebur
527 3076 600 3126 idem
612 3075 664 3126 On-
714 3082 859 3142 utrumque
871 3089 945 3125 mure
962 3074 1061 3141 positis
1082 3075 1256 3125 terminatum

130 3139 187 3191 sier.
200 3142 275 3194 addit
288 3146 338 3196 vix
357 3145 465 3197 ditione
476 3147 511 3197 ab
526 3161 559 3197 eu
577 3149 664 3196 mate·
714 3147 765 3207 sit3
781 3147 827 3212 qui
839 3144 906 3195 fines
916 3161 933 3195 a
948 3145 1054 3196 nemine
1069 3150 1133 3195 ante
1148 3145 1256 3210 Zingis-

130 3210 165 3260 ria
173 3212 306 3278 interiori,
327 3216 436 3280 quaein
450 3216 577 3267 dentibus
587 3217 663 3279 insit,
715 3216 800 3268 chan.
813 3219 878 3267 sunt
890 3217 1023 3280 superati.

131 3278 267 3349 dentesque
275 3284 341 3334 illos
351 3286 467 3335 maiores
477 3286 592 3337 insertos
603 3300 664 3336 esse
749 3275 850 3335 ἕκατον
864 3283 982 3349 παῖδας]
1006 3283 1149 3335 Tributnm
1167 3297 1258 3332 servo·

131 3350 166 3398 ori
185 3352 277 3404 dentes
306 3354 441 3406 incisivos
467 3356 583 3421 gerenti.
620 3356 664 3405 De
714 3370 773 3405 rum
796 3363 824 3406 et
847 3370 988 3406 serverum
1011 3354 1054 3404 bic
1078 3350 1209 3417 intelligo.
1232 3354 1256 3402 Ε

132 3422 308 3485 magnitudine
335 3423 456 3474 dentium
481 3425 551 3475 idem
569 3425 664 3476 attulit
715 3425 834 3476 Caucasi
848 3424 1005 3490 regionibns
1018 3423 1171 3486 antiquitus
1191 3421 1258 3471 mul-

132 3492 300 3544 reeentiorum
324 3493 378 3544 duo
396 3495 569 3560 testimonis,
592 3495 663 3557 nude
714 3498 758 3545 tos
777 3495 915 3558 homines,
935 3498 962 3545 et
980 3508 1078 3559 pueros
1096 3496 1124 3540 et
1141 3490 1256 3557 puellas,

131 3565 206 3627 patet,
219 3563 316 3615 dentes
331 3564 375 3615 vel
391 3569 499 3615 centum
520 3565 582 3616 libr.
598 3580 664 3630 pon·
715 3566 855 3630 cobmptos
865 3567 893 3613 et
902 3566 929 3613 in
941 3562 1011 3613 alins
1022 3568 1109 3612 terras
1124 3566 1257 3627 tanquam

132 3629 194 3682 deris
205 3648 358 3699 superasse.
372 3633 542 3699 Elephanton
553 3636 581 3685 in
593 3635 664 3685 Afri·
714 3635 852 3701 mancipio
866 3634 992 3684 venditos
1010 3646 1071 3682 esse
1090 3630 1173 3695 idque
1185 3645 1256 3681 com-

132 3713 160 3748 et
176 3700 329 3769 frequentes
347 3705 474 3769 reperiri,
501 3705 573 3756 unde
598 3705 665 3756 ebur
714 3705 842 3756 mercium
860 3719 908 3768 per
917 3701 1068 3751 Phoenices
1086 3700 1256 3765 potissimum

132 3770 291 3832 potissimum
304 3773 665 3841 udEuropumfucritalla-
715 3775 818 3825 iactum
841 3786 901 3822 esse
924 3770 997 3821 hund
1024 3784 1113 3834 peuce
1148 3768 1257 3831 docent,

133 3843 240 3902 temper
257 3843 424 3907 Phoenices,
442 3845 564 3910 pluribus
584 3860 665 3912 expo-
715 3860 785 3911 quae
796 3839 891 3892 attulit
904 3841 1027 3892 Movere:
1048 3838 1101 3889 Die
1113 3837 1258 3887 Phiiuizier

134 3909 182 3958 suit
192 3911 222 3962 h.
235 3913 268 3966 G.
284 3912 318 3964 de
330 3911 463 3979 Schlegel.
478 3914 538 3966 Iud.
552 3916 623 3966 Bibl.
639 3915 663 3979 I,
714 3913 758 3976 ΙΙ,
770 3912 796 3963 3.
807 3927 833 3976 p.
845 3911 888 3960 82.
902 3910 1059 3959 Etiamnum
1072 3923 1087 3957 e
1100 3907 1257 3971 regionibus

133 3978 221 4045 lpus.
248 3982 299 4034 137
324 3998 400 4048 seqq.
422 3986 468 4036 141
496 4000 587 4051 seqq,
617 3986 664 4050 qui
714 3980 858 4032 Caucasiis
874 3978 903 4028 in
915 3981 1066 4044 Aegyptum
1079 3976 1168 4038 mitti,
1190 3992 1258 4042 quos

133 4046 224 4102 ideml.
238 4050 257 4101 1.
272 4067 337 4118 pag.
355 4054 406 4104 145
419 4054 562 4115 observat,
578 4054 664 4104 Hero·
713 4049 910 4101 Mummalucos
931 4051 1048 4110 vocant,
1080 4046 1180 4096 milites
1202 4047 1259 4097 exi—

135 4114 217 4170 dotnm
232 4122 348 4185 primum
370 4139 429 4174 esse
454 4123 526 4175 iuter
542 4124 663 4175 Graecos
713 4121 783 4171 mins
800 4119 954 4183 insignique
974 4123 1001 4168 et
1019 4117 1141 4182 eorporis
1160 4117 1258 4167 robore

135 4189 287 4256 scriptores,
312 4192 386 4259 apud
407 4209 486 4259 quem
510 4187 612 4258 ἔλεφας
629 4193 663 4242 dc
714 4195 742 4241 et
758 4189 945 4252 formositate,
968 4189 1048 4239 docet
1065 4185 1180 4237 Rennel.
1200 4187 1219 4237 l.
1236 4185 1256 4238 l.

136 4255 188 4320 ipso
205 4259 348 4326 elephanto
365 4264 483 4328 positum
498 4264 662 4314 invenietur.
714 4275 777 4326 pag.
792 4260 843 4311 525
856 4262 913 4309 not.
938 4259 977 4308 Ac
992 4272 1069 4308 nemo
1086 4256 1144 4338 fere
1160 4256 1257 4316 nescit,

137 4323 296 4382 Ocni.etia1n
310 4333 363 4394 IV,
377 4331 436 4384 101.
714 4335 845 4395 quantum
865 4328 1000 4394 hodieque
1025 4341 1147 4392 eorporis
1170 4326 1258 4376 foruit

166 4386 294 4459 ἐτάξαντο
309 4393 336 4460 ἐς
346 4394 399 4465 τήν
414 4394 535 4468 δωρεὴν]
557 4402 666 4466 „Colchi
715 4404 742 4450 et
755 4400 852 4450 robore
865 4397 1001 4448 excellunt
1013 4396 1158 4448 Colchicae
1169 4400 1258 4476 terrae

137 4464 662 4534 ι1131180]υιΙιίοιιιιιιόιινυιοινίιίιιιι·υοὶ.“
715 4469 836 4522 incolae:
864 4485 878 4520 e
906 4467 1004 4533 qulbus
1031 4465 1121 4517 adhue
1138 4464 1258 4529 virgines

172 4568 329 4616 neronom
353 4575 387 4621 ιι.
1037 4552 1074 4614 13
