3042 5125
275 405 338 469 490
711 410 980 475 HERODO'I'I

275 610 364 671 θοσι
385 596 467 691 ὑμῖν
487 610 525 673 αί
540 596 659 692 ἡμέραι
679 608 747 674 τῶν
765 600 941 704 ἁμμάτων,
968 601 1149 678 ἀποπλέετε
1168 611 1200 687 ἐς
1214 604 1271 695 τῆν
1285 602 1382 695 ripert·

276 732 340 795 ρηυ
354 702 475 775 αὐτῶν.
506 710 600 796 μέχρι
620 709 657 777 rt
675 708 813 795 τούτου,
833 714 909 781 ἐπεί
926 738 963 780 τε
979 708 1067 780 οὕτω
1088 713 1254 801 μετέδοξε,
1273 708 1383 796 φυλάσ-

274 829 349 879 σετε
363 807 424 898 τῆν
444 816 598 900 σχεδίην,
620 816 731 883 πᾶσαν
752 808 946 904 προθυμίην
958 823 1121 903 σωτηρίης
1133 842 1170 884 τε
1188 816 1243 884 καὶ
1254 817 1384 901 φυίακῆς

274 912 503 1003 παρεχόμενοι.
526 921 630 986 ταῦτα
645 917 680 986 di
694 923 867 998 ποιεῦντες
880 921 951 1006 ἐμοὶ
965 917 1115 1009 μεγάλως
1127 927 1302 1009 χαριεῖσθε.
1327 930 1383 987 Aa·

274 1034 362 1106 ρείος
377 1018 440 1108 μὲν
457 1023 560 1088 ταῦτα
575 1029 669 1100 είπας
685 1024 718 1102 ἐς
731 1020 769 1092 τὸ
783 1021 896 1112 πρόσω
910 1020 1073 1112 ῆπείγετο.

229 1126 269 1190 99
384 1128 448 1212 Τῆς
470 1123 507 1192 δὲ
519 1130 694 1212 Σκυθικῆς
714 1130 775 1216 γῆς
795 1123 958 1217 ῆΘρηΐκη
977 1125 1014 1198 τὸ
1037 1131 1071 1207 ἐς
1083 1124 1258 1195 θάλασσαν
1272 1124 1384 1214 πρόκει-

273 1247 343 1295 ται·
372 1226 498 1297 κόλπου
519 1227 556 1297 δὲ
570 1223 736 1318 ἀγομένου
753 1235 811 1320 τῆς
829 1234 890 1320 γῆς
907 1229 1028 1322 ταύτης
1048 1226 1243 1321 ῆΣκνθικῆ
1256 1256 1292 1298 τε
1310 1230 1385 1298 ἐκδί-

274 1358 382 1419 κεται,
403 1333 459 1401 καί
477 1327 637 1420 ὁἼστρος
655 1336 786 1405 ἐκδιδοῖ
803 1339 837 1414 ἐς
856 1331 980 1423 αὐτὴν,
1006 1332 1089 1425 πρὸς
1109 1324 1211 1423 εὖρον
1228 1330 1344 1422 ἄνεμον
1358 1329 1385 1399 ri

246 1490 251 1499 .
273 1434 378 1524 στόμα
397 1438 627 1525 τετραμμένος.
672 1435 716 1507 Τὸ
738 1440 775 1508 δὲ
795 1435 1004 1530 ἆπόἼστρου
1024 1447 1159 1529 ἔρχομαι
1181 1440 1348 1527 σημανέων
1359 1433 1387 1505 τὸ

307 1646 428 1708 Δαρεῖος
441 1638 535 1711 μὲν-
544 1635 571 1703 ἐς
585 1637 616 1695 τὸ
627 1640 721 1713 πρόσω
736 1638 815 1715 ῆπεί·
867 1645 1082 1712 Scythantande,
1102 1646 1169 1698 aber
1180 1662 1218 1697 sn
1229 1645 1276 1696 der
1287 1645 1388 1697 Sseseite

273 1713 345 1780 γειο]
357 1717 417 1767 Non
427 1718 558 1767 continuo
569 1724 718 1781 sequuntur
725 1720 754 1769 in
764 1718 817 1769 hae
865 1717 950 1783 lieget
960 1716 1078 1769 Thrake.
1098 1716 1262 1784 Dasselbigs
1270 1715 1340 1767 Laud
1350 1714 1387 1764 bil·

273 1787 430 1836 narratione
452 1802 499 1849 es,
524 1801 594 1851 quse
618 1787 704 1838 Dario
726 1789 816 1854 ipsum
867 1787 914 1839 det
938 1792 994 1839 eret
1019 1788 1099 1839 einen
1127 1788 1221 1839 Busan
1250 1787 1304 1837 und
1330 1786 1387 1836 deut

272 1856 435 1921 Scytharum
444 1860 542 1907 terram
554 1857 676 1921 ingresso
687 1859 817 1923 deinceps
864 1857 968 1908 kommt
982 1855 1167 1923 Scythenland
1185 1858 1241 1908 und
1260 1857 1306 1909 der
1319 1856 1388 1906 Istros

271 1925 445 1991 aeciderunt,
464 1926 511 1977 sed
526 1927 624 1978 iterum
640 1927 718 1991 plura
732 1929 816 1980 inter·
865 1927 988 1979 fliesset
981 1943 1009 1977 ιιι
1023 1925 1149 1978 desselbe
1161 1927 1219 1977 und
1232 1928 1332 1979 wendet
1342 1923 1388 1976 siet

272 1997 346 2047 iacta
364 2002 443 2059 sunt,
465 2011 535 2061 quse
558 1995 593 2047 ed
610 1996 682 2048 hano
701 1999 814 2049 eandem
865 1998 915 2047 mit
934 1996 1178 2077 eeinerMiindung
1200 2011 1253 2079 gen
1270 1994 1386 2047 Siidostst'

272 2070 373 2117 terram
386 2066 498 2131 eiusque
514 2066 630 2116 formem
645 2083 679 2119 ao
695 2069 815 2134 speeiem
863 2067 954 2119 Verba
967 2056 1071 2117 κόλπον
1088 2055 1154 2115 δὲ’
1136 2061 1278 2132 αγομένου
1293 2063 1339 2130 τῆς
1349 2060 1388 2128 γῆς

272 2138 412 2201 pertinent
427 2137 501 2200 (cap.
515 2135 648 2202 tit-102)
665 2139 741 2202 prius
755 2141 815 2203 opi·
864 2128 967 2203 ταύτης
978 2136 1011 2188 de
1020 2137 1140 2188 Threcia
1147 2136 1323 2202 intelligenda
1330 2138 1387 2195 sunt,

272 2221 322 2256 nor
340 2207 550 2270 praetermissa,
570 2212 653 2271 atque
669 2207 721 2260 hoo
742 2208 813 2268 loeo,
864 2222 951 2271 neque
968 2207 1002 2257 de
1019 2206 1147 2269 Scythia,
1168 2212 1201 2257 ut
1219 2203 1388 2258 fenitKolster

272 2275 416 2326 occasione
427 2274 530 2333 oblate,
544 2275 654 2326 sdieota
665 2278 708 2327 vel
723 2279 814 2343 potius
863 2276 992 2337 (Jahrbb.
1003 2276 1022 2329 f.
1033 2276 1130 2327 Philol
1143 2292 1170 2327 ιι
1184 2276 1304 2341 Psedsg.
1312 2272 1388 2337 Snppi.

269 2345 374 2395 inserts
384 2345 545 2403 narrationi,
554 2361 625 2410 quae
635 2346 815 2413 deinde(osp.
864 2347 928 2399 XII.
942 2361 968 2411 p.
982 2345 1061 2408 608),
1079 2347 1126 2411 qui
1145 2345 1175 2396 in
1192 2345 1264 2396 haue
1278 2343 1388 2408 Scythite

274 2413 335 2476 102)
351 2414 386 2463 ad
403 2414 522 2477 Scythes
539 2414 614 2479 ipsos
629 2432 659 2466 se
677 2419 815 2469 convertit
864 2420 986 2481 purtem,
1016 2431 1087 2480 quse
1115 2416 1143 2465 in
1172 2415 1264 2466 sinum
1288 2415 1388 2473 ducitur,

271 2498 416 2547 eorumque
435 2483 549 2535 consilia
568 2484 602 2535 de
620 2486 706 2536 Dario
726 2488 815 2554 repel·
863 2487 965 2536 Istrum
990 2486 1147 2536 influentem
1174 2486 1253 2536 feeit
1285 2486 1388 2534 Hsnsea

270 2552 351 2605 leudo
368 2555 484 2621 indeque
505 2554 587 2606 etiem
603 2555 659 2607 alia
674 2555 753 2622 plura
774 2558 815 2609 sf-
864 2555 1010 2622 Osteurop.
1026 2572 1052 2621 p.
1071 2556 1102 2608 12
1118 2556 1223 2607 rectius
1245 2553 1277 2606 de
1289 2552 1388 2605 Tenos

271 2626 370 2676 sertde
383 2626 443 2675 vita
457 2631 484 2676 et
501 2626 622 2676 moribus
637 2643 729 2678 esrum
747 2644 814 2694 gen·
863 2626 984 2690 cogitet.
1005 2627 1077 2691 quod
1091 2620 1279 2677 verono'iuov
1289 2620 1389 2685 intelligi

271 2697 352 2757 tium,
371 2710 485 2759 quarum
500 2712 577 2762 repes
599 2699 733 2748 communi
750 2715 814 2749 eon·

270 2765 332 2815 silio
350 2768 441 2816 Persis
458 2766 639 2817 resistendum
653 2783 713 2820 esse
731 2774 813 2832 puta-

269 2840 368 2885 verunt
380 2838 451 2899 (cap.
466 2835 601 2887 rot-117
612 2838 686 2902 fini:
704 2839 773 2889 odeo
782 2842 814 2889 ut

270 2920 330 2969 esp.
345 2905 394 2956 118
409 2907 514 2956 demum
534 2907 623 2958 oratio
642 2908 678 2958 ad
693 2908 812 2971 Scythas

270 2975 369 3025 bellum
382 2981 526 3039 paraturos
536 2983 564 3027 et
575 2994 635 3028 eum
647 2978 739 3029 Persis
749 2995 812 3029 oon·

269 3060 409 3109 gressuros
427 3044 530 3096 redeat.
565 3048 588 3097 E
608 3063 661 3111 qua
677 3051 812 3099 narrstio-

268 3115 310 3163 nis
321 3114 535 3165 conformatione
545 3116 572 3166 id
583 3118 707 3181 protecto
718 3119 813 3169 Nostri

268 3183 388 3234 studium
412 3189 543 3248 apparet,
567 3191 599 3235 ut
623 3187 755 3252 quidquid
778 3190 811 3240 de

268 3253 378 3316 Scythis
388 3268 534 3317 eorumque
544 3259 617 3304 terra
628 3272 660 3304 so
668 3257 727 3307 rite
737 3257 811 3308 sudi·

267 3327 370 3386 visset,
390 3329 519 3373 accurate
531 3325 645 3375 referret
658 3326 685 3375 iu
701 3341 765 3376 suos
778 3327 810 3377 li-

266 3393 330 3443 bros
338 3408 444 3457 ,neque
456 3392 602 3459 quidquem
613 3396 811 3455 praetermitte·

267 3467 324 3526 ret,
343 3461 426 3543 quod
431 3464 590 3514 narratione
607 3464 717 3530 dignum
735 3465 811 3517 ride·

265 3538 394 3586 retur.-
408 3522 538 3598 ἠπείγετο
548 3534 612 3584 dedi
624 3550 671 3597 pro
685 3526 808 3600 ἐπείγετο

267 3620 282 3655 ε
299 3602 440 3655 codicibus
460 3604 579 3666 duobus,
607 3604 731 3671 idemque
754 3607 808 3657 feei

267 3674 319 3738 IV,
335 3673 392 3727 133
410 3672 468 3725 135.
494 3675 556 3727 Vid.
571 3674 686 3726 Bredov.
703 3693 731 3743 p.
746 3675 807 3728 300.

446 3847 511 3899 Cur.
525 3848 621 3899 XCIX.

301 3950 361 4016 Τῆς
375 3945 405 4000 δὲ
420 3950 569 4016 Σκυθικῆς
584 3950 680 4017 γῆς-
694 3941 806 4012 πρόκει-

265 4021 321 4087 ται]
334 4023 384 4072 ie
394 4023 461 4072 Ante
470 4024 610 4086 Scythicam
620 4032 713 4074 terram
727 4022 807 4072 Thra-

265 4093 305 4139 cia
315 4094 364 4141 sita
377 4100 422 4147 est
436 4109 466 4141 eo
476 4095 588 4142 nimirum
597 4100 681 4153 parte
694 4109 759 4158 quoe
771 4093 808 4142 ad

263 4175 334 4208 more
348 4163 459 4223 pertinet
473 4159 507 4222 (ε.
526 4177 559 4211 eu
576 4161 709 4219 Thracia,
734 4177 806 4226 quae

861 2695 922 2745 vult
938 2696 971 2746 de
988 2711 1021 2747 es
1038 2695 1172 2746 Threciae
1192 2693 1388 2755 ore‚ubi1ster

861 2780 891 2815 ιιι
902 2780 977 2816 mare
988 2765 1078 2815 influit
1086 2779 1180 2828 quse
1190 2763 1257 2814 olum
1267 2760 1388 2813 maraine

861 2836 899 2884 rit
921 2840 1004 2900 atque
1025 2834 1094 2884 hano
1115 2834 1149 2883 ob
1165 2849 1280 2885 esussm
1299 2825 1388 2882 κε’ίτοτ

860 2919 929 2956 voce
945 2904 1126 2986 significetur,
1149 2919 1249 2955 vereor
1268 2907 1299 2953 ut
1311 2915 1388 2951 essen

862 2975 909 3024 tiri
932 2974 1043 3038 possim.
1077 2971 1195 3023 Videtur
1217 2973 1289 3025 eninr
1304 2974 1388 3022 Noster

861 3043 1045 3106 existimasse,
1072 3057 1147 3092 orsm
1161 3042 1300 3093 Thraciae
1318 3038 1387 3090 multo

861 3113 961 3177 megin,
975 3127 1056 3177 quern
1066 3127 1162 3162 revera
1177 3111 1206 3163 id
1221 3112 1286 3163 olim
1299 3111 1387 3161 fuitst

860 3197 913 3247 que
923 3197 995 3232 nune
1007 3181 1245 3261 est,ooeidenten1
1258 3197 1346 3234 versus
1357 3182 1388 3230 in-

859 3250 986 3314 clinasse,
993 3221 1387 3315 ndeouteriircovferespeoieu

858 3321 988 3386 praebere
1002 3323 1133 3387 potuerit.
1155 3324 1208 3373 Est
1220 3338 1285 3373 vero
1299 3322 1341 3372 hie
1351 3334 1387 3370 oo·

858 3392 1000 3458 gitandum
1019 3393 1052 3444 de
1071 3393 1202 3458 Scythiae
1226 3394 1314 3443 forma
1332 3405 1386 3455 qus·

858 3461 949 3524 druta,
963 3461 1070 3528 qualem
1078 3463 1236 3514 Herodotus
1248 3463 1301 3514 sibi
1312 3463 1387 3512 mente

857 3531 1032 3596 informarat,
1056 3534 1208 3598 expositum
1233 3550 1250 3584 ιι
1274 3531 1386 3584 nobisin

858 3605 917 3652 not.
932 3602 966 3652 ad
976 3603 1024 3666 IV,
1038 3601 1096 3656 101.
1128 3606 1216 3666 Quam
1229 3604 1287 3654 seii.
1298 3602 1331 3653 sd
1342 3616 1386 3651 ne·

856 3670 954 3722 ridiem
967 3673 1037 3723 Ister
1053 3674 1194 3736 terminat,
1214 3675 1251 3725 sd
1266 3687 1340 3739 quem
1351 3685 1386 3720 ns

857 3757 910 3806 que
928 3744 1083 3793 extenditur
1101 3744 1236 3807 Thracia,
1254 3741 1385 3809 Scythiss

856 3811 967 3863 meridie
979 3814 1123 3878 contigua,
1144 3814 1229 3865 multo
1245 3814 1329 3880 magis
1344 3810 1384 3875 ig'r

855 3886 909 3943 tur,
923 3898 1004 3947 quem
1015 3883 1096 3946 vulgo
1107 3889 1228 3948 putatur,
1238 3882 1385 3949 septentrio

858 3967 920 4002 nem
929 3967 1023 4004 versus
1036 3959 1158 4004 extensa.
1172 3952 1252 4006 Conf.
1261 3955 1383 4004 Gatterer:

858 4020 992 4072 Thronion
1004 4022 1074 4073 nsoh
1083 4022 1214 4074 Herodot.
1226 4028 1279 4074 ete.
1288 4038 1347 4087 pag.
1357 4018 1383 4068 li

856 4107 924 4155 seq,
938 4092 1085 4144 Voeloker:
1098 4093 1187 4158 Myth.
1200 4094 1296 4160 Geegr.
1302 4094 1323 4142 1.
1330 4104 1383 4157 psg

265 4242 339 4278 mare
352 4228 491 4292 attingit)
509 4231 567 4280 unde
579 4247 651 4286 vero
671 4232 739 4280 abi'
729 4249 755 4281 vs
770 4248 806 4282 ει
893 4222 933 4279 Τὸ
952 4222 1026 4279 δὲ’
1007 4221 1066 4280 απὸ
1084 4219 1194 4296 Ἰστρου
1215 4225 1327 4313 ἔρχομαι
1343 4241 1383 4290 oq

264 4314 320 4347 oron
342 4299 443 4348 ducitur
464 4303 547 4358 reqio,
572 4300 675 4363 Scythia
707 4299 806 4362 (Thra-
856 4293 1001 4365 μανέωνιι.
1014 4299 1083 4367 emi]
1101 4302 1224 4354 Reoentt.
1238 4302 1318 4354 edd.
1310 4296 1382 4350 unhis

264 4367 345 4431 eiam)
364 4369 460 4428 excipit
476 4367 622 4433 Isterqae
612 4384 637 4418 ιιι
657 4385 710 4418 eam
727 4369 806 4434 (Sey-
856 4370 946 4421 secuti
962 4385 1071 4433 sumus,
1094 4374 1222 4424 maiorem
1241 4368 1382 4424 distinctio·
1452 4399 1453 4410 2

264 4436 361 4501 thiam)
374 4439 467 4501 influit,
487 4440 550 4488 ontio
564 4439 600 4487 ad
615 4441 733 4490 orientem
745 4456 805 4490 corr
855 4454 916 4489 nem
928 4446 1062 4504 ponentes
1074 4446 1137 4507 post
1146 4433 1215 4499 ἒς
1183 4454 1319 4526 μετρησιν
1328 4450 1380 4488 cnm

264 4524 346 4560 verso.
369 4508 442 4558 Bene
456 4522 495 4558 sio
505 4507 663 4573 Langrua
667 4508 731 4571 Vor
743 4508 805 4559 dem
854 4510 936 4577 uulgo
955 4511 1039 4562 verbs
1052 4502 1263 4579 sequentianno*
1274 4498 1378 4573 ',Iurpou
