3042 5125
363 395 430 456 An
452 393 707 459 sueonos.
725 395 794 471 ιιι,
813 406 862 461 no
879 396 950 459 0011.
965 396 1026 471 lv,
1045 404 1102 461 uo.
1233 393 1295 456 703

159 584 255 639 venire
273 584 410 655 potuerit,
434 584 488 638 uisi
510 604 561 656 per
576 585 692 639 eundem
712 590 818 656 patrem
840 585 987 655 historiae,
1009 602 1089 656 quern
1103 584 1170 638 talia
1182 583 1297 655 primum

160 670 229 740 ipsis
241 670 269 723 in
282 669 350 723 locis
362 670 488 723 studiose
502 671 706 741 conquisivisset
717 670 828 739 scimus,
845 671 968 741 equidem
980 670 1114 739 intelligo.
1145 670 1237 723 Unum
1252 689 1295 724 re-

159 761 263 820 staret,
288 762 320 807 ut
342 771 358 806 e
372 755 507 825 Sophocle
523 755 629 808 inventi
645 754 753 809 dicterii
768 773 880 809 acumen
895 755 1055 809 Herodotus
1072 755 1100 809 in
1116 771 1184 808 sarae
1201 771 1296 807 narra·

158 840 245 892 tionis
261 846 448 892 ornamentum
463 839 646 908 converterit3
661 858 712 893 nec
726 840 823 908 deluit,
839 840 887 912 qui
902 839 1067 894 Clementem
1083 838 1297 893 Alexandrinum

159 930 281 977 testatus
296 923 437 977 Stromatt.
453 924 501 977 Vl.
524 943 551 995 p.
568 927 620 979 625
635 925 670 977 Ι).
685 925 763 993 Sylb.
779 925 950 979 Herodotum
970 925 1045 978 illius
1066 925 1134 979 furti
1156 924 1295 978 insimula-

160 1015 218 1077 ret3
241 1009 290 1061 sed
303 1009 375 1062 bene
395 1009 592 1063 intellexerunt
605 1009 729 1077 Heysius
749 1010 881 1081 (eraest.
899 1010 1002 1063 Herod.
1018 1028 1046 1081 p.
1063 1010 1111 1078 67)
1128 1015 1157 1063 et
1169 1010 1295 1080 Wcrius,

159 1111 256 1164 parum
271 1099 486 1147 consentaneum
502 1112 580 1161 esse,
605 1093 776 1148 Herodotum
798 1112 865 1149 suae
880 1112 971 1148 rerum
989 1099 1129 1163 gestarum
1144 1095 1297 1148 narrationi

159 1180 259 1249 poetae
274 1184 439 1247 commento,
455 1178 535 1232 cuius
550 1179 628 1231 lideur
644 1184 787 1249 praestare
804 1198 858 1233 non
873 1184 985 1250 posset,
1001 1179 1174 1234 admiscendo
1190 1181 1295 1234 commi-

160 1264 251 1331 sisse,
268 1270 300 1316 ut
314 1281 391 1316 suem
408 1262 532 1317 historici
547 1263 626 1316 fidem
638 1264 710 1318 ultro
725 1264 908 1333 infringeret3
933 1272 1019 1335 utque
1033 1264 1094 1336 ipsa
1111 1264 1194 1318 rerba
1209 1264 1297 1334 inspi—

159 1348 299 1401 cientibus
315 1348 427 1400 dubium
443 1367 505 1401 esse
522 1350 634 1419 nequit,
659 1348 726 1419 quin
748 1350 832 1403 multo
847 1349 1012 1403 commodius
1031 1349 1060 1402 in
1076 1348 1206 1403 Persicae
1221 1349 1297 1403 illias
1370 1350 1374 1355 ’

160 1432 283 1487 mulieris
299 1433 482 1486 conditionem
498 1450 578 1504 qaam
592 1432 621 1486 iu
633 1433 790 1502 Antigonae
807 1436 946 1489 fortunam
957 1434 1125 1488 conveniant
1138 1464 1180 1474 -
1194 1451 1249 1504 qua
1264 1434 1298 1487 de

161 1537 192 1571 re
214 1536 275 1570 mox
295 1517 422 1588 pluribus
442 1526 598 1587 agetur-
617 1518 655 1570 ita
677 1519 757 1572 etiam
779 1539 826 1573 res
845 1519 959 1589 suadet,
982 1526 1015 1572 nt
1029 1519 1189 1573 historicum
1203 1519 1297 1589 potius

160 1608 245 1655 totam
259 1602 330 1657 illam
346 1603 531 1657 narrationem
546 1604 630 1657 huius
646 1603 712 1656 dicti
726 1605 900 1675 propagandi
916 1621 999 1657 causa
1013 1620 1193 1671 memorasse,
1218 1621 1298 1674 quam

160 1689 283 1761 poetam,
306 1688 350 1740 cui
365 1694 408 1741 tot
423 1688 561 1741 ornandae
577 1688 732 1757 Antigonae
747 1688 854 1743 colores
870 1689 1069 1759 suppetebant,
1089 1688 1150 1741 sine
1167 1694 1297 1742 externae

162 1773 336 1826 auctoritatis
357 1772 478 1843 exemplo
495 1780 524 1826 et
539 1773 675 1826 illecebris
691 1773 725 1826 ad
740 1773 811 1827 tales
828 1773 953 1842 argutias
977 1772 1095 1827 delatum
1114 1791 1175 1826 esse
1191 1779 1297 1826 statua-

159 1874 231 1911 mus.
261 1857 397 1911 Omnibus
412 1857 500 1926 igitur
515 1858 719 1928 comprehensis
741 1866 817 1912 certo
837 1876 896 1912 cum
917 1857 1058 1928 plerisque
1075 1858 1161 1911 statui
1182 1875 1297 1911 necesse

161 1936 220 2010 est,
238 1944 360 2014 poetam,
384 1942 512 2013 quisquis
529 1943 592 1996 illos
608 1943 761 1996 versiculos
777 1943 989 2013 conscripserit,
1010 1942 1146 1996 Herodoti
1160 1942 1297 1995 narratio-

161 2044 237 2094 nem,
262 2046 341 2098 quam
362 2028 391 2080 in
414 2027 497 2081 tertio
519 2028 601 2081 huius
615 2027 685 2080 libro
700 2028 835 2097 legimus,
856 2033 920 2081 ante
933 2026 1027 2081 oculos
1045 2027 1176 2082 habuisse
1192 2034 1220 2080 et
1234 2024 1298 2081 dato

161 2111 246 2182 operi
261 2112 444 2182 expressisse.

246 2198 283 2249 At
298 2197 396 2267 opinor
412 2214 495 2268 quam
513 2196 560 2249 alii
574 2196 650 2250 multi
664 2198 844 2266 dubitabunt,
867 2204 924 2251 tum
939 2196 984 2250 Tu
1007 2197 1069 2266 ipse
1089 2198 1184 2251 hermu
1206 2213 1298 2250 rerum

160 2281 346 2351 peritissimus
362 2280 483 2334 hocloco
500 2298 634 2352 quaeres,
656 2300 719 2336 num
736 2289 888 2352 temporum
903 2282 1026 2335 rationes
1042 2283 1199 2353 patiantur,
1223 2287 1254 2335 ut
1266 2299 1298 2335 ea

161 2371 266 2435 aetate,
292 2385 346 2437 qua
364 2365 528 2434 Antigonam
545 2366 689 2436 Sophoclis
710 2385 811 2421 scenae
830 2367 997 2419 commissam
1019 2385 1082 2421 esse
1104 2372 1228 2434 constat,
1250 2373 1299 2419 aut

161 2451 213 2503 iarn
229 2452 378 2520 perfecerit
398 2451 485 2503 libros
508 2468 575 2504 suos
591 2452 752 2505 Herodotus
774 2458 823 2504 aut
837 2451 988 2521 Sophocles
1011 2453 1039 2504 in
1062 2469 1156 2505 eorum
1172 2451 1297 2504 notitiam

161 2537 335 2606 perveneritr
356 2552 472 2607 quorum
489 2536 542 2589 etsi
559 2542 705 2607 utrumque
718 2538 806 2607 primo
821 2538 969 2608 adspectu,
993 2538 1018 2591 si
1036 2555 1134 2591 revera
1148 2535 1299 2608 Sophocles

161 2621 216 2674 illis
231 2622 400 2675 Herodotum
416 2620 584 2692 respexerit,
607 2628 711 2676 certum
733 2641 796 2676 esse
818 2623 960 2689 rideatur,
982 2629 1049 2676 sunt
1068 2628 1157 2676 umen
1182 2628 1210 2674 et
1225 2621 1297 2691 apud

161 2707 251 2776 ipsum
259 2707 430 2760 Herodotum
444 2706 608 2776 posterioris
621 2707 737 2775 originis
754 2707 873 2776 vestigia
884 2715 913 2760 et
923 2707 969 2759 illa
980 2708 1155 2778 computatio,
1170 2707 1224 2759 nisi
1236 2705 1298 2758 aliis

162 2791 318 2844 rationibus
335 2793 525 2859 confirmetur,
542 2790 585 2843 rel
602 2809 634 2844 ea
650 2811 680 2845 re
694 2792 811 2845 convelli
825 2791 937 2863 poterit,
951 2796 1027 2845 ulex
1046 2810 1093 2845 ore
1109 2792 1203 2862 potius
1216 2796 1244 2844 et
1257 2792 1299 2844 fa·

162 2875 260 2929 miliari
274 2876 408 2930 Herodoti
425 2894 549 2929 sermone
572 2893 652 2946 quam
674 2895 707 2930 ex
729 2876 807 2930 libris
825 2877 901 2930 foras
924 2876 1006 2930 editis
1030 2877 1100 2930 hanc
1115 2876 1300 2930 narrationem

162 2960 312 3029 Sophocles
328 2961 487 3031 percepisse
502 2962 618 3029 dicotur,
633 2979 668 3014 ne
684 2961 807 3031 ipsorum
821 2961 977 3031 Antigonae
992 2961 1191 3015 versiculorum
1204 2967 1299 3014 aucto—

162 3046 231 3098 ritas
244 3046 428 3116 impugnetur,
443 3063 513 3116 quos
526 3045 579 3098 nisi
591 3046 685 3100 eodem
700 3063 759 3100 cum
775 3047 881 3118 reliqua
894 3047 987 3100 sabula
996 3054 1094 3100 tenore
1107 3046 1227 3117 scriptos
1237 3063 1299 3099 esse

162 3135 286 3198 constet,
311 3131 345 3183 ad
366 3131 586 3184 Herodoteorum
606 3149 718 3202 qnoque
740 3132 872 3185 librorum
895 3137 1010 3185 aetatem
1032 3131 1213 3185 deliniendam
1234 3130 1300 3183 nibil

162 3215 295 3285 ponderis
311 3216 458 3270 habebunt.
487 3216 565 3269 Duae
578 3216 679 3285 igitar,
696 3224 830 3288 quantum
845 3218 971 3288 equidem
986 3217 1084 3283 video,
1107 3218 1218 3271 maxime
1233 3220 1301 3269 sunt

163 3317 277 3369 causae,
297 3301 399 3370 quibus
420 3300 455 3353 iis
476 3300 516 3352 uti
537 3300 633 3368 liceat,
658 3302 706 3373 qui
720 3302 866 3373 Sophoclis
881 3304 1046 3357 auctoritate
1064 3302 1130 3356 freti
1144 3302 1301 3370 Antigonae

164 3390 280 3438 aetatem
297 3386 331 3439 ad
345 3384 481 3438 Herodoti
497 3385 582 3438 libros
599 3388 753 3440 transferre
775 3389 876 3441 velint:
897 3389 997 3460 altera,
1022 3393 1053 3441 ut
1067 3389 1101 3441 ad
1122 3386 1300 3440 recitationes

163 3470 334 3539 confugiant,
351 3470 453 3540 quibus
464 3470 624 3523 Herodotus
639 3472 723 3541 vulgo
741 3473 864 3526 creditur
877 3477 982 3526 mature
998 3478 1047 3525 aut
1061 3470 1201 3525 universis
1213 3471 1301 3522 Grae·

164 3554 203 3607 cis
226 3561 276 3608 aut
292 3561 366 3608 certe
383 3554 600 3608 Atheniensibus
620 3556 798 3609 historiarum
821 3574 933 3610 suarum
955 3556 1080 3608 notitiam
1101 3553 1301 3623 impertivisse;

163 3639 266 3709 altera,
291 3649 324 3694 ut
344 3641 425 3693 etism
449 3639 512 3693 aliis
532 3640 560 3693 in
581 3640 649 3693 locis
667 3641 827 3712 Sophoclem
849 3641 883 3693 ab
905 3641 1047 3695 Herodoto
1067 3644 1219 3693 mutuatum
1239 3656 1301 3692 esse

163 3730 326 3794 memorent,
342 3742 413 3797 quse
427 3742 607 3796 personarum
623 3742 735 3779 suarum
750 3727 922 3780 orationibus
937 3725 1089 3792 insereret,
1106 3740 1221 3796 quarum
1237 3741 1301 3777 cau·

164 3828 256 3863 sarum
277 3827 348 3883 quoe
374 3810 540 3880 auctoritas,
571 3829 642 3883 quae
669 3811 713 3865 ris
733 3812 785 3880 sit,
811 3812 864 3865 iam
886 3811 967 3882 paulo
995 3810 1122 3882 pluribus
1147 3809 1301 3864 examinan-

164 3895 227 3950 dum
244 3896 307 3948 erit.

249 3981 287 4034 Et
303 3978 481 4033 recitationes
498 3980 606 4050 quidem
621 3998 692 4051 quae
708 3982 848 4050 feruntur,
864 3980 988 4052 quemvis
1003 3998 1058 4033 non
1075 3979 1183 4033 omnino
1199 3996 1302 4049 negan-

165 4062 230 4133 das,
252 4071 341 4118 tamen
363 4064 448 4117 multo
470 4065 579 4118 cautius
596 4066 755 4120 tractandas
772 4084 850 4134 esse,
873 4083 952 4136 quam
967 4065 1011 4119 rel
1026 4071 1090 4136 post
1104 4065 1303 4140 Dahlmannum

166 4150 227 4203 lieri
243 4149 323 4216 solet,
337 4149 422 4202 certis
434 4155 558 4203 veterum
569 4151 735 4204 testimoniis
748 4151 903 4204 confirmari
914 4156 1016 4221 potest.
1038 4150 1206 4221 Olympicum
1218 4156 1302 4218 certe,

166 4234 246 4288 cuius
261 4239 359 4287 testem
373 4235 527 4289 Lucianum
541 4235 570 4288 in
585 4236 741 4289 levissimae
764 4236 938 4290 auctoritatis
960 4236 1051 4290 libello
1067 4242 1179 4307 praeter
1192 4236 1303 4289 Suidam

166 4319 358 4373 fideiussorem
375 4319 456 4389 plene
469 4319 572 4373 nullum
586 4322 686 4375 habere
703 4320 844 4388 novimus,
867 4321 976 4374 omnino
997 4321 1115 4375 habitam
1138 4340 1201 4392 esse
1222 4318 1303 4371 claris

166 4404 260 4457 verbis
277 4412 361 4474 negat
375 4403 642 4476 Paroemiographus
658 4406 693 4460 T.
709 4407 732 4459 Ι.
748 4425 776 4476 p.
792 4409 844 4460 400
859 4406 903 4459 ed.
919 4407 1045 4474 Gotting.
1066 4404 1136 4474 φασὶ
1155 4399 1208 4474 γὰρ
1223 4397 1305 4472 ‘de-

163 4488 247 4543 δοτον
261 4481 312 4544 τὸν
330 4484 508 4560 λογογράφον
519 4483 682 4561 Ὀλυμπίασι
698 4491 790 4557 δεῖξαι
805 4488 980 4563 βουληθέντα
992 4484 1045 4562 τὴν
1057 4485 1159 4545 ἑαυτοῦ
1173 4485 1304 4559 ἱστορίαν,
