3042 5125
475 392 759 452 ’1ἨΑΙιΙΑ.ΙΙΙ.
784 404 949 458 roo—111.
1220 388 1282 451 217

90 602 142 654 253
150 585 206 653 nol
218 587 253 663 ές
266 579 372 671 άέκιήν
384 578 516 672 άλκιμα.
540 580 580 653 τά
594 581 636 673 δὴ
645 579 923 674 ἀπαμυνομένους
934 580 999 653 άκό
1013 589 1082 652 τοῖν
1094 580 1283 673 ὀφθαλμῶν

142 684 232 757 οὕτω
253 689 391 775 δρέπειν
412 685 474 775 τὴν
493 695 621 775 κασίην.
669 685 713 757 Τό
730 689 766 758 δὲ
786 686 827 777 δὴ
847 686 1062 777 κιννάμωμον
1082 695 1129 757 ἔτι
1152 686 1345 764 τούτωνηι

141 790 425 879 θαυμαστότερον
442 793 648 879 συλλέγουσι.
683 789 848 880 decuplo
871 789 935 880 γάρ
962 800 1106 879 γίνεται,
1133 794 1188 860 καὶ
1212 788 1281 878 ἥτις

141 923 201 983 μιν
219 899 264 982 γῆ
282 890 303 982 ἡ
324 893 495 982 τρέφουσα
515 897 600 979 ἐστι,
622 889 684 964 οὐκ
705 902 816 983 έχουσι
843 902 966 964 εἰπεῖν·
994 893 1081 983 πλην
1100 891 1169 980 ότι,
1193 891 1281 986 λόγῳ

141 997 249 1068 οἰκότι
273 996 473 1086 χρεώμενοι,
501 999 538 1066 έν
555 1002 679 1067 τοιοίδε
706 1005 859 1090 χωρίοισί
876 1006 962 1087 φασί
983 1025 1071 1078 τινες
1094 994 1176 1067 αὐτὸ
1197 997 1280 1086 φάε-

141 1112 245 1189 σθαι,
265 1104 304 1171 έν
318 1117 405 1171 τοῖσι
423 1096 442 1169 ό
457 1099 623 1180 Διόνυσος
642 1101 776 1191 ἐτράφη.
809 1099 951 1190 ὄρνιθας
972 1101 1008 1171 δὲ
1030 1103 1163 1189 λέγουσι
1180 1100 1280 1190 μεγά-

142 1214 203 1285 λας
217 1207 355 1293 φορέειν
367 1209 473 1274 ταῦτα
493 1202 532 1273 τά
553 1203 701 1293 κάρφεα,
724 1203 765 1274 τά
778 1199 871 1294 ἡμεῖς
888 1201 953 1274 dni
968 1212 1138 1274 Φοινίκων
1152 1202 1280 1293 μαθόν-

143 1407 194 1457 Gr.
218 1402 324 1470 laudat,
349 1404 543 1471 Wytteubach.
567 1405 603 1456 ad
624 1405 688 1457 Plu·
737 1408 869 1473 tln'opiam,
905 1407 1000 1467 credo,
1032 1406 1155 1456 indicare
1184 1405 1281 1457 voluit.

142 1474 231 1525 tarch.
248 1475 329 1526 Des.
343 1477 378 1527 N.
394 1475 502 1541 Ἆρες.
518 1475 576 1526 125.
594 1502 629 1511 -
644 1475 687 1525 Ad
737 1477 800 1527 Vid.
814 1476 866 1539 111,
879 1477 922 1528 97.
936 1476 973 1537 ΙΙ,
988 1477 1047 1527 1411.
1061 1476 1101 1526 De
1118 1478 1194 1526 India
1206 1477 1281 1541 cogi-

142 1560 201 1595 τετυ
220 1543 329 1595 conaul.
349 1543 422 1596 Plin.
443 1545 481 1596 H.
499 1547 534 1596 N.
552 1546 621 1606 llll,
644 1544 687 1607 19,
738 1550 782 1596 tat
791 1546 908 1598 Heereu.
919 1544 1002 1595 Ideen
1010 1546 1037 1609 1,
1050 1546 1074 1594 2.
1086 1547 1182 1610 μῖὗῖ,
1198 1561 1282 1611 quon-

142 1617 187 1665 42.
211 1612 237 1675 d.
263 1613 313 1677 85,
339 1614 386 1679 qni
410 1613 569 1665 Herodotea
593 1614 688 1665 retulit
739 1615 793 1666 iarn
818 1631 850 1666 ex
873 1615 924 1665 hac
942 1618 1015 1665 terra
1037 1616 1234 1665 cinnamomum
1253 1616 1282 1665 iu

142 1684 301 1749 fabuliaque
328 1682 488 1748 adscripsit,
516 1689 544 1734 et
569 1685 687 1736 Heeren.
738 1685 868 1736 Arabiam
893 1684 975 1736 suerit
1001 1683 1144 1735 deductum
1166 1690 1194 1735 et
1218 1685 1282 1734 inde

144 1754 230 1805 ldeen
249 1754 279 1817 1’,
297 1756 323 1804 2.
340 1768 405 1818 pag.
418 1751 467 1821 99,
485 1753 531 1819 qni
544 1753 571 1802 h.
584 1752 603 1804 l.
618 1754 688 1805 indi·
739 1756 845 1806 demum
862 1753 932 1805 aliae
947 1754 983 1804 ad
1002 1761 1090 1805 terrae
1104 1770 1121 1804 a
1138 1754 1282 1804 Phoenici-

143 1823 204 1873 cari
221 1825 378 1888 suspicatur
395 1820 526 1872 lacertam
537 1820 687 1887 volantem,
737 1825 789 1875 bue
802 1824 977 1875 translatum.
1008 1824 1116 1889 Deque
1128 1840 1156 1875 re
1171 1828 1281 1874 monent

144 1908 216 1957 quae
235 1894 264 1942 in
282 1892 325 1942 hia
350 1892 508 1956 regionibus
525 1893 687 1958 reperiatur,
738 1909 846 1960 quoque
858 1895 889 1945 F.
903 1891 1074 1944 Mueller.
1092 1894 1135 1943 De
1148 1893 1222 1943 rebb.
1236 1893 1282 1943 Se·

142 1963 205 2012 aire
221 1963 357 2013 draconem
378 1965 500 2013 volantem
516 1963 614 2024 Linn.‚
641 1965 689 2028 qui
739 1965 810 2014 mitt.
832 1961 1071 2028 (Berolin.1831)
1092 1977 1118 2026 p.
1140 1964 1182 2014 57.
1197 1962 1232 2012 58
1255 1966 1282 2012 et

142 2047 212 2083 anne
223 2031 341 2081 iulndia
351 2030 480 2081 orientali
495 2035 523 2080 et
532 2030 626 2081 Africa
640 2032 689 2081 ho·
737 2030 1283 2095 Humboldt:KritiacheUntemnchungg.

142 2102 242 2166 dieque
253 2101 370 2152 occurrit
383 2104 411 2150 et
422 2100 495 2150 intra
505 2099 587 2165 pedes
599 2106 690 2165 poete-
739 2109 792 2152 etc.
806 2102 872 2160 (von
886 2101 986 2165 ldeler)
999 2102 1021 2162 l,
1035 2103 1061 2151 2.
1072 2116 1136 2166 pag.
1151 2100 1213 2152 313.
1230 2101 1283 2150 He·

141 2171 230 2221 rioree
248 2177 276 2220 et
296 2171 446 2221 anteriores
467 2170 573 2221 duabus
592 2171 689 2235 pennis
739 2172 831 2221 rodoti
844 2171 934 2221 locum
948 2171 1063 2236 respicit
1081 2170 1172 2222 Schol.
1193 2171 1222 2220 in
1237 2170 1284 2220 Ni·

143 2245 189 2291 eat
206 2240 366 2291 instructoe.
386 2238 508 2289 Plurima
527 2239 626 2290 Geren.
653 2239 690 2290 ad
740 2241 838 2292 candri
855 2240 1005 2291 Theriacc.
1023 2240 1084 2302 947,
1098 2242 1146 2291 ubi
1159 2240 1228 2293 hacc
1247 2238 1283 2289 le-

144 2310 228 2361 lcaai.
242 2310 315 2374 XIV,
330 2309 372 2360 29.
387 2323 448 2374 pag.
461 2308 522 2360 496.
534 2308 596 2361 497.
739 2314 854 2375 guntur:
867 2300 898 2359 έν
909 2307 949 2377 τῷ
978 2300 1243 2375 ’φησινἩρόδοτος
1253 2302 1283 2359 έν

178 2372 215 2428 τά
229 2372 265 2443 δὴ
281 2371 474 2445 ἀμυνομένους
486 2405 521 2414 -
535 2367 608 2428 οὕτω
627 2373 689 2443 δρέ-
734 2373 842 2447 Ἰνδικῇ
859 2377 931 2447 ζῷον
952 2325 1041 2443 edom,
1059 2365 1079 2427 δ’
1097 2380 1222 2431 καλεῖται
1241 2394 1282 2428 κι-

143 2445 273 2513 arcentio
285 2445 397 2513 κασίην]
416 2447 458 2498 Ad
469 2446 538 2498 haec
551 2447 690 2514 explican-
741 2441 874 2514 νάμωμον
886 2449 968 2515 (nic),
989 2439 1032 2498 ὅτι
1047 2442 1148 2499 καλιάν
1160 2452 1282 2500 ποιεῖται

143 2519 323 2582 daerente,
342 2518 689 2584 quaeinantecedentibua
741 2511 771 2570 έκ
797 2516 851 2568 τάν
880 2516 999 2585 καρφῶν
1028 2510 1076 2568 διά
1102 2512 1154 2585 τὴν
1181 2510 1282 2585 ὀδμὴν,

144 2594 324 2653 enarrantur,
334 2595 361 2639 et
372 2604 404 2640 ex
416 2589 467 2653 iia,
480 2604 550 2653 quae
560 2588 589 2638 in
598 2588 690 2654 proxi·
741 2579 814 2640 ὅθεν
823 2583 871 2638 καὶ
880 2601 1045 2653 κινάμωμον
1054 2590 1193 2640 καλεῖται·
1210 2584 1240 2640 οἱ
1252 2583 1283 2639 δέ

144 2676 190 2710 ure
204 2658 382 2725 sequentibus
396 2658 561 2720 afferuntur,
582 2674 644 2709 cum
657 2673 691 2710 ex
741 2652 772 2710 τὸ
784 2651 869 2720 ξύλον
882 2652 913 2707 τὸ
931 2653 1094 2721 κινάμωμον
1111 2651 1179 2708 oded
1195 2671 1284 2722 φασιν

143 2730 264 2781 aliorum
276 2728 435 2779 narratione
448 2729 539 2778 omnia
554 2729 691 2788 fluxerint,
742 2721 893 2794 εἰρηκέναι.
915 2726 1002 2778 Paulo
1019 2732 1083 2777 ante
1094 2743 1155 2778 oum
1167 2733 1283 2781 recontt.

144 2792 257 2863 λέγουσι
274 2798 318 2849 vel
336 2796 425 2848 simile
442 2797 507 2862 quid
523 2802 612 2849 mente
627 2797 692 2848 addi
742 2797 803 2849 edd.
814 2797 911 2861 ecripai
924 2789 1021 2845 οἰκότι
1033 2812 1082 2861 pro
1095 2796 1168 2862 vulg.
1187 2789 1284 2847 elud-

144 2885 228 2935 poaae
241 2869 375 2919 existimo.
392 2867 542 2930 Quodnam
556 2868 638 2929 abrit,
653 2869 693 2917 in·
742 2884 786 2919 τι.
803 2866 845 2916 Ad
860 2865 958 2916 verba:
971 2856 1056 2916 ὅκου
1068 2894 1103 2902 -
1117 2864 1221 2930 γίνεται
1236 2862 1283 2915 καὶ

144 2939 240 2991 aolena
253 2938 321 2990 haec
340 2945 477 2988 structura
492 2937 554 2987 viee
568 2942 611 2988 eat
622 2937 691 2987 virio
741 2931 764 3003 τ]
770 2951 822 2993 τις
835 2935 908 2987 conf.
919 2936 972 2997 ΙΙΙ,
983 2935 1025 2984 22.

147 3010 256 3072 doctis,
276 3008 378 3073 quippe
398 3007 428 3056 iu
445 3022 499 3071 qna
515 3008 691 3059 accurativna
777 2994 900 3070 ὄρνιθας
916 2996 947 3052 δέ
966 2997 1087 3069 λέγουσι]
1108 3003 1202 3054 Citant
1216 3003 1285 3054 haec

145 3096 210 3130 eum
234 3077 370 3128 infinitivo
390 3076 457 3127 nihil
477 3075 597 3140 habeat,
618 3077 692 3127 unde
741 3074 860 3142 Etymol.
884 3091 909 3139 p.
927 3075 993 3136 514,
1014 3075 1030 3124 2
1057 3080 1085 3125 et
1102 3073 1229 3123 Enetath.
1249 3073 1286 3123 ad

146 3150 282 3215 pendeat:
308 3149 401 3212 itaque
424 3145 582 3210 Bellienus,
613 3162 691 3212 quem
742 3147 857 3211 Dionys.
872 3144 976 3209 Perieg.
988 3142 1049 3196 999.
1065 3144 1142 3195 Suid.
1155 3159 1176 3195 e.
1187 3159 1212 3193 v.
1226 3159 1286 3192 κιν-

144 3218 274 3269 Dindorf.
288 3221 316 3268 et
326 3214 449 3266 Dietech.
461 3217 548 3266 aecnti
559 3221 632 3279 sunt,
645 3232 692 3266 vo·
742 3209 807 3279 νάμ.
840 3215 878 3264 Et
896 3213 968 3265 cons.
989 3229 1097 3280 quoque
1111 3211 1183 3265 Plin.
1198 3214 1233 3264 H.
1248 3214 1282 3265 N.

145 3288 240 3339 culam
249 3277 285 3352 δὴ
294 3286 395 3337 mutari
405 3284 493 3335 voluit
505 3286 534 3334 in
548 3283 606 3336 dri:
620 3285 691 3351 quod
742 3285 814 3347 ΧΙΙ,
827 3285 871 3360 19,
883 3285 925 3335 42.

145 3358 245 3409 merito
254 3357 350 3408 reiecit
362 3355 424 3406 Elin
438 3354 690 3418 (Quaeranllerodd.
776 3347 811 3403 τὰ
823 3350 947 3419 κάρφεα]
964 3351 983 3404 i.
999 3367 1021 3401 e.
1033 3356 1151 3417 polemo,
1168 3357 1287 3404 convolu-

146 3429 247 3478 laacic.
261 3428 298 3477 II.
318 3428 360 3476 int
383 3423 499 3476 Jahrbb.
516 3424 537 3476 f.
551 3424 651 3476 Philol.
664 3440 690 3475 n.
740 3432 902 3476 emesenum
923 3425 1055 3481 corticem,
1076 3437 1100 3472 e.
1121 3425 1206 3473 tenuia
1226 3424 1289 3486 ἱὶηκι·

144 3498 306 3562 Paedagog.
320 3493 414 3559 Suppl.
433 3494 492 3546 Vol.
505 3493 559 3545 1x.
576 3510 604 3559 p.
617 3492 691 3557 327),
739 3492 1289 3556 [neoto.Noardrinne,drtrrelleioer,utre·

145 3565 257 3618 sublaco
278 3563 426 3616 insolentia
443 3568 598 3614 atmoturae
616 3564 693 3615 naaci
742 3567 787 3614 cte
800 3563 998 3627 interpretatur
1008 3560 1165 3612 Schneider.
1178 3560 1206 3610 in
1219 3562 1285 3613 Lex.

145 3635 289 3688 insolitam
303 3633 467 3685 sententiam
478 3632 634 3696 affirmant,
653 3633 693 3682 ln·
744 3650 766 3684 a.
788 3648 815 3683 v.
834 3627 948 3696 κιννάμ.
968 3630 1051 3681 Plura
1072 3629 1127 3682 vid.
1152 3629 1179 3679 in
1205 3629 1287 3680 Thea.

145 3707 237 3772 deque
247 3707 306 3772 ipae
321 3705 355 3754 ob
365 3701 519 3753 Florentini
531 3703 589 3753 cod.
601 3708 693 3753 aucto·
743 3702 822 3766 Ling.
845 3701 942 3752 Graec.
964 3700 996 3751 T.
1019 3700 1066 3749 IV.
1090 3715 1154 3766 pag.
1175 3699 1225 3751 997
1245 3699 1287 3749 ed.

144 3777 275 3840 ritatem,
288 3775 336 3840 qui
347 3788 397 3839 pro
411 3765 526 3837 δρέπειν
537 3772 617 3823 affert
632 3765 693 3837 δρέ·
742 3770 871 3821 Dindorf.
883 3770 1073 3821 —Caeterum
1085 3767 1287 3819 hanelabulam

146 3860 210 3910 πει,
225 3845 367 3911 proponit:
380 3832 414 3890 τά
428 3833 465 3906 δὴ
477 3832 693 3907 άτιαμυνόμενος
744 3842 778 3891 de
788 3840 885 3890 avibus
901 3841 1101 3890 cinnamomum
1111 3837 1289 3888 afferentibus

144 3908 543 3981 -doduet,trnnaitumhunc
556 3927 693 3962 enumero
743 3926 791 3975 per
810 3910 1001 3975 antiquitatem
1025 3905 1169 3957 admodum
1193 3906 1289 3973 vulga-

146 3985 250 4051 plnrali
263 3984 299 4035 ad
317 3980 484 4047 singularem
499 3982 601 4032 Nostro
617 3980 693 4032 hand
743 3986 799 4030 tam
813 3980 899 4030 tuisne
911 3978 1076 4038 ostendunt,
1093 3991 1163 4041 quae
1178 3973 1289 4042 collegit

146 4055 288 4106 insolitum
310 4068 371 4104 eree
388 4050 506 4114 probaue
528 4066 560 4101 ex
573 4050 636 4102 aliie
653 4050 693 4102 lo·
741 4049 910 4101 Beckmann.
929 4048 964 4098 ad
980 4047 1109 4111 Antigon.
1128 4046 1237 4110 Carpat.
1256 4045 1290 4097 de

146 4127 202 4176 eia:
218 4119 691 4185 1,195.11,on.1v,22.172.v111‚
742 4118 862 4170 Mirabb.
887 4133 950 4183 pag.
967 4118 1010 4169 84.
1035 4116 1125 4180 Atque
1142 4115 1289 4167 etiamnum

147 4194 191 4246 98.
226 4196 287 4257 Qua
314 4196 407 4241 tamen
433 4189 622 4241 emendatione
646 4191 694 4241 vix
745 4188 821 4255 apud
839 4187 943 4238 incolae
961 4187 1140 4251 Taprobanen
1164 4185 1235 4236 hanc
1248 4202 1289 4237 re·

148 4280 218 4330 0pna
228 4265 290 4326 erit,
299 4262 324 4313 ai
333 4259 569 4311 meuteaddideria
577 4253 693 4324 λέγουσι.
744 4258 845 4323 periri,
871 4261 1008 4308 tentantur
1029 4257 1195 4308 recentiores
1216 4272 1290 4321 pere-

182 4458 214 4519 έν
225 4468 299 4517 τοῖσι
316 4454 332 4516 ὁ
345 4455 486 4524 Διόνυσος
499 4455 619 4532 ἐτράφη]
642 4465 694 4517 Ae·
745 4483 780 4519 ea
791 4468 927 4533 pertinere
947 4464 1073 4527 credam,
1092 4478 1163 4529 quae
1174 4462 1291 4513 Phoeni·
