3042 5125
339 427 405 488 An
425 400 1074 503 Hunouon'.111,noeur.rv,1a.
1213 429 1274 490 νον

136 624 192 670 tur.
222 617 277 669 Sed
306 617 372 668 haec
398 622 462 669 utut
488 624 569 684 sunt,
599 617 626 669 in
652 620 758 670 vetusti
779 617 861 670 testis
888 618 1052 671 auctoritate
1077 619 1217 671 nituntur:
1241 618 1273 670 il-

137 702 183 754 lud
205 701 232 753 in
255 701 314 753 sola
331 701 490 753 coniectura
511 702 630 770 positum
650 710 708 767 est,
731 702 807 773 quod
823 701 900 753 multi
923 701 1002 754 hodie
1017 703 1155 756 Boeckhio
1177 721 1271 773 praee·

139 792 204 838 unte
226 791 369 853 statuunt,
393 803 447 837 non
464 785 580 838 Athenis
601 787 650 839 sed
665 786 737 838 Sarni
752 787 922 840 Herodotum
941 787 970 838 in
986 786 1130 856 Sophoclis
1151 787 1273 840 notitiam

137 870 264 936 venisse3
280 887 334 939 qua
350 869 509 939 suspicione
525 869 621 925 nollem
639 871 799 924 Odofredus
817 870 970 924 Muellerus
986 872 1102 941 (Gesch.
1119 871 1146 923 d.
1159 872 1272 924 Griech.

137 955 225 1007 Liter.
243 954 279 1004 ll.
295 972 323 1022 p.
342 958 388 1007 lll
407 953 502 1024 seqq.)
518 971 606 1025 usque
623 955 690 1008 adeo
706 956 811 1009 abusus
827 962 917 1025 esset,
941 963 990 1021 ut,
1014 972 1097 1026 quum
1116 956 1273 1008 Boeclrhius
1300 976 1303 982 ·

137 1037 220 1108 (Abh.
239 1038 265 1090 d.
282 1038 355 1090 Berl.
373 1038 460 1090 Akad.
482 1040 556 1091 1824.
571 1058 599 1108 p.
614 1039 663 1107 50)
682 1056 716 1092 er
734 1059 766 1092 eo
784 1057 872 1105 anno,
895 1056 974 1109 quem
990 1039 1051 1109 ipse
1065 1039 1209 1109 Sophoclis
1225 1058 1273 1092 na-

137 1120 217 1175 talem
232 1121 331 1174 statuit
347 1125 398 1174 405
414 1140 438 1174 a.
452 1122 519 1174 Chr.
535 1140 573 1186 n.‚
589 1124 770 1193 computando
786 1124 820 1177 ad
835 1124 935 1177 bellum
944 1123 1061 1177 Samium
1075 1124 1274 1195 Sophoclisque

137 1212 295 1275 praeturam
309 1205 417 1258 delatus
436 1212 526 1275 esset,
549 1206 595 1259 ille
609 1208 730 1260 vicissim
749 1226 782 1261 ex
799 1208 921 1261 eiusdem
936 1208 1119 1276 expeditionis
1134 1225 1206 1261 anno
1222 1211 1274 1273 440

137 1308 162 1342 a.
171 1290 238 1343 Chr.
251 1290 471 1359 natalempoitae
484 1291 595 1344 allicere
608 1295 769 1345 conaretur!
787 1293 872 1362 Atqui
883 1291 1054 1345 Herodotum
1066 1292 1274 1345 Atheniensium

137 1374 368 1427 studiosissimum
384 1393 416 1427 eo
430 1380 566 1445 tempore,
583 1393 638 1448 quo
654 1376 737 1429 Samii
752 1378 786 1429 ab
801 1376 1019 1430 Atheniensibus
1035 1377 1206 1444 defecerunt,
1223 1395 1274 1431 nec

137 1478 188 1529 per
206 1478 236 1511 se
252 1459 382 1511 credibile
403 1465 447 1511 est
467 1460 495 1511 in
513 1460 562 1512 hec
577 1459 668 1513 insula
683 1466 822 1514 versatum
838 1479 899 1514 esse
915 1479 1004 1532 neque
1020 1460 1066 1512 illo
1081 1468 1194 1514 auctore
1209 1479 1273 1514 con-

137 1548 210 1610 stat3
232 1543 309 1597 immo
324 1543 476 1611 Lygdaruin
497 1551 660 1614 tyrannum,
684 1546 764 1598 cuius
779 1545 889 1598 insidiis
908 1545 982 1598 illurn
998 1545 1196 1598 Halicarnasso
1213 1546 1273 1616 pul-

138 1645 197 1681 sum
218 1628 291 1681 Sami
312 1627 440 1680 exulasse
460 1627 561 1680 Suidas
583 1629 711 1697 tradidit,
734 1629 776 1681 vel
797 1629 963 1697 Panyasidis
984 1636 1077 1697 aetus,
1101 1647 1180 1701 quem
1203 1630 1272 1682 idem

138 1712 210 1765 circa
225 1716 277 1767 468
294 1712 437 1766 florentem
458 1712 571 1780 occidit,
594 1731 681 1783 paene
702 1713 818 1781 triginta
837 1714 919 1765 anuis
940 1719 1004 1782 post
1024 1720 1184 1782 regnantem
1199 1715 1273 1781 cogi-

138 1797 190 1849 tari
209 1802 299 1864 retat3
322 1796 396 1869 quod
417 1796 472 1849 ulai
492 1796 559 1849 ruiro
575 1799 704 1849 fortunae
720 1796 839 1850 ludibrio
856 1797 986 1850 hominem
1002 1802 1066 1866 post
1081 1797 1178 1865 longas
1193 1816 1272 1867 pere-

137 1881 324 1950 grinationum
337 1881 464 1949 ambages
474 1881 582 1934 θειιιιιιιι
596 1898 737 1935 reversum
751 1882 780 1933 in
795 1881 885 1951 ipsius
901 1882 1054 1933 obsidionis
1069 1882 1214 1934 discrimen
1231 1882 1273 1934 in-

138 1966 240 2018 cidisse
254 1966 358 2035 placet,
381 1965 464 2018 multo
480 1965 578 2034 opinor
593 1965 744 2034 simplicius
759 1965 883 2018 historici
899 1982 960 2017 curn
974 1965 1079 2033 tragico
1096 1983 1273 2034 congressum

138 2051 167 2103 in
190 2050 276 2120 ipsam
299 2050 382 2103 huius
404 2050 534 2119 patriam,
557 2050 679 2103 Athenas
700 2052 908 2107 transferemus.
941 2050 1021 2101 Hanc
1042 2058 1116 2102 certe
1131 2049 1174 2102 vel
1192 2058 1273 2102 antea

138 2134 308 2187 Herodotum
327 2134 460 2186 inrisisse
480 2141 507 2185 et
521 2134 662 2187 Eusebius
683 2140 818 2201 testatur,
840 2134 889 2205 qui
910 2151 969 2187 eum
989 2135 1040 2186 iarn
1061 2133 1105 2186 Ol.
1121 2133 1272 2202 Lxxxm,

139 2221 265 2273 3:4⁴6
279 2236 304 2270 a.
322 2217 388 2271 Chr.
406 2236 433 2270 n.
449 2218 535 2270 libros
550 2235 618 2271 suos
636 2219 751 2271 Athenis
766 2219 899 2272 recitasse
919 2218 1005 2271 tradit
1025 2224 1053 2270 et
1072 2218 1215 2287 biographi
1229 2236 1272 2270 ar-

139 2309 244 2371 guunt,
262 2302 310 2373 qui
326 2302 514 2369 Thucydidem
529 2318 640 2374 quoque
655 2305 705 2373 (cl.
722 2304 874 2357 Marcellin.
890 2303 946 2354 Vit.
964 2302 1122 2371 Thucydid.
1137 2303 1185 2370 54)
1208 2302 1272 2355 ado·

141 2387 321 2440 lescentulum
342 2387 458 2459 (κομιδῇ
478 2385 541 2441 νέον
555 2380 625 2441 ὄντα
640 2387 720 2441 Phot.
745 2388 818 2441 Bibl.
840 2388 889 2455 60)
909 2387 1049 2440 recitatam
1071 2387 1140 2441 illam
1161 2386 1272 2439 audisse

140 2477 268 2538 narrent3
285 2471 359 2542 quod
374 2477 405 2523 ut
420 2478 448 2523 et
462 2471 551 2541 ipsum
563 2471 678 2524 Athenis
694 2472 787 2541 potius
802 2488 884 2543 quam
901 2489 960 2528 cum
974 2472 1060 2525 Suida
1074 2472 1217 2541 Olympiae
1231 2473 1272 2524 la-

140 2565 211 2609 ctum
226 2574 289 2609 esse
305 2556 446 2625 suspicer,
468 2554 592 2609 sublesta
605 2556 722 2609 Luciani
738 2557 888 2610 auctoritas
909 2556 1009 2625 eflicit,
1032 2557 1105 2610 unde
1120 2574 1204 2628 quum
1220 2574 1273 2609 om-

140 2642 184 2693 nis
200 2640 357 2710 Olympicus
378 2640 548 2693 recitationis
572 2641 641 2693 fides
661 2641 794 2710 pendeat,
817 2640 1007 2716 fideiussorem
1031 2649 1141 2710 praeter
1162 2640 1272 2693 Suidam

140 2725 213 2777 inter
228 2726 359 2796 antiquos
374 2725 507 2777 neminem
523 2726 619 2792 habet,
632 2733 730 2796 estque
742 2724 827 2792 adeo,
844 2725 891 2794 qui
908 2726 1042 2778 recitasse
1057 2724 1200 2795 Olympiae
1214 2725 1271 2777 He—

140 2808 265 2862 rodotum
282 2809 363 2861 claris
377 2809 470 2862 verbis
485 2816 569 2878 neget
582 2809 781 2880 (Paroerniogr.
795 2808 922 2877 Gotting.
939 2809 961 2861 1.
979 2828 1007 2878 p.
1025 2812 1090 2863 40οε
1105 2805 1207 2862 ἔλαθεν
1221 2798 1273 2863 οὖν

139 2887 227 2947 αὐτὸν
239 2895 404 2948 διαλυθεῖσα
417 2887 435 2962 ἡ
451 2888 606 2964 πανήγυρις
623 2886 674 2948 οὐκ
690 2886 900 2962 ἐπιδειξάμενον
913 2886 962 2955 τὰς
979 2890 1128 2964 irreptus),
1144 2893 1205 2945 sire
1220 2892 1271 2961 igi-

140 2987 187 3031 tur
201 2978 389 3046 Thucydidem
411 2996 470 3032 cum
485 2977 645 3031 Marcellino
667 2995 691 3030 a.
708 2981 760 3032 460
774 2995 799 3030 a.
816 2977 882 3031 Chr.
899 2996 926 3029 n.
942 2983 1034 3031 natum
1054 2977 1217 3043 statuimus,
1238 2977 1272 3030 ad

141 3062 256 3115 eundem
271 3065 345 3132 sere,
363 3080 442 3133 quern
458 3062 597 3116 Eusebius
613 3062 726 3129 statuit,
747 3060 854 3115 Atticae
869 3061 1039 3115 recitationis
1055 3079 1156 3115 annum
1170 3061 1272 3115 deferi-

140 3163 216 3214 mur,
239 3147 299 3200 sive
322 3164 382 3199 cum
397 3147 535 3217 Pamphilo
559 3146 632 3215 apud
647 3145 766 3199 Gellium
779 3146 845 3216 XV,
865 3150 898 3202 23
919 3147 953 3200 ad
974 3163 998 3199 a.
1019 3150 1068 3199 471
1092 3146 1272 3216 regredimur,

141 3232 221 3284 etiam
244 3231 326 3284 latius
349 3232 480 3300 temporis
501 3234 620 3302 spatium
640 3230 838 3298 nanciscimur,
860 3231 933 3284 intra
953 3231 1028 3303 quod
1050 3231 1093 3283 rel
1111 3230 1272 3284 adolescens

141 3315 250 3368 Atticus
264 3315 399 3368 Herodoti
416 3316 553 3368 suavitate
569 3315 716 3370 demulceri
737 3316 781 3369 vel
804 3315 915 3369 adultus
937 3315 1057 3368 eiusdem
1073 3316 1273 3369 consuetudine

142 3401 247 3470 perfrui
261 3400 396 3470 potuerit3
421 3418 510 3471 neque
526 3401 674 3472 quidquam
691 3401 797 3467 obstat,
822 3400 969 3470 quominus
987 3399 1069 3453 atilli
1084 3400 1180 3467 generi
1195 3400 1271 3451 Thu·

140 3484 280 3552 cydidem,
302 3483 341 3536 ita
355 3484 418 3537 huic
434 3483 592 3555 Sophoclem
611 3501 835 3549 annumeremus,
858 3501 938 3553 quem
961 3483 1102 3536 duodecim
1119 3484 1176 3534 fere
1190 3482 1272 3534 annis

140 3566 430 3622 Herodoto'maiorem
452 3569 524 3621 circa
543 3567 614 3620 idem
635 3574 757 3637 tempus,
781 3584 836 3636 quo
853 3566 925 3619 hunc
941 3567 1031 3636 patria
1049 3566 1185 3618 excidisse
1200 3565 1273 3618 docti

141 3654 274 3720 credunt,
289 3670 315 3705 a.
331 3656 382 3706 408
397 3653 500 3722 primae
515 3651 712 3705 commissionis
730 3650 871 3703 victoriam
889 3658 1047 3719 reportasse
1060 3654 1177 3701 constat.

226 3737 263 3788 At
273 3737 315 3789 his
332 3738 456 3790 omnibus
473 3736 572 3806 positis
590 3741 618 3789 et
633 3734 773 3788 concessis
789 3735 887 3805 ecquid
903 3735 967 3786 inde
982 3735 1015 3787 ad
1030 3732 1174 3803 Sophoclis
1189 3740 1273 3786 artem

141 3820 185 3873 vel
201 3820 405 3875 existimandam
421 3821 464 3875 vel
482 3820 666 3890 explicandam
681 3819 840 3872 lucramur?
861 3837 895 3871 an
915 3825 959 3871 est
979 3818 1053 3888 qnod
1075 3818 1118 3869 hic
1134 3817 1167 3869 ab
1183 3818 1272 3870 Hero-

141 3906 206 3957 doto
226 3910 274 3957 aut
294 3905 425 3959 didicisse
446 3913 494 3958 aut
513 3904 548 3957 ad
569 3904 721 3958 fabularum
740 3920 851 3956 suarum
868 3907 1024 3955 ornamenta
1037 3901 1215 3955 transtulisse
1233 3901 1273 3954 vi·

142 3989 201 4041 deri
217 3990 328 4059 possiti
350 3991 423 4042 Sunt
443 3989 538 4058 utique
554 3989 627 4058 apud
644 3987 818 4059 Sophoclem,
842 4004 912 4058 quae
927 3986 1061 4039 Herodoti
1083 3985 1210 4038 lectorem
1226 3984 1273 4037 ad·

142 4078 254 4125 vertant
268 4080 296 4126 et
313 4073 389 4126 velut
406 4073 477 4126 ultro
491 4073 525 4125 ad
540 4074 767 4142 comparationem
785 4089 843 4125 cum
860 4070 906 4123 illo
920 4070 1116 4123 instituendam
1131 4077 1273 4122 moveam:
1354 4069 1363 4086 ‘

141 4174 198 4226 quo
220 4175 254 4209 er
274 4175 377 4226 genere
396 4158 473 4210 multi
490 4157 541 4209 iarn
562 4157 695 4210 Herodoti
717 4157 873 4210 testimonio
894 4155 938 4222 ll,
959 4157 993 4209 35
1017 4154 1062 4208 usi
1081 4155 1195 4207 suntad
1210 4152 1273 4206 illu-

141 4242 255 4293 stranda
271 4241 371 4310 Oedipi
387 4240 502 4295 Colonei
516 4241 601 4294 rerba
615 4258 641 4293 r.
657 4243 723 4296 3372

284 4353 286 4358 .
343 4315 466 4379 uinoivv'
481 4319 576 4379 iustum
590 4329 650 4387 τοῖς
666 4319 696 4378 ἐν
715 4319 843 4396 Αἰγύπτῳ
858 4318 955 4392 νόμοις

343 4404 430 4477 φύσιν
446 4406 659 4464 κατεικασθέντε
673 4406 721 4461 καὶ
733 4409 794 4479 βίον
806 4402 912 4476 τροφάς
926 4426 953 4460 ν.
965 4424 990 4459 ν.
1005 4409 1029 4458 l.

140 4491 241 4563 Neque
256 4491 357 4562 Oedipi
371 4494 483 4562 tyranni
497 4501 616 4546 extrema
631 4511 658 4544 r.
675 4495 743 4547 1528
757 4491 850 4559 legere
864 4491 1009 4560 quisquam
1022 4488 1133 4558 poterit,
1149 4486 1215 4556 quin
1230 4503 1273 4538 ce-

1018 4580 1087 4644 45*
