3042 5125
417 385 740 449 Mssnpolrutiu.
763 385 818 444 IV.
841 395 879 449 19.
902 396 945 450 20.
1185 386 1246 450 329

125 584 177 649 τοῦ
186 580 314 668 Γέρρου
330 582 435 648 ταῦτα
450 577 491 668 δὴ
504 578 545 648 τὰ
557 573 745 664 καλεύμενα
756 574 918 666 Bousirites
935 579 1021 664 ἐστι,
1043 581 1099 650 καὶ
1111 578 1248 651 Σκύθαι

125 688 154 753 oi
163 681 289 772 ἄριστοί
298 711 335 752 τε
355 685 412 753 καὶ
426 693 574 754 πλεῖστοι
581 738 591 772 ,
612 679 759 762 καὶτοὺς
772 678 893 761 ἄλλους
906 691 1093 772 νομίζοντες
1107 684 1248 765 Σκύθας

126 785 254 868 δούλους
268 790 448 876 σφετέρους
462 788 557 858 εἶναι.
594 780 775 873 κατήκουσι
791 786 827 854 dl
847 776 939 854 οὗτοι
960 784 996 855 τὸ
1012 788 1074 876 μὲν
1094 787 1176 877 πρὸς
1189 816 1245 878 με·

124 900 280 981 σαμβρίην
295 895 329 970 ἐς
343 889 405 982 τὴν
423 890 593 982 Ταυρικὴν
601 946 610 978 ,
633 891 670 961 τὸ
692 894 728 962 dl
741 887 824 982 πρὸς
837 886 887 979 ἠοῖ
905 893 962 959 ἐπί
972 918 1007 959 τε
1021 890 1166 982 τάφρον,
1187 890 1248 983 τὴν

125 993 159 1083 clip
181 1000 213 1065 oi
231 999 270 1064 ἐκ
291 1000 358 1064 τῶν
377 1001 516 1084 τυφλῶν
533 995 707 1087 γενόμενοι
729 993 878 1086 ὄρυξαν,
903 995 960 1063 καὶ
981 996 1035 1065 ἐπὶ
1054 1000 1110 1083 τῆς
1131 1004 1248 1086 λίμνης

123 1103 172 1188 τῆς
184 1097 373 1187 Μαιήτιδος
394 1099 431 1170 τὸ
452 1101 631 1190 ἐμπόριον,
655 1099 692 1170 τὸ
712 1104 864 1171 καλέεται
879 1105 1047 1188 Κρημνοί·
1079 1098 1120 1168 τὰ
1136 1101 1172 1169 dl
1187 1098 1247 1169 αὖ·

122 1266 657 1335 buneipsumadsuperioremBorystbe-
706 1270 809 1320 bitesse
832 1271 913 1334 putet
933 1267 996 1318 inde
1017 1282 1034 1317 e
1053 1266 1178 1319 Crimaea
1200 1284 1248 1318 uo-

122 1339 160 1386 uis
177 1353 284 1388 cursum
303 1339 487 1402 quaerendum
509 1356 569 1391 esso
587 1340 656 1390 setis
706 1344 765 1389 stro.
777 1338 923 1389 adTauais
931 1341 1029 1402 ripum,
1039 1338 1101 1388 dein
1113 1340 1185 1388 intra
1195 1339 1249 1388 Tu·

123 1422 166 1457 nos
182 1408 281 1458 dooere
297 1409 413 1472 poterit,
439 1414 567 1475 recteque
593 1411 657 1460 inde
706 1407 1188 1473 neiuetwolgemueqneadurbem
1198 1409 1250 1459 Sa·

124 1479 195 1527 etism
209 1478 427 1544 Heeren(1deen
440 1481 463 1542 1,
477 1481 501 1530 2.
517 1495 578 1545 ρας.
593 1478 657 1543 275)
706 1483 808 1530 ratow:
837 1493 904 1544 quas
928 1477 1036 1529 eosdem
1059 1483 1147 1530 terras
1169 1478 1249 1543 longe

124 1547 208 1597 Gerrhi
221 1548 374 1613 regionem,
389 1565 459 1615 quae
471 1551 526 1613 Ν,
540 1550 573 1601 53
586 1564 657 1600 com·
706 1554 770 1615 post
782 1563 891 1599 auream
905 1548 1017 1610 tribum,
1037 1563 1107 1612 quae
1124 1552 1249 1612 vocatur,

124 1623 296 1681 memoratur,
321 1616 358 1668 sd
380 1622 548 1683 superiorem
574 1620 658 1684 Bory-
708 1619 861 1671 obtinuisse
877 1617 961 1668 addit.
974 1643 1009 1653 -
1031 1617 1065 1668 In
1083 1619 1150 1682 ipsis
1163 1618 1251 1668 Hero·

123 1687 236 1738 sthenem
252 1688 347 1753 quaeri
361 1689 429 1739 vult.
460 1689 503 1740 Tu
516 1690 572 1742 vid.
588 1693 657 1740 nott.
707 1690 765 1740 doti
784 1688 875 1739 verbis
893 1686 965 1752 quod
983 1691 1047 1751 post
1066 1682 1114 1736 καλ
1133 1678 1249 1736 Σκύθαι

124 1758 152 1807 od
164 1759 210 1821 IV,
226 1757 271 1809 53.
707 1756 811 1811 Mehler
831 1758 859 1807 in
876 1757 1045 1820 Mnemosyn.
1059 1757 1093 1807 V.
1111 1773 1138 1821 p.
1157 1756 1190 1806 16
1209 1757 1251 1806 iu-

708 1830 763 1881 seri
782 1826 842 1879 uult
865 1819 895 1875 oi
915 1820 1072 1894 βασιλήιοι,
1094 1826 1123 1876 16
1141 1825 1249 1891 quidem

316 1929 373 1981 0ss
396 1932 447 1982 XX
708 1896 783 1950 haud
792 1897 902 1948 videtur
914 1897 1112 1957 necessarium
1127 1911 1177 1947 uec
1186 1894 1251 1946 libri

374 1968 382 1982 ⁴
448 1968 456 1983 ⁰
710 1969 808 2030 scripti
819 1966 960 2017 addicunt.

152 2033 236 2084 ταῦτα
251 2025 288 2099 δὴ
304 2026 338 2084 rol
354 2026 510 2100 καλεύμενα
522 2025 659 2099 Βασιλήϊᾰ
742 2032 775 2088 ab
787 2030 819 2086 dl
832 2027 905 2101 πρὸς
916 2025 969 2101 ἠῶ]
986 2032 1028 2088 cf.
1042 2034 1096 2097 IV,
1112 2033 1145 2085 18
1158 2034 1251 2100 ibique

124 2094 184 2168 ἔστι]
213 2103 382 2170 Intelligitur
405 2120 439 2156 ea
462 2105 550 2170 regio,
577 2120 659 2170 quam
708 2113 779 2160 nott.
811 2107 949 2170 Defessa,
967 2119 1048 2170 quem
1061 2109 1252 2155 commemorat

123 2179 195 2239 reph,
219 2175 266 2240 qui
283 2178 432 2237 vocentur,
457 2177 567 2241 Scythae
588 2174 659 2225 obti-
708 2179 824 2238 Noster,
841 2175 957 2226 diximus
967 2174 1002 2224 ad
1010 2174 1058 2237 Ν,
1069 2173 1181 2226 3.-Ιο
1191 2189 1252 2239 pro-

123 2249 195 2304 nent,
213 2244 247 2296 de
261 2245 359 2310 quibus
372 2246 444 2295 coni.
457 2246 510 2305 Ν,
525 2245 551 2296 6.
586 2243 657 2295 Add.
709 2249 780 2299 xime
793 2261 925 2311 seqq.pro
936 2234 1252 2308 ΜαιήτιδοςΜοᾶίοοοε,

123 2313 392 2366 Tuschuck.chel.
406 2315 469 2375 11,1
483 2318 659 2379 nottexegg.
677 2359 682 2366 .
709 2318 758 2368 alii
778 2316 907 2368 exhibent
924 2309 1098 2371 Μαιώτιδος.
1139 2316 1181 2365 Tu
1196 2314 1253 2367 vid.

123 2398 179 2448 pag.
191 2383 224 2433 53
238 2399 294 2449 seq.
308 2382 369 2437 Vol.
381 2384 432 2434 Ill.
442 2385 473 2436 P.
484 2385 521 2435 11.
548 2384 661 2434 AcNie·
709 2393 779 2438 nott.
792 2387 826 2438 ad
839 2387 887 2445 IV,
902 2386 927 2437 3.

124 2452 194 2503 bubr.
216 2453 386 2505 Vermiscbte
412 2453 478 2505 hist.
499 2453 612 2505 Schriit.
635 2452 658 2503 Ι.
747 2454 890 2523 Κρημνοί]
908 2453 949 2505 Oi.
965 2453 1013 2515 IV,
1027 2454 1091 2516 116,
1105 2455 1152 2505 ubi
1164 2454 1200 2504 ed
1214 2453 1254 2504 di-

124 2538 181 2588 psg.
199 2521 251 2575 666
271 2522 318 2574 bic
335 2524 509 2589 cogitandum
528 2528 609 2589 putet
626 2522 660 2574 de
709 2528 811 2579 tionem
823 2528 971 2592 Scytharum
986 2524 1120 2576 liberemur
1131 2524 1184 2576 hoc
1201 2540 1255 2576 em·

125 2593 227 2659 regione
247 2593 374 2645 orientali
387 2593 569 2655 desertorum.
589 2609 660 2659 quae
711 2600 817 2664 perium
830 2594 995 2662 pertinuisse
1007 2593 1116 2644 dieitur.
1138 2596 1255 2658 Deipsa

125 2667 183 2713 sunt
193 2665 266 2714 circa
279 2663 393 2714 fluvium
403 2664 509 2716 Donetz
523 2662 557 2713 sd
567 2665 662 2715 Maeo—
711 2684 779 2719 voce
797 2666 870 2716 coni.
884 2662 1003 2726 Hesycb.
1022 2679 1045 2713 s.
1065 2678 1091 2713 v.
1104 2664 1142 2714 11.
1162 2679 1189 2728 p.
1203 2663 1255 2714 345

125 2732 204 2783 tidem
229 2748 316 2798 usque
339 2738 465 2799 porrecte
491 2737 610 2799 itemque
631 2734 661 2783 in
712 2738 754 2789 ed.
775 2736 878 2787 Albert.
914 2731 994 2784 Unde
1018 2731 1122 2796 differt,
1148 2734 1254 2797 opinor,

126 2803 323 2866 ipsa'l'eurics.
352 2802 433 2853 Illum
453 2805 523 2854 euim
538 2804 660 2865 fluvium,
713 2808 883 2864 menemus,
912 2803 989 2853 ouius
1005 2801 1112 2852 Plinius
1133 2803 1256 2854 meminit
1300 2840 1304 2847 .

126 2873 158 2923 sb
173 2873 273 2923 oriente
287 2873 464 2936 Borysthenis
481 2873 661 2933 delabentem,
711 2877 748 2926 H.
759 2878 793 2927 N.
808 2875 856 2936 IV,
870 2874 902 2924 12
912 2871 980 2935 (26).
1007 2871 1046 2920 Ae
1061 2871 1170 2923 videtur
1179 2872 1256 2921 Man·

127 2958 185 2992 cum
204 2942 388 3008 Olbiopolitae
409 2959 457 3008 pro
480 2942 661 3010 Borysthenis
712 2950 791 2996 nerto
806 2946 855 2995 IV.
869 2959 895 3008 p.
908 2941 942 2992 84
955 2957 1010 3007 seq.
1032 2941 1072 2991 ita
1090 2942 1200 2992 omniuo
1217 2942 1258 2992 Ιο-

128 3011 264 3064 habuerint
281 3013 408 3076 brachio,
434 3013 517 3064 facile
531 3013 595 3064 oriri
614 3029 663 3079 po·
712 3032 761 3068 cus
779 3015 865 3066 fuisse
882 3010 1035 3076 appellatus
1055 3025 1184 3075 saxosus,
1210 3011 1257 3076 qui

129 3082 210 3133 tuisse
219 3098 350 3145 errorem,
366 3084 407 3133 ita
423 3088 454 3134 ut
467 3084 594 3145 fluvium,
615 3082 663 3148 qui
714 3086 762 3136 ubi
776 3099 871 3134 revers
881 3081 974 3143 inerit,
985 3082 1032 3130 vix
1044 3082 1199 3134 accuratius
1211 3082 1258 3132 de·
1306 3136 1308 3139 ,

131 3166 218 3202 revera
242 3156 270 3203 in
286 3153 395 3203 Tanain
416 3168 446 3204 se
467 3152 610 3216 infundat,
635 3152 664 3202 in
714 3155 871 3214 finiendum,
881 3153 934 3202 uisi
948 3150 1020 3217 quod
1031 3166 1115 3217 prope
1125 3150 1258 3201 Calmium

131 3221 245 3272 Maeotin
264 3223 338 3274 crire
362 3225 495 3287 putarint.
532 3223 600 3274 Cum
623 3238 665 3273 re·
716 3225 826 3276 fluvium
845 3222 931 3273 fuisse
949 3220 1035 3271 videri
1055 3225 1175 3273 statues.
1197 3222 1259 3270 Rit-

131 3291 228 3355 giorum
238 3292 400 3359 Scytharum
418 3295 507 3356 terre,
526 3309 607 3359 quam
622 3308 664 3343 se-
716 3300 767 3347 ter.
786 3291 925 3360 (Verballe
943 3308 1005 3357 peg.
1024 3290 1086 3355 156)
1104 3292 1132 3341 in
1149 3291 1258 3341 uuiver-

133 3362 304 3435 ptentrionem
326 3378 421 3414 versus
447 3364 586 3429 excipiunt
610 3364 666 3413 Me·
716 3381 776 3417 snm
800 3363 903 3414 reddit:
928 3364 969 3413 die
987 3362 1108 3426 Klippen.
1145 3361 1260 3411 Omnem

133 3429 289 3495 laucblaeni‚
305 3436 382 3483 trans
395 3432 527 3483 Gerrbum
544 3431 575 3497 (i.
592 3449 617 3484 e.
631 3433 664 3483 ub
717 3435 789 3486 enim
812 3449 886 3484 orem
913 3431 1153 3496 septentrionalem
1175 3432 1259 3482 maris

135 3500 230 3552 edente
246 3502 354 3567 Gerrbi)
372 3503 519 3553 extendere
537 3518 570 3553 ac
588 3502 666 3553 meri·
716 3504 830 3555 Asovici
838 3501 1104 3566 valdepraecipitem
1113 3517 1182 3561 esse,
1190 3501 1260 3551 adeo

137 3569 198 3619 diem
224 3588 326 3624 versus.
344 3587 432 3637 usque
460 3572 496 3623 ad
517 3572 666 3623 Tauricam
716 3578 747 3624 ut
759 3571 899 3639 Κρημνῶν
910 3588 1006 3623 nomeu
1017 3571 1051 3620 ad
1064 3570 1187 3637 quamvis
1201 3570 1260 3621 eius

137 3639 287 3708 Tanainque
303 3643 415 3693 fluuium
428 3644 560 3693 orientem
569 3657 665 3693 versus
717 3648 821 3709 purtem
831 3641 1073 3694 commoderelerri
1083 3641 1261 3705 pluribusque

137 3711 260 3772 pertinere
272 3711 390 3775 dicatur,
402 3713 435 3763 de
445 3713 601 3779 regionibus
611 3727 667 3762 ma·
717 3713 784 3764 locis
800 3713 885 3763 tribui
899 3713 1001 3775 possit,
1016 3710 1138 3774 pluribus
1154 3725 1261 3775 quoque

138 3779 174 3843 gis
185 3783 393 3846 septentrionem
405 3798 500 3834 versus
517 3783 579 3833 sitis
592 3783 666 3847 cogi·
717 3783 844 3845 exposuit
862 3781 981 3832 Kolster.
1005 3779 1035 3843 (l.
1056 3778 1075 3831 l.
1098 3781 1132 3829 T.
1150 3779 1215 3829 XII.
1233 3796 1259 3843 p.

138 3850 236 3901 tendum
254 3851 378 3916 videtur,
403 3851 438 3902 ad
459 3868 527 3918 quas
544 3854 619 3913 ipses
639 3855 667 3902 et
717 3853 769 3904 623
782 3849 863 3915 seq),
878 3851 925 3915 qui
935 3852 994 3915 ipse
1003 3848 1055 3898 hoc
1067 3851 1212 3913 emporium
1227 3849 1261 3898 ud

139 3917 221 3970 Gerrhi
231 3922 368 3987 regionem
381 3922 545 3974 etGerrhum
556 3922 667 3972 fluvium
717 3920 930 3986 promontorium
959 3920 1160 3970 Wiaearionoma
1179 3918 1262 3968 situm

139 3990 260 4050 pertinere
272 3993 426 4043 monuimus
438 3991 473 4041 ad
482 3993 530 4054 Ν,
543 3992 576 4042 le
585 3996 613 4042 ct
624 3991 667 4053 53,
718 3992 805 4043 inisse
815 3988 969 4050 contendit3
984 3988 1112 4038 Liudner.
1126 3987 1145 4038 l.
1159 3987 1177 4036 Ι.
1192 4004 1218 4051 p.
1229 3990 1262 4039 57

139 4058 235 4112 reiectis
254 4077 347 4113 eorum
364 4062 524 4120 sententiis,
544 4063 590 4126 qui
603 4062 668 4112 Ger·
720 4063 753 4113 de
772 4061 972 4126 promontorio,
996 4058 1041 4109 cui
1063 4073 1160 4108 nornen
1181 4060 1263 4112 Ferie-

139 4124 205 4179 rhum
223 4132 252 4181 in
269 4132 427 4196 regionibus
445 4130 668 4181 meridionalibus
719 4142 798 4191 tama,
820 4132 938 4195 cogitat,
960 4129 1029 4195 quod
1047 4144 1108 4179 oum
1126 4128 1155 4177 in
1173 4129 1264 4180 insula

139 4211 220 4250 versus
237 4202 321 4253 meris
339 4216 414 4252 oram
434 4201 554 4252 extensis
576 4201 670 4266 quaeri
720 4203 888 4263 invenietur,
906 4200 959 4252 huc
976 4198 1071 4250 referri
1086 4214 1166 4263 posse
1181 4204 1265 4261 negat

138 4266 223 4319 solunt
237 4271 355 4337 indeque
374 4271 457 4322 etiam
477 4271 510 4321 de
533 4271 669 4335 regiorum
720 4271 844 4329 Kolster.
860 4271 906 4337 qui
917 4270 969 4322 boc
984 4270 1133 4335 emporium
1148 4267 1264 4319 ulterius

52 4332 54 4379 l
138 4335 288 4402 Scytharum
309 4342 421 4392 sedibus
442 4340 522 4391 aliter
537 4341 669 4402 sentiunt,
719 4356 814 4392 versus
840 4342 943 4392 'ianuis
974 4340 1046 4390 ostia
1076 4338 1264 4390 collocandum

138 4410 164 4455 ut
174 4409 285 4462 Kolster.
296 4410 315 4463 1.
330 4427 413 4476 supra
427 4409 447 4459 l.
464 4426 528 4476 pag.
539 4409 574 4461 32
585 4416 670 4476 atque
721 4427 781 4462 esse
799 4414 958 4476 putaverat,
985 4408 1057 4459 haud
1078 4408 1158 4458 aliter
1179 4412 1263 4471 etque

137 4472 239 4531 Heuson
250 4496 276 4548 p.
284 4482 328 4547 47,
340 4482 387 4550 qui
398 4480 612 4548 regiosScythas
622 4481 669 4531 ha·
719 4481 855 4532 Meunert.
871 4480 900 4547 (l.
914 4481 932 4530 l.
947 4495 974 4544 p.
988 4477 1047 4544 14),
1064 4478 1111 4543 qni
1125 4492 1209 4542 prope
1221 4491 1264 4525 ur-
