3042 5125
410 338 877 402 Mm1.P0M1sNu.1v.5s.
900 336 944 400 54.

1177 340 1238 399 415

220 529 311 601 Marci
340 531 375 600 di
395 531 535 611 τούτους
560 532 706 619 πέμπτος
733 527 878 619 ποταμὸς
898 526 1014 616 ἄλλος,
1044 533 1092 622 τῷ
1119 526 1247 618 οὕνομα
1255 536 1295 596 54

121 628 336 723 junctissime.
371 638 439 724 ῥέει
460 635 496 703 δὲ
519 636 575 704 καὶ
598 623 695 713 οὗτος
715 629 781 702 ἀπὸ
798 635 907 721 βορέω
927 660 961 702 rs
982 634 1039 702 uoci
1063 636 1100 702 ἐκ
1119 640 1247 721 λίμνης,

133 741 178 807 aot
199 736 232 808 τὸ
258 736 377 827 μεταξὺ
402 738 523 808 τούτου
547 764 583 806 τε
609 739 665 806 καὶ
691 740 752 805 τοῦ
772 740 1002 824 Βορυσθένεος
1031 738 1189 825 νέμονται
1217 741 1253 805 οἱ

132 843 254 930 γεωργοὶ
267 841 420 911 Σκύθαι·
451 845 580 912 ἐκδιδοῖ
600 840 637 909 δὲ
658 843 691 919 ἐς
705 836 766 927 τὴν
778 835 930 927 Ὑλαίην,
955 837 1249 928 παραμειψάμενος

305 1060 372 1114 Gsr.
390 1060 463 1112 LIV.

156 1176 268 1245 τέρατος
276 1171 401 1247 ποταμὸς
410 1167 504 1245 ἄλλος]
516 1167 598 1237 ἄλλος
607 1195 657 1230 un·

133 1251 199 1300 meris
207 1251 245 1301 sic
252 1251 375 1317 iungitur
384 1252 408 1314 I,
420 1251 479 1302 197.
494 1248 581 1301 Affert
589 1250 656 1300 Lar·

133 1319 315 1387 cherdesohyl.
324 1321 353 1372 S.
361 1337 384 1371 c.
395 1319 447 1371 Th.
453 1320 514 1374 488.
527 1319 656 1386 Sophocl.

132 1389 207 1455 harig.
222 1390 293 1442 1304.
306 1391 401 1455 Enrip.
416 1389 510 1456 Suppl.
523 1391 585 1441 871.

158 1491 191 1560 τῷ
211 1481 314 1559 οὕνομα
332 1485 530 1559 Παντικάπης]
556 1493 656 1544 Obser-

131 1563 353 1630 vatdtmreSpec.
361 1566 475 1627 Quaest.
483 1564 549 1614 Her.
560 1565 582 1614 I.
591 1578 654 1628 pag.

131 1633 158 1683 20
174 1633 293 1698 (Opnscc.
306 1634 345 1685 11.
358 1650 386 1699 p.
399 1634 478 1700 282),
497 1634 525 1682 in
538 1632 588 1682 tali
601 1633 656 1683 sor·

130 1701 191 1752 mula
197 1702 350 1768 plerumque
360 1703 451 1754 omitti
465 1703 576 1753 verbnm
587 1694 654 1765 ἐστι’,

130 1771 298 1836 imperfectum
309 1760 348 1839 ἦν
357 1773 475 1823 minime.
485 1772 528 1822 ct.
538 1772 585 1836 IV,
596 1772 655 1823 178.

130 1843 160 1903 V,
174 1843 203 1891 52
222 1846 272 1894 eto.
301 1842 393 1908 Supra
407 1844 461 1906 lv,
481 1842 513 1893 1ss
530 1841 655 1893 additum

130 1912 263 1963 invenimus
285 1914 386 1962 seiros.
420 1913 463 1962 De
487 1913 547 1976 ipso
570 1912 655 1961 fluvio

130 1981 189 2031 cont.
199 1980 266 2032 ueta
275 1982 312 2044 11,
326 1983 350 2046 1,
360 1983 395 2033 so
406 1981 593 2046 („Panticapes
602 1980 656 2033 No-

129 2052 202 2102 aadcs
213 2051 387 2118 Georgosque
396 2052 621 2111 disterminans“)
628 2056 656 2100 at

129 2119 258 2171 PhninsH.
267 2124 301 2172 N.
310 2123 361 2184 IV,
374 2122 405 2171 12
417 2119 483 2184 (26).
502 2120 581 2185 Apud
592 2120 657 2170 Dio-

129 2203 179 2253 nys.
196 2190 325 2257 Perieget.
347 2190 407 2243 311.
430 2189 481 2242 316
500 2193 657 2256 Panticapes

130 2267 338 2312 commemoratur
355 2261 474 2323 fluvius,
498 2260 544 2325 qui
564 2260 593 2309 in
612 2260 658 2311 Ri-

129 2328 192 2390 paeis
209 2332 291 2381 oritur
308 2334 339 2382 st
353 2332 382 2380 in
398 2344 472 2381 mare
490 2325 599 2382 boreale
616 2330 656 2379 in-

130 2397 189 2459 fluis
202 2400 350 2450 scholiasta
363 2400 449 2450 tradit
461 2400 573 2451 fluvium
583 2400 655 2450 hunc

129 2467 181 2518 inde
196 2471 334 2535 aRipaeis
352 2470 388 2523 ad
402 2470 502 2521 istrum
516 2469 655 2520 accedere.

130 2535 265 2604 Stephanus
284 2542 401 2608 Byzant.
420 2556 443 2592 s.
466 2556 494 2590 v.
512 2529 655 2589 Ποντικοί·

129 2622 201 2657 aoros
209 2610 276 2663 hano
284 2611 380 2662 urbem
393 2608 432 2675 (in
443 2610 563 2660 Taurica
574 2624 656 2675 paen-

129 2678 205 2728 insula
215 2681 305 2742 sitam)
327 2696 425 2731 momen
438 2681 577 2745 accepisse
589 2679 657 2731 scri·

129 2745 161 2795 bit
173 2741 226 2798 α’πό
241 2748 289 2800 τοῦ
301 2744 514 2815 παραρρέοντος
528 2745 657 2813 ποταμοῦ

129 2810 355 2870 Παντικάπον.
391 2821 519 2886 Aequora
535 2822 656 2870 Pantica-

127 2890 177 2949 οιαὶ
185 2891 257 2939 novit
264 2891 372 2942 hrriau.
379 2889 516 2954 Descript.
525 2889 582 2941 orb.
591 2895 656 2941 terr.

129 2954 182 3018 4403
199 2961 335 3026 Panticapi
347 2961 449 3010 fluenta
461 2959 594 3009 Priscian.
607 2959 658 3009 Pe·

129 3025 183 3091 tita.
195 3027 252 3080 306.
284 3030 364 3091 Quae
378 3046 438 3080 cum
451 3029 491 3079 ita
505 3028 573 3091 siut,
587 3028 657 3079 certi

130 3096 183 3158 quid
198 3097 229 3147 de
249 3098 299 3149 hoe
320 3099 403 3149 fluvio
423 3099 590 3149 constituere
610 3098 657 3149 vix

129 3161 208 3215 licebit
226 3169 374 3233 variasque
393 3169 457 3219 inde
474 3169 593 3218 virorum
610 3167 658 3217 do-

129 3237 218 3285 otomm
241 3239 415 3302 opinationes
440 3236 567 3288 attulisse
587 3236 656 3287 satis

129 3300 210 3355 habuit
221 3306 316 3358 Ukert.
336 3306 490 3373 Geograph.
508 3307 534 3357 d.
548 3305 656 3358 Griech.

130 3375 261 3427 nRoemer
271 3377 327 3440 111,
338 3378 364 3426 2.
372 3392 433 3442 pag.
445 3377 502 3429 191.
521 3378 578 3427 Nec
588 3376 658 3428 certi

130 3442 183 3506 qnid
193 3443 299 3498 definire
312 3446 403 3496 voluit
413 3445 570 3496 Danviltius
583 3445 601 3498 1.
613 3461 658 3495 su·

130 3525 170 3573 pra
181 3511 197 3563 1.
209 3530 270 3580 pag.
285 3516 350 3567 579:
369 3516 397 3566 id
410 3531 475 3566 vero
487 3519 563 3566 recte
577 3516 656 3577 vidit,

129 3579 373 3645 defluvioSmocra,
389 3601 466 3651 quem
484 3583 529 3636 hic
541 3585 659 3649 intelligi

129 3651 202 3702 votuit
213 3655 333 3719 Bayerus
355 3660 383 3707 et
397 3660 492 3706 nostra
506 3659 599 3705 aetate
618 3655 658 3704 iu·

129 3719 201 3787 tolliqi
219 3725 315 3775 volunt
333 3724 475 3775 Eichwald
498 3723 572 3789 (Alte
588 3724 658 3777 Geo-

129 3792 210 3856 qrsph.
228 3793 253 3844 d.
267 3795 348 3859 casp.
363 3795 447 3846 Mser.
466 3809 530 3861 pag.
545 3793 609 3859 305)
630 3799 658 3844 et

130 3856 240 3913 Wheeter
253 3861 429 3930 (Geography
444 3863 474 3913 oi
483 3864 615 3914 Herodot.
628 3879 656 3929 p.

132 3928 173 3980 148
181 3931 255 3998 seq),
268 3949 420 3985 sermonem
433 3948 556 3984 essenon
567 3949 656 3998 posse,

130 3997 149 4045 ti
163 4001 263 4064 quidem
283 4018 332 4066 ea,
358 4019 428 4069 qnae
447 4004 604 4054 Herodotus
623 4003 657 4053 de

130 4064 266 4146 i’anticape
279 4072 379 4136 tradit,
394 4073 466 4123 hunc
478 4074 589 4124 fluvium
603 4088 657 4123 non

131 4140 164 4187 rte
184 4139 260 4207 louge
286 4158 303 4193 a
325 4142 393 4193 mari
419 4147 550 4193 remotum
573 4144 657 4206 Bory-

131 4205 210 4260 stheni
218 4227 247 4262 se
256 4211 405 4263 admiscere
415 4212 483 4262 satis
494 4212 601 4273 docent,
610 4212 658 4262 Sa·

131 4288 196 4328 mara
211 4286 300 4332 autem
316 4282 401 4333 multo
420 4283 546 4347 superius
566 4281 600 4331 ad
617 4296 659 4332 se-

130 4350 297 4406 ptentrionem
310 4352 542 4417 inBorysthenem
559 4351 658 4412 influit,

131 4415 659 4488 adeontdetulirivocugm'tarinequeat:

705 1007 778 1072 qnod
799 1008 870 1057 idem
891 1009 991 1059 statuit
1006 1007 1141 1057 Manuert.
1159 1006 1207 1059 IV.
1222 1022 1249 1070 p.

706 1076 741 1128 76
754 1093 812 1142 seq.
847 1079 878 1127 ln
893 1093 947 1143 qno
960 1076 1115 1128 Larcherus
1129 1075 1251 1140 obloqui·

705 1150 764 1212 tur,
786 1149 814 1197 in
825 1162 905 1197 cursu
922 1148 1000 1197 fluvii
1015 1145 1162 1196 indicando
1175 1152 1250 1195 rete-

705 1231 749 1267 res
766 1215 822 1266 labi
831 1217 953 1281 potuisse
966 1216 1113 1281 scriptores
1126 1215 1251 1280 quamvis

706 1286 867 1337 concedens.
900 1286 1081 1347 Quamobrem
1097 1284 1209 1336 Rennel.
1222 1300 1249 1349 p.

706 1356 757 1408 407
767 1356 938 1420 Panticapen
950 1372 997 1421 pro
1006 1372 1060 1405 uuo
1070 1355 1186 1421 quodam
1197 1355 1249 1404 Bo-

704 1425 843 1489 rysthenis
861 1424 972 1475 brachio
990 1425 1085 1486 habet;
1105 1440 1184 1489 quem
1202 1424 1250 1473 fln-

706 1496 781 1545 vium
787 1495 968 1546 (iosaccornm
974 1491 988 1560 (
987 1496 1133 1560 Koskaeoff
1137 1510 1157 1543 s.
1164 1495 1192 1543 Κ
1192 1511 1250 1545 one·

706 1561 822 1630 eomodo)
834 1580 904 1615 nunc
915 1564 980 1626 dici,
995 1564 1156 1629 Borystheni
1166 1578 1249 1628 snpra

705 1640 879 1688 catarractas
898 1650 927 1686 se
952 1634 1161 1695 admiscentem,
1184 1648 1248 1682 cou-

706 1703 833 1755 tenderat
849 1705 891 1755 De
904 1705 1018 1754 Broeses
1034 1702 1127 1768 (Mem.
1143 1701 1176 1752 de
1192 1702 1248 1751 ΡΑ-

705 1773 767 1826 csd.
786 1773 812 1823 d.
828 1775 914 1824 lusor.
928 1774 1037 1825 XXXV.
1050 1788 1075 1837 p.
1090 1772 1162 1836 526).
1181 1773 1249 1822 Post

706 1840 1248 1908 Gatterer.(ThracienuachHerod.nnd

706 1912 830 1976 Thucyd.
850 1927 912 1978 pag.
930 1911 973 1976 19)
991 1911 1124 1962 Reichard
1140 1925 1201 1975 pag.
1214 1913 1249 1961 48

705 1984 817 2034 fluvium
828 1982 961 2046 Komkoje
973 1997 994 2032 s.
1007 1982 1099 2032 Kartha
1112 1980 1157 2030 hic
1170 1979 1249 2029 intel·

704 2052 756 2118 ligi
768 2056 863 2116 putat,
885 2051 930 2101 cni
941 2051 1095 2102 sententiae
1113 2051 1249 2100 accedunt

705 2121 858 2173 Haerent.
871 2120 890 2171 1.
903 2135 965 2185 pag.
978 2120 1012 2171 16
1024 2119 1085 2171 coll.
1097 2119 1131 2171 23
1146 2123 1174 2169 et
1184 2118 1249 2169 Kol-

707 2195 773 2243 ster.
790 2190 810 2243 l.
824 2190 844 2242 l.
858 2206 921 2256 pag.
934 2192 983 2252 21,
1002 2191 1129 2255 quoniam
1140 2188 1185 2240 hic
1200 2190 1249 2238 fln-

706 2261 769 2312 vius
789 2276 844 2312 non
868 2259 948 2325 longe
968 2276 986 2309 a
1005 2262 1075 2310 mari
1100 2260 1198 2310 abesse
1221 2261 1249 2309 et

707 2347 768 2382 enm
786 2329 957 2396 Borysthene
977 2330 1054 2395 iungi
1074 2329 1187 2380 dicitnr:
1208 2327 1262 2382 id·.

706 2417 758 2466 qne
773 2416 856 2451 nnnm
869 2415 929 2450 cum
939 2400 1073 2450 Herodoti
1083 2400 1173 2450 verbis
1186 2413 1250 2450 con-

706 2471 799 2522 venire
812 2469 935 2532 videtur,
949 2470 1003 2519 uisi
1015 2469 1125 2520 durium
1138 2483 1249 2534 prorsus

707 2540 843 2591 interiisse
855 2539 965 2590 dixeris.
990 2539 1105 2592 Heereu.
1118 2538 1213 2602 (ldeen
1226 2539 1250 2601 1,

706 2613 732 2661 2.
749 2626 776 2674 p.
794 2608 858 2673 257)
878 2624 961 2660 unum
981 2625 1014 2659 ex
1030 2610 1064 2660 iis
1079 2609 1183 2672 fluviis,
1204 2609 1250 2673 qui

706 2681 794 2745 magis
813 2678 954 2729 meridiem
971 2693 1066 2729 versus
1088 2694 1149 2729 cum
1166 2679 1251 2743 Bory-

705 2749 803 2801 sthene
824 2750 986 2814 iungantur,
1012 2748 1070 2799 sive
1090 2748 1166 2808 Sota,
1190 2749 1250 2797 sive

707 2822 785 2878 Psoi,
814 2833 863 2883 pro
880 2818 1032 2882 Panticape
1056 2817 1151 2867 haberi
1170 2831 1250 2881 posse

707 2889 873 2949 arbitratur,
892 2886 1037 2940 Voelcker.
1049 2886 1135 2951 Myth.
1151 2888 1249 2951 Geogr.

706 2959 729 3011 1.
743 2974 805 3024 pag.
822 2959 870 3009 177
884 2972 967 3007 unum
982 2974 1016 3009 ex
1030 2957 1064 3005 iis
1076 2955 1186 3019 rivulis,
1206 2956 1252 3020 qni

708 3030 782 3079 circa
807 3027 986 3092 Borysthenis
1019 3027 1091 3077 ostia
1123 3026 1252 3087 defluant,

708 3099 785 3149 Kara
797 3099 904 3156 nerea,
922 3101 970 3146 ant
983 3099 1060 3148 Hetin
1077 3098 1183 3159 Hercei,
1203 3100 1253 3145 aut

709 3166 793 3217 alium
804 3168 937 3232 quendam
952 3167 1031 3218 nobis
1041 3181 1094 3215 non
1103 3165 1252 3231 cognitum.

707 3235 835 3287 Rivnlum
848 3237 951 3301 Inputet
963 3237 1105 3301 proposuit
1118 3235 1252 3286 Linduer:

706 3306 841 3370 Skythien
851 3306 898 3356 des
904 3307 1029 3356 Herodot
1038 3310 1091 3357 cto.
1099 3322 1124 3370 p.
1131 3305 1175 3355 50.
1189 3304 1252 3355 ulia

706 3375 786 3426 affert
797 3375 959 3426 Tzachucke
975 3376 1008 3425 ad
1025 3376 1114 3426 Melae
1127 3374 1175 3425 1.1.
1188 3390 1251 3439 pag.

706 3447 740 3496 25
761 3462 818 3510 seq.
839 3450 909 3495 nott.
931 3460 1025 3510 exegg.
1065 3444 1198 3510 Equidem
1224 3444 1253 3492 in

706 3519 786 3566 tanto
812 3516 931 3565 virorum
958 3515 1099 3566 doctorum
1126 3513 1253 3564 dissensu

709 3585 773 3649 qnid
790 3584 849 3648 ipse
868 3588 1003 3646 statuam,
1023 3585 1069 3634 vix
1089 3582 1190 3644 habeo,
1208 3598 1254 3633 ac·

706 3655 847 3704 curatiore
857 3652 1044 3718 exspectanda
1055 3668 1117 3704 esse
1127 3658 1203 3703 ratus
1218 3651 1253 3701 ab

708 3724 756 3787 iis,
777 3723 823 3789 qui
841 3723 891 3774 has
911 3725 985 3788 ipsas
999 3724 1124 3788 regiones
1142 3737 1254 3772 accura-

707 3794 777 3855 tius,
801 3808 881 3857 quam
901 3792 991 3842 adhuc
1009 3793 1182 3854 factumest,
1204 3791 1254 3841 ati·

708 3862 817 3928 qnando
828 3862 1044 3927 perlustrabunt:
1057 3861 1093 3910 ad
1102 3875 1197 3912 verum
1206 3875 1255 3910 au-

708 3938 763 3984 tem
774 3933 860 3997 magis
872 3930 937 3981 mihi
950 3931 1081 3982 accedere
1091 3930 1200 3981 videtur
1210 3946 1254 3981 eo-

707 4018 765 4053 rnm
790 4002 910 4052 virorum
935 4000 1077 4051 doctorum
1105 4001 1254 4062 sententia,

710 4073 754 4138 qui
767 4072 855 4122 rivum
869 4071 941 4121 hunc
955 4086 1010 4121 non
1021 4072 1060 4120 ita
1075 4070 1154 4136 longe
1167 4086 1255 4121 remo-

709 4148 767 4193 tum
785 4158 803 4192 a
820 4141 890 4192 mari
914 4139 1096 4206 quaerendum
1114 4156 1174 4191 esse
1192 4156 1254 4192 cen·

709 4215 779 4263 sent.
792 4240 824 4247 -
835 4213 899 4262 Mox
912 4211 1010 4276 scripsi
1019 4226 1080 4261 cnm
1091 4209 1255 4277 Schweigh„

709 4280 797 4332 Gaias.
814 4286 841 4331 et
860 4286 974 4333 reeentt.
993 4280 1054 4332 edd.
1075 4273 1131 4345 όέει
1155 4273 1186 4329 δὲ
1204 4296 1241 4329 aa

709 4337 794 4409 οὗτος
806 4367 870 4416 pro:
888 4342 945 4416 (ides
962 4341 1013 4414 pis
1026 4341 1080 4415 γὰρ
1098 4345 1147 4399 καὶ
1162 4334 1253 4413 οὗτος,

709 4421 781 4484 quod
795 4421 882 4485 ipsum
897 4421 1050 4471 retinuerat
1062 4418 1208 4472 Matthiae.
