3042 5125
255 380 318 446 692
652 379 923 444 EXGURSUS
945 382 992 443 VI

255 576 327 640 rint,
345 589 471 645 quaeque
487 573 534 623 rix
550 569 661 623 diversa
676 569 714 622 sit
728 569 939 640 alliphaeorum
952 574 1036 641 etque
1050 570 1131 622 etiam
1145 570 1382 639 Hyperboreorum

256 658 387 729 ἔθηκ’).
415 658 447 710 ln
464 655 565 711 montis
580 656 655 709 Anat
673 655 860 708 cacuminibus
884 654 947 709 illos
963 655 1103 709 habitasse
1119 656 1219 708 statuit
1234 656 1382 726 primosque

255 764 306 817 per
322 744 413 797 Asiam
431 749 515 796 artem
536 743 704 795 metallorum
719 742 926 811 effodiendorans
949 740 1107 794 exercuisae
1131 740 1237 807 rideri,
1259 748 1290 792 ut
1308 741 1383 793 buius

256 830 310 884 viri
326 828 400 882 docti
413 827 515 880 iudicio
531 825 708 895 Gryphorum
722 843 819 879 aurum
840 825 943 879 nullum
960 825 1035 878 aliud
1053 825 1204 878 existimari
1222 825 1320 879 debeat
1335 824 1384 877 nisi

257 932 353 968 aurum
369 931 384 966 e
399 912 514 967 metallis
532 928 556 964 s.
573 910 677 963 fodinis
692 911 866 981 acquisitum.
905 914 985 976 Quae
1000 929 1070 979 gens
1091 912 1204 964 maxime
1226 916 1328 964 remota
1341 910 1384 962 mi-

258 1017 367 1070 nusque
379 999 489 1067 cognita
505 1013 565 1049 cum
583 995 683 1063 luerit,
701 997 817 1063 factum,
835 1002 883 1068 ut,
899 1013 970 1067 quae
985 996 1018 1049 de
1036 996 1085 1047 bac
1101 1002 1185 1064 gente
1199 996 1269 1049 mira
1285 994 1385 1065 praedi-

258 1094 401 1150 carentur,
427 1100 486 1136 cum
500 1081 593 1134 fabula
609 1081 643 1133 de
658 1081 703 1133 ari
719 1082 827 1151 grypho
841 1099 903 1135 mox
917 1081 1156 1134 confunderentur
1172 1083 1245 1134 etin
1260 1098 1338 1134 unam
1349 1088 1384 1132 st·

258 1187 312 1243 que
326 1169 438 1222 eandem
450 1167 530 1238 quasi
544 1165 731 1218 coalescerent
745 1160 926 1236 sabariam**).
950 1166 1065 1219 bosane
1079 1182 1159 1236 quarn
1172 1166 1286 1220 maxims
1298 1174 1385 1217 tenen·

258 1256 336 1322 dum,
358 1255 392 1306 de
415 1254 450 1305 iis
473 1253 516 1304 bic
538 1252 583 1319 agi
604 1250 705 1319 terris,
727 1268 798 1321 quae
820 1250 973 1305 fabularum
994 1269 1045 1321 per
1064 1268 1170 1304 omnem
1184 1253 1246 1305 fere
1265 1250 1386 1304 orientem

258 1354 417 1410 sparsorum
436 1337 542 1390 luerint
563 1335 749 1389 feracisaimae
764 1336 888 1408 adeoque
902 1343 1047 1406 parentes,
1069 1336 1158 1403 unde,
1179 1337 1296 1408 quaein
1313 1335 1386 1387 indo

257 1442 317 1478 rum
337 1423 540 1492 Persarumque
563 1420 663 1488 mythis
683 1421 872 1492 reperiantur,
894 1420 1024 1491 pleraque
1046 1421 1104 1473 sint
1125 1422 1289 1492 repetenda.
1325 1420 1386 1473 Nan

257 1509 352 1562 fabula
368 1508 402 1560 de
420 1506 536 1576 gryphis
560 1507 595 1559 ad
613 1504 721 1559 easdem
737 1506 821 1559 Asiae
838 1506 968 1574 regiones
984 1506 1149 1574 pertinebit,
1175 1507 1211 1561 ad
1231 1523 1302 1577 quas
1316 1506 1386 1558 labu-

258 1594 309 1647 lam
325 1594 359 1647 de
375 1592 497 1646 formicis
512 1591 569 1659 lll,
588 1594 638 1645 102
657 1590 833 1659 relegandam
853 1593 1023 1659 censuimus,
1049 1591 1083 1643 ad
1106 1591 1165 1645 loca
1186 1594 1244 1644 ista
1268 1590 1387 1644 sabulosa

257 1678 442 1749 montiumque
462 1677 542 1745 iuga,
561 1693 632 1748 quse
653 1692 687 1728 ex
699 1676 847 1730 Persarum
866 1676 1034 1746 aliarumque
1057 1677 1174 1730 orientis
1197 1677 1321 1745 gentium
1335 1676 1387 1744 opi·

259 1764 342 1817 nione
358 1770 494 1817 terrarum
511 1762 602 1814 orbem
617 1757 744 1814 claudere
759 1770 787 1815 et
801 1761 882 1833 quasi
896 1762 1093 1816 conterminare
1107 1763 1288 1832 putabantur.
1313 1760 1387 1811 Conl.

259 1848 384 1902 Haerent
399 1847 483 1900 ldeen
498 1846 521 1913 1,
540 1849 564 1900 1.
579 1864 607 1916 p.
618 1849 653 1901 93
669 1865 747 1916 seqq.
764 1851 826 1901 342.
844 1848 866 1915 l,
883 1852 909 1900 2.
924 1865 952 1916 p.
964 1850 1015 1900 aab
1029 1865 1109 1917 seqq.
1125 1846 1188 1900 coll.
1207 1847 1310 1899 Rittar.
1326 1844 1387 1896 Vor-

259 1933 330 1987 balle
351 1941 403 1986 etc.
426 1949 489 2002 pag.
512 1934 563 1985 aab
584 1948 643 2001 seq.
675 1931 744 1984 Inde
763 1932 801 1985 nil
823 1932 931 2000 mirum,
957 1933 985 1985 in
1006 1932 1155 1985 ruderibus
1175 1928 1387 2000 Persepolitanis

259 2018 397 2088 gryphum
419 2034 495 2071 avem
517 2015 653 2086 hodieque
673 2023 907 2087 repraesentatam
927 2016 1067 2087 conspici,
1090 2016 1198 2087 qualem
1214 2017 1324 2069 Ctesias
1340 2013 1356 2065 Ι.
1371 2012 1386 2063 Ι.

259 2103 422 2173 descripsit,
437 2101 576 2154 indicante
591 2101 711 2154 Heeren.
727 2100 745 2154 l.
761 2102 779 2154 1.
797 2103 822 2169 1,
842 2106 865 2155 l.
883 2121 910 2172 p.
926 2104 987 2156 239.
1019 2101 1204 2171 Maltebrun.,
1223 2119 1303 2173 quem
1317 2099 1387 2152 labu-

258 2187 310 2240 laua
327 2188 361 2241 de
376 2187 498 2242 formicis
513 2203 601 2256 aeque
618 2202 650 2238 ac
666 2185 701 2238 de
721 2187 837 2256 grypbia
858 2186 998 2256 copiosius
1012 2194 1149 2240 tractasse
1164 2204 1254 2258 supra
1270 2185 1386 2249 diximus,

259 2272 294 2326 de
315 2273 431 2343 gryphis
451 2271 531 2323 aliter
547 2287 664 2341 prorsus
685 2272 785 2324 statuit
807 2271 952 2343 (Nouvell.
967 2270 1076 2324 Annali.
1101 2274 1135 2325 de
1150 2273 1261 2340 Voyag.
1277 2270 1313 2322 ll.
1331 2285 1386 2339 pag.

259 2360 312 2413 380
329 2357 432 2429 seqq).
469 2356 593 2425 Namque
607 2355 635 2407 in
649 2357 801 2424 montibus,
818 2356 865 2409 ubi
877 2356 938 2408 Indi
954 2356 1032 2409 fluvii
1049 2356 1107 2410 sint
1121 2359 1218 2410 fontes
1233 2353 1386 2423 metallaque

259 2458 359 2509 aurea,
383 2439 489 2511 aquilas
503 2456 614 2510 quoque
633 2441 721 2493 fuisse
738 2447 819 2511 putat
838 2440 1020 2509 vulturesque
1039 2443 1159 2495 enormis
1180 2438 1386 2509 magnitudinis,

260 2526 344 2580 lndos
360 2544 426 2581 vero
443 2525 582 2592 homines,
598 2525 688 2596 quiin
705 2526 747 2580 liis
762 2526 877 2580 metallis
893 2543 963 2597 opus
976 2529 1115 2595 lucerent,
1130 2528 1216 2582 multa
1231 2527 1265 2581 de
1281 2525 1322 2578 bis
1335 2521 1386 2576 ari-

259 2612 313 2667 bus
330 2629 476 2667 enarrasse
491 2611 642 2681 mirumqne
659 2611 687 2663 in
704 2613 810 2665 modurn
828 2628 1029 2680 exaggerasse3
1050 2631 1112 2667 mor
1127 2614 1230 2667 additis
1251 2613 1300 2678 iis,
1323 2624 1385 2679 quae

260 2698 294 2752 de
308 2697 439 2767 periculis
454 2696 588 2750 hominum
608 2696 637 2749 in
658 2696 713 2748 illis
734 2697 850 2751 metallis
866 2696 1047 2751 laborantium
1066 2699 1127 2753 sire
1147 2717 1199 2769 per
1220 2699 1329 2751 deserta
1342 2692 1386 2744 Ti·

259 2783 316 2836 beti
334 2801 436 2853 parvae
450 2799 482 2834 ac
496 2782 648 2835 Bnchariae
664 2782 898 2850 proficiscentium
915 2783 949 2834 ab
969 2783 1031 2836 istis
1046 2784 1115 2854 ipsis
1136 2783 1228 2837 beluis
1245 2785 1384 2835 ferrentur.

259 2868 365 2921 Nostri
379 2868 447 2923 adeo
462 2866 589 2920 memorii
605 2865 632 2918 in
648 2865 773 2921 Siberine
784 2866 884 2920 insulis
899 2868 958 2922 nris
973 2869 1114 2923 cniusdam
1127 2870 1254 2937 ingentis
1269 2881 1330 2918 ossa
1344 2861 1385 2913 de-

258 2959 333 3005 tecta
352 2971 430 3020 essa,
451 2968 531 3023 quam
552 2950 613 3004 olim
636 2969 747 3023 quoque
765 2953 793 3005 in
809 2952 875 3005 lmai
898 2954 1036 3007 montibus
1051 2955 1209 3021 exstitisse,
1233 2951 1298 3006 nihil
1312 2949 1383 3002 abso·

328 3181 355 3249 ⁴¹)
372 3183 417 3233 Sic
432 3197 538 3248 quoque
551 3183 673 3249 Guigues
690 3185 823 3252 degente
842 3188 977 3240 Turturs'cu
995 3187 1127 3246 Nic-telle,
1146 3187 1222 3238 cuins
1239 3192 1310 3237 terra
1324 3197 1381 3233 euro

258 3252 390 3315 abundet,
401 3251 447 3301 hic
459 3252 634 3316 cogitandum
648 3268 708 3306 esse
725 3262 819 3307 censet
841 3253 932 3321 (Mem.
944 3256 978 3306 de
987 3255 1090 3307 l'rlcad.
1103 3255 1130 3306 d.
1142 3257 1272 3323 Inscript.
1283 3252 1381 3306 XXXV.

258 3321 470 3442 iiiiilb'll'
485 3321 1381 3457 ,tultum&tantillitatiitumllll·milti

257 3429 403 3528 eorumque
421 3427 502 3524 doio,
526 3429 560 3514 ee
577 3408 708 3515 hisiodico
726 3464 903 3517 fundamento
917 3466 999 3515 inniti
1012 3469 1040 3515 at
1052 3410 1187 3531 veriyduid
1200 3410 1335 3517 coiitincrpe
1345 3475 1381 3511 rs-

258 3536 303 3584 tus
321 3532 392 3583 hanc
410 3536 511 3582 terram
530 3532 565 3583 ab
588 3531 630 3583 his
649 3535 777 3599 gentibus
796 3535 943 3598 incultam,
966 3535 1128 3597 auriferam,
1155 3537 1227 3587 uude
1245 3549 1334 3587 aurum
1348 3529 1378 3580 ad

258 3601 529 3738 {ipppppgufiputioos
547 3600 659 3653 allatum
679 3604 780 3670 luerit,
807 3605 835 3655 in
861 3606 928 3656 Asia
945 3605 1080 3671 superiori
1101 3606 1176 3657 circa
1194 3611 1298 3658 montes
1315 3598 1380 3652 atui

327 3772 371 3840 *ἢ
391 3775 465 3826 Hinc
479 3774 551 3826 Mela
563 3776 602 3838 ΙΙ,
621 3775 650 3838 1,
665 3776 711 3828 11:
728 3801 763 3812 -
774 3779 837 3841 „est
849 3777 925 3842 regio
941 3775 1006 3827 ditis
1018 3776 1162 3827 admodum
1175 3775 1242 3840 soli,
1256 3771 1378 3827 inhabita·

256 3843 320 3896 bilis
331 3848 436 3896 tamen:
453 3844 518 3911 quia
527 3844 633 3911 gryphi,
646 3860 759 3897 eaerum
775 3861 808 3895 ac
822 3846 948 3911 pertinax
962 3846 1080 3898 ferarum
1091 3863 1192 3913 genus,
1213 3861 1305 3897 aurum
1317 3840 1378 3892 terri

257 3915 366 3980 penitus
376 3919 498 3980 egestum
512 3917 579 3966 mire
591 3919 685 3965 amant
700 3915 819 3981 mireque
832 3915 991 3967 custodiunt
1003 3921 1032 3967 et
1043 3923 1106 3967 sunt
1125 3916 1220 3968 infesti
1233 3910 1378 3978 attingenti·

258 3983 338 4035 bus.“
361 3984 428 4035 Cum
443 3984 485 4035 his
496 3984 569 4035 conf.
584 4000 654 4050 quae
664 3985 771 4035 Plinius
790 3985 863 4035 Hist.
876 3986 940 4036 Nat.
954 3986 1018 4048 VII,
1031 3990 1056 4037 2.
1070 3989 1094 4050 5.
1110 3986 1149 4036 10.
1163 3986 1296 4046 xxxin,
1308 3984 1336 4034 21
1350 3979 1377 4028 de

257 4052 371 4119 gryphis
390 4052 498 4105 retulit:
518 4069 604 4120 „quos
619 4056 708 4105 surita
715 4055 875 4106 aduncitate
887 4056 970 4106 rostri
986 4054 1128 4107 fabulosos
1141 4057 1221 4107 reor“
1237 4052 1337 4106 addidit
1347 4048 1375 4108 x,

256 4121 301 4172 49.
316 4121 358 4172 70.
374 4125 399 4184 θ.
417 4123 474 4174 lto.
501 4123 554 4173 Sed
567 4124 622 4175 iem
641 4124 720 4190 louge
732 4131 815 4176 antee
828 4124 862 4174 ad
874 4125 1012 4178 Romanos
1024 4127 1151 4176 notitiam
1165 4126 1299 4192 quandam
1309 4122 1375 4172 huius

257 4188 381 4252 fabulae,
399 4205 469 4255 quae
490 4207 551 4242 cum
569 4209 636 4243 auro
649 4193 811 4260 magnisque
825 4194 930 4245 divitiis
943 4201 1049 4247 mature
1062 4198 1209 4247 coniuncte
1219 4196 1302 4246 fnisse
1313 4188 1375 4241 ride

257 4263 315 4321 tur,
338 4260 509 4325 pervenisse,
535 4262 650 4312 eNouii
668 4263 759 4316 verbis
777 4281 803 4331 p.
823 4265 872 4315 152
891 4264 957 4315 mihi
977 4264 1107 4331 colligere
1123 4282 1204 4331 posse
1226 4258 1373 4315 videorhis=

258 4331 356 4394 „Pione
368 4332 475 4381 vetares
488 4344 548 4381 esse
562 4329 724 4396 voluerunt,
737 4348 807 4399 quos
820 4334 918 4385 Graeci
930 4351 1028 4402 Μαι
1041 4335 1198 4401 appellant3
1211 4334 1318 4387 Plautus
1332 4329 1375 4379 bu-

256 4398 370 4450 lularis:
386 4399 444 4463 pici
457 4398 578 4464 divitiis,
597 4403 645 4468 qui
657 4416 756 4453 aureos
768 4408 874 4456 montes
886 4404 994 4470 colunt,
1014 4420 1061 4456 eos
1074 4404 1149 4458 solus
1166 4405 1292 4472 supero.“
1313 4394 1374 4465 (th

256 4467 380 4521 Aululsr.
391 4469 443 4534 IV,
456 4467 487 4531 8,
502 4467 540 4533 l.)
