3042 5125
404 368 729 434 MELPOMENE.
750 370 809 434 1v.
826 380 870 437 26.
892 377 936 435 17.
1178 370 1238 433 351

124 563 211 655 ἄριμα
238 559 302 654 γὰρ
328 567 367 634 ἓν
395 566 552 634 καλέουσι
579 560 735 653 Σκύθαι,
776 567 864 633 σποῦ
893 562 930 632 dd
962 558 1022 631 τὸν
1053 558 1240 652 ὀφθαλμόν.

124 766 193 817 Thes.
203 765 279 819 Critt.
290 766 328 817 11.
342 781 405 832 pag.
415 764 477 819 (iffi.
502 766 557 817 Oui
568 781 647 817 nemo
699 765 778 818 modo
789 780 856 816 vers
869 767 907 817 sit
924 779 992 832 gens
1009 764 1121 831 verique
1135 765 1201 831 quid
1212 766 1242 816 in

124 836 239 886 editorum
262 835 409 887 obsecutus
435 839 487 888 est.
523 836 595 886 Nam
618 837 648 886 iu
697 836 750 888 hau
768 841 828 887 tota
844 834 940 885 fabula
958 836 1061 899 subsit,
1083 835 1118 886 ad
1133 836 1241 887 radices

123 904 266 970 Scytharum
281 904 407 957 dialectis
426 923 475 971 spu
492 905 648 971 significare
698 906 822 957 boreales
845 906 945 956 montis
960 904 1049 968 Airai,
1076 905 1124 956 ubi
1143 921 1242 971 magna

123 979 218 1036 1111111,
232 980 258 1025 et
267 979 330 1027 arsin
341 993 405 1026 nnus
414 991 562 1027 monemur.
584 975 646 1028 Vid.
698 978 826 1042 provenit
845 976 905 1025 auri
927 974 1098 1041 aliorumque
1119 977 1242 1027 metallo-

123 1044 244 1095 Wsehtcr.
254 1045 413 1097 iuPraefat.
424 1044 546 1097 Glossar,
557 1046 648 1097 Germ.
698 1061 757 1097 rum
773 1046 868 1111 copia,
887 1045 1056 1110 quaerendas
1077 1059 1149 1110 esse,
1167 1051 1242 1096 recte

122 1116 142 1177 6.
150 1113 220 1166 xm.
233 1115 290 1166 Nec
301 1116 388 1181 magis
399 1114 464 1165 mihi
473 1115 649 1167 innotescunt
699 1120 820 1168 statuere
836 1114 902 1165 mihi
916 1114 1044 1165 videntur
1054 1115 1087 1167 A.
1107 1116 1141 1166 de
1156 1116 1241 1166 Hum-

123 1183 326 1249 iuterpolstionis
338 1185 466 1250 vestigia,
480 1200 551 1250 quae
563 1187 592 1235 iu
604 1183 647 1235 hia
697 1185 788 1237 boldt:
812 1185 877 1235 Asis
896 1183 1017 1235 ccntrale
1031 1185 1054 1235 1.
1072 1200 1099 1251 p.
1116 1186 1169 1237 402
1182 1200 1240 1251 seq.

126 1253 185 1332 ipsis
198 1253 283 1304 verbis
303 1254 338 1305 ab
350 1255 504 1320 Hartuugio
518 1254 648 1306 tentatis:
699 1262 727 1307 et
737 1257 839 1307 Ritter:
851 1254 1000 1305 Erdkunde
1009 1255 1062 1305 111.
1074 1255 1159 1320 pseu
1169 1270 1240 1321 seq.:

121 1314 649 1459 n‘tetitnittftir:;r:t
697 1323 1242 1460 10111111011011

850 1430 858 1458 i

124 1461 243 1514 datterer.
257 1464 284 1513 iu
297 1463 446 1515 Comment.
461 1464 558 1514 societ.
570 1463 646 1514 Gott.
697 1466 823 1528 ridetur,
842 1464 914 1530 qnod
931 1467 959 1513 in
971 1462 1065 1514 fabula
1077 1464 1110 1514 de
1123 1464 1242 1530 Gryphis

123 1532 184 1582 xlv.
198 1532 294 1598 page.
335 1533 402 1599 Ipsa
415 1533 548 1584 Herodoti
565 1534 649 1583 inter·
699 1535 846 1587 tenendum
862 1550 923 1585 esse
940 1536 970 1583 in
988 1534 1114 1585 Excursu
1131 1535 1167 1584 ad
1186 1534 1241 1598 111,

125 1604 226 1665 prelatio
238 1618 302 1653 num
313 1603 387 1653 insta
396 1618 431 1654 ac
443 1604 529 1669 proba
542 1606 588 1665 sit,
601 1603 649 1654 vix
703 1607 751 1658 116
763 1605 931 1666 monuimus,
946 1604 1164 1669 quandoquidem
1174 1604 1243 1667 Gry·

123 1671 223 1723 dixeris:
244 1673 341 1723 reiecit
358 1688 418 1723 eam
435 1688 547 1740 prorsus
564 1674 649 1723 Zeusa
699 1674 747 1740 phi
769 1680 797 1725 et
820 1674 959 1737 Arimaspi
982 1673 1121 1724 coniuncti
1146 1674 1175 1723 in
1199 1674 1242 1725 bis

126 1739 178 1804 (llie
193 1741 350 1792 Deutscheu
365 1757 392 1793 u.
410 1743 469 1794 ihre
483 1742 648 1793 Nachbarst·
699 1749 952 1796 commemorantur.
967 1742 1065 1808 ltaque
1076 1743 1112 1793 ad
1126 1744 1186 1792 auri
1197 1758 1242 1793 co-

124 1824 177 1874 pag.
193 1810 252 1876 299)
270 1811 431 1878 Arimaspos
452 1812 489 1863 ad
505 1812 649 1864 Persarum
699 1816 774 1881 piem
790 1813 870 1863 iubis
881 1811 1036 1877 regionibus
1049 1813 1133 1864 Asiae
1146 1812 1242 1862 borea-

123 1878 227 1944 lingnam
250 1883 345 1947 potius
365 1897 513 1944 revocans,
541 1884 570 1932 iu
594 1896 649 1947 qna
700 1884 860 1935 libuscirca
873 1881 1242 1947 montemAltaiprorenieu-

124 1947 186 2000 haud
197 1965 254 2002 raro
263 1953 316 2002 Ari
328 1953 420 2018 etAsp
429 1952 458 2002 in
467 1953 589 2018 gentium
601 1957 650 2002 aut
700 1960 768 2017 tem,
788 1952 836 2005 sed
847 1952 959 2004 summis
972 1951 1112 2003 laboribus
1124 1966 1159 2002 ac
1173 1949 1243 2001 disfi-

124 2019 224 2070 rirorum
243 2020 412 2087 singulorum
428 2022 582 2073 nominibus
606 2037 649 2072 oc·
700 2022 852 2075 cultatibus
874 2021 998 2086 adeoque
1021 2020 1091 2087 ipsis
1114 2020 1243 2088 periculis

124 2094 232 2140 currunt:
243 2091 340 2156 dequo
350 2091 650 2157 etiamcogitavitHal-
701 2093 848 2144 tollendam
868 2107 902 2143 ea
920 2106 1028 2157 quoque
1046 2100 1170 2157 spectare
1187 2107 1244 2142 cre-

125 2155 179 2222 ling.
187 2160 284 2222 (Wien.
293 2160 590 2227 Jahrnbmxunpag.
600 2160 649 2212 189
700 2163 775 2226 darn,
795 2177 865 2229 quae
884 2161 918 2211 dc
928 2162 1082 2226 Arimaspis
1099 2161 1245 2212 traduntur

124 2242 172 2293 seq.
183 2228 239 2281 coll.
250 2230 299 2284 165
309 2246 367 2297 seq.
380 2232 426 2282 171
438 2246 496 2296 seq.
510 2230 651 2282 Deutsohe
700 2234 771 2284 mira
783 2233 819 2283 ad
833 2238 956 2282 caeteros
969 2231 1092 2282 homines
1104 2232 1139 2283 ab
1148 2231 1191 2281 his
1203 2247 1244 2282 re·

124 2296 208 2349 tleseh.
223 2299 243 2351 1.
262 2316 291 2366 p.
306 2301 374 2363 128,
395 2302 442 2366 qui
457 2303 515 2351 alia
530 2302 599 2351 mira
616 2301 650 2352 de
700 2304 829 2369 giouibus
841 2307 870 2353 et
880 2301 916 2352 ab
928 2302 988 2351 auri
998 2300 1135 2353 thesauris
1146 2301 1243 2352 tollen-

123 2367 256 2434 lrinaspis
279 2371 506 2434 comminiscitur)
530 2373 652 2437 itemque
702 2373 747 2423 dis
771 2371 904 2424 arcendos
928 2371 1038 2423 efficta:
1068 2374 1128 2423 sire
1152 2387 1245 2424 veram

125 2435 222 2501 Oppert.
232 2439 355 2505 (Archiv.
362 2440 409 2491 des
416 2441 493 2492 Mica.
504 2440 652 2507 scientifiq.
701 2446 808 2509 gentem
818 2441 922 2493 habeas
928 2444 1097 2508 Arimaspos,
1104 2443 1175 2509 qnod
1185 2444 1246 2509 ipse

127 2506 185 2570 Vr5·
197 2523 257 2576 pag.
269 2508 346 2576 100),
367 2510 413 2577 qni
426 2511 463 2562 ad
476 2508 593 2564 alterum
607 2525 652 2577 ge·
702 2514 811 2565 eredere
827 2510 932 2576 malim,
949 2513 1008 2566 sire
1020 2527 1131 2579 prorsus
1143 2512 1243 2565 domm.

125 2586 301 2632 nuscuneatae
314 2582 468 2648 scripturae
478 2581 549 2633 hano
558 2597 652 2633 vocem
702 2583 783 2634 Cous.
795 2581 957 2633 Humboldt.
978 2582 996 2632 1.
1012 2581 1030 2631 l.
1046 2587 1074 2633 et
1087 2585 1245 2649 Boettigerr

124 2646 208 2698 refert:
223 2651 388 2715 pineam,
407 2667 467 2702 cum
478 2652 545 2717 ydor
559 2650 653 2702 valeat
701 2653 744 2703 De
750 2653 912 2718 Arimaspis,
921 2666 988 2717 qnos
998 2653 1082 2702 etiam
1091 2668 1153 2703 oum
1160 2654 1244 2704 Grae·

125 2733 193 2769 snos.
226 2719 295 2771 Nolo
313 2720 392 2787 plura
412 2722 535 2787 proferre
554 2722 583 2772 in
601 2720 653 2772 tall
702 2738 795 2773 corum
812 2720 977 2786 Cyclopibus
994 2721 1119 2773 unoculis
1135 2738 1245 2788 compa·

126 2800 164 2845 re,
181 2803 246 2853 quae
269 2791 306 2842 ad
324 2790 458 2856 liquidum
475 2791 586 2857 perduci
604 2792 652 2843 vis
702 2796 761 2856 rat,
774 2795 816 2842 iu:
834 2790 933 2841 Kleine
941 2789 1080 2841 Schriften
1088 2793 1110 2842 Ι.
1120 2806 1184 2857 pag.
1194 2793 1243 2844 171

125 2858 225 2922 poterit,
239 2860 513 2926 proboqueHansen.
526 2860 575 2912 1.1.
588 2876 652 2927 pag.
702 2878 759 2928 seq.
792 2860 844 2912 His
871 2860 971 2912 addere
996 2859 1062 2911 licet
1085 2860 1142 2911 alia
1165 2876 1246 2927 quae·

125 2926 154 2975 os
163 2942 216 2993 seq.
230 2932 287 2981 let.
301 2930 413 2983 cautius
426 2931 461 2983 de
474 2930 517 2982 his
530 2935 654 2983 statuen-
702 2932 766 2982 dam
781 2931 901 2982 virorum
922 2929 1077 2991 doctorum,
1099 2931 1188 2996 quiin
1205 2947 1246 2982 se·

126 2997 180 3047 ten.
702 3002 783 3053 dibus
801 3001 892 3067 gentis
913 3000 1113 3066 investigandis
1132 3000 1246 3053 desuda·

153 3066 236 3132 Ipsam
245 3069 450 3135 An'masporurn
459 3073 567 3136 gentem
579 3068 653 3120 haud
703 3077 782 3134 runt,
810 3073 973 3122 commenta.
1010 3070 1086 3123 luter
1109 3086 1178 3137 quos
1203 3073 1246 3123 De

127 3136 195 3198 pauci
215 3143 338 3191 veterum
357 3140 520 3206 scriptorum
538 3154 654 3191 comme·
704 3142 825 3206 Guignes
842 3142 934 3205 (Mem.
952 3140 986 3191 de
999 3141 1106 3194 l’Acad.
1119 3141 1145 3192 d.
1158 3142 1245 3193 Inscr.

126 3212 231 3271 norant,
250 3224 364 3275 qnorum
375 3209 450 3262 locos
465 3209 655 3276 suppeditabit
703 3211 816 3263 XXXV.
832 3226 894 3276 pag.
912 3209 989 3274 502),
1010 3215 1043 3261 ut
1061 3210 1124 3263 iude
1142 3212 1246 3277 ordiar,

126 3272 212 3327 libert:
222 3278 322 3346 Gsogr.
332 3280 359 3331 d.
369 3279 451 3331 Gau.
460 3279 617 3341 BoemllI,
626 3281 652 3330 2.
704 3280 855 3346 Arimaspos
870 3281 1029 3332 Siuensihus
1046 3281 1106 3333 vult
1121 3283 1246 3348 cognitos

127 3357 149 3406 p.
160 3345 206 3397 106
217 3362 308 3416 seqq„
332 3364 379 3401 eos
396 3364 503 3416 quoque
519 3349 653 3401 adiiciena
704 3351 792 3401 fuisse
804 3350 854 3402 sub
866 3351 974 3402 nomine
983 3352 1154 3419 iliona-nou,
1170 3353 1217 3419 qui
1230 3368 1247 3402 a

127 3415 271 3482 scriptores,
288 3420 338 3486 qui
347 3419 500 3471 recentiore
514 3424 608 3472 aetate
620 3419 654 3469 de
703 3420 890 3487 septentrione
899 3420 981 3473 Sinas
991 3420 1133 3472 orientalis
1139 3422 1248 3473 habits·

127 3480 253 3551 tergente
262 3488 482 3555 disputaverunt,
492 3505 527 3540 ac
535 3487 654 3555 singula,
703 3493 760 3542 rint
772 3490 835 3542 inde
849 3506 866 3542 a
881 3491 964 3543 fluvio
976 3491 1077 3543 lrtisch
1089 3492 1247 3543 Calmucco·

127 3567 187 3617 quse
205 3558 379 3610 ueteribus
396 3560 556 3623 traduntur,
575 3574 654 3610 mcu-
703 3577 763 3612 rum
776 3561 805 3611 in
824 3565 999 3626 terrenaque
1017 3560 1052 3611 ad
1070 3561 1135 3613 tinea
1147 3563 1248 3613 Tarta·

127 3625 323 3680 rateexhibeus:
341 3628 600 3681 omnemverohanc
611 3628 654 3678 r'a·
703 3633 762 3681 riae
776 3631 936 3694 orientales,
959 3630 1031 3682 unde
1048 3630 1167 3683 secundo
1182 3637 1248 3683 ante

128 3705 187 3744 nan
198 3695 230 3747 de
238 3698 391 3764 Arimaspis
402 3700 594 3765 perAristeam
605 3714 653 3764 po·
704 3701 768 3753 Chr.
786 3716 812 3751 n.
835 3700 944 3753 saeculo
960 3702 988 3751 in
1002 3705 1090 3751 terras
1109 3702 1247 3767 proximas

128 3762 249 3818 tissimum
269 3769 406 3820 excultam
428 3773 455 3820 et
472 3773 654 3837 propagatam
704 3772 874 3823 incursiones
902 3770 1018 3821 fecerint
1045 3771 1186 3836 ipsamque
1206 3771 1247 3822 Si·

127 3832 202 3885 videri
223 3837 294 3889 idem
316 3838 459 3890 admonuit
480 3841 524 3892 vir
547 3839 655 3891 doctus.
703 3856 769 3892 uam
788 3846 891 3891 terrore
912 3839 1091 3905 impleverint.
1124 3842 1184 3902 Quo
1203 3840 1248 3891 vel

128 3901 172 3964 Qui
188 3911 249 3970 post
263 3909 433 3960 Herodotum
450 3909 655 3974 Arimasporum
705 3911 894 3977 magisavero
904 3910 1046 3960 aberrasse
1055 3910 1194 3974 putandus
1204 3915 1247 3961 est

128 3970 207 4039 aliquo
216 3977 295 4030 modo
304 3977 656 4044 mentionemfaciunt,ple·
705 3980 850 4032 Reichard.
868 3979 919 4030 1.1.
934 3995 961 4044 p.
976 3981 1021 4043 17,
1040 3979 1087 4044 qui
1098 3979 1247 4046 Arimaspo-

128 4041 193 4107 rique
207 4044 434 4131 habent'gentsm
449 4048 606 4115 Scythicam
627 4049 656 4098 in
704 4068 759 4102 nnn
773 4066 870 4103 nomen
885 4048 974 4100 adhue
987 4049 1093 4099 sertui
1107 4051 1248 4101 contendit

128 4117 657 4254 stitterlitstzih‘trzt2¹:33
704 4119 1249 4255 stridensstridens

128 4263 181 4301 eun
201 4254 382 4322 Hyperboreis
403 4260 584 4325 coniungunt:
605 4272 655 4309 nu·
704 4258 1249 4326 IndiiontesadmontemAltai,quiipse

130 4317 158 4371 de
174 4321 322 4389 Stephanus
339 4330 456 4395 Byzant.
478 4319 653 4392 ’Apspotcrsol‘
706 4329 815 4380 absuri
831 4332 911 4396 copia
927 4330 1043 4380 traxerit
1060 4346 1173 4393 nomen,
1187 4346 1248 4380 curu

129 4376 656 4469 ἔ01011111161111111.1111111111113111-
705 4399 767 4451 Alta
789 4401 860 4464 apud
879 4398 1040 4451 Galmuccos
1053 4399 1249 4466 Mongolosque

129 4460 160 4510 2¹¹
178 4468 327 4519 sscnstius
343 4484 398 4520 non
412 4467 551 4520 indicante
575 4483 655 4535 quas,
705 4468 816 4521 denotet
827 4487 929 4531 omum,
945 4474 1041 4536 gentes
1053 4468 1194 4520 habitasse
1206 4484 1249 4520 su·
