3042 5125
220 358 280 424 158

656 357 921 423 HERODOTI

220 548 320 621 ὠθέει
341 576 377 619 τε
398 547 551 639 ἐμπεσὸν
566 548 606 620 τὰ
621 548 798 639 πρήγματα
816 545 900 619 ἄνευ
916 546 1014 634 νόου,
1035 545 1203 640 χειμάρρῳ
1218 548 1357 637 ποταμῷ

220 661 344 736 instem
366 651 472 745 Δήμςο
486 655 549 742 μέν
565 682 649 742 νον,
669 661 704 723 οἳ
715 654 866 741 Πέρσῃσι
880 649 986 721 ιιοιιιόν
1003 653 1153 738 νοέουσι,
1166 640 1260 719 οὗτοι
1276 647 1356 738 χρά-

220 767 324 827 σθων.
342 749 435 846 ἡμεῖς
446 757 500 843 di,
514 754 650 847 ἀνδρῶν
663 760 730 826 τῶν
744 752 891 846 ἀρίστοιν
898 757 1106 838 ἐπιλέξαντες
1115 749 1263 844 ὁμιλίην,
1278 751 1355 822 τού-

220 882 305 930 ιοισι
318 861 529 949 περιθέωμεν
539 859 577 930 τὸ
588 860 721 950 κράτος·
735 857 846 948 ένγὰρ
860 855 902 947 δὴ
912 857 1057 929 τούτοισι
1071 860 1127 927 sui
1136 853 1233 927 αὐτοὶ
1243 854 1356 926 ένεσό·

220 974 318 1054 μεθο.
351 957 497 1052 ἀρίστων
512 963 549 1034 δὲ
564 961 701 1055 ἀνδροῖν
717 960 808 1044 oleis
823 960 942 1052 ἄριστα
961 958 1173 1051 βουλεύματα
1188 969 1356 1049 γίνεσθαι.

220 1163 486 1307 irretiti
499 1169 766 1295 {filistiim

222 1304 297 1355 leant
320 1307 401 1368 atque
423 1294 508 1350 ovoiv
532 1297 612 1354 οἶδεν
632 1301 762 1367 οἴκοθεν,

223 1373 250 1424 id
258 1376 300 1424 est
308 1364 336 1434 ἐξ
347 1362 444 1422 αὑτοῦ.
463 1371 500 1422 Et
511 1371 603 1437 plures
616 1373 711 1424 attulit
722 1375 765 1423 vir

224 1443 321 1493 doctus
336 1441 426 1504 locos,
449 1439 478 1491 iu
496 1442 594 1507 quibus
609 1442 664 1493 sibi
681 1458 765 1509 oppo-

224 1516 324 1563 nantur
336 1509 420 1561 verba
431 1503 536 1560 εἰδέναι
552 1514 611 1564 sire
623 1510 725 1578 νοῆσαι
737 1517 765 1563 et

225 1578 411 1646 διδαχθῆναι.
428 1578 571 1646 Equidem,
583 1582 631 1648 qui
642 1582 670 1632 iu
681 1582 764 1634 huius

223 1651 279 1702 loci
299 1649 524 1716 interpretatione
547 1651 699 1717 Schweigb.
724 1666 766 1703 se·

223 1725 304 1772 cutus
321 1736 394 1782 sum,
416 1717 506 1769 malim
530 1736 590 1772 cum
613 1721 701 1772 Coraii
724 1715 764 1770 οἴ-

225 1781 261 1855 ari
275 1803 309 1839 ον
326 1789 351 1839 h.
368 1787 387 1840 l.
407 1802 440 1838 eo
451 1803 534 1840 sensu
550 1791 689 1857 accipere,
710 1806 765 1857 quo

225 1859 296 1911 alias
314 1856 461 1943 ναθῆιιον,
478 1854 589 1945 πρέπον
605 1858 764 1943 (Quaestus,

224 1927 765 2065 §illiluriitlizilbilltul

225 2070 302 2121 cuius
311 2068 399 2134 ipsius
407 2066 581 2134 ampliandae
596 2084 682 2121 causa
692 2068 765 2120 baud

226 2139 284 2190 scio
305 2153 341 2189 au
361 2137 485 2188 additum
502 2140 611 2189 omnino
629 2137 764 2189 videatur.

225 2209 339 2260 Praeter
349 2206 479 2258 Isocratis
497 2207 573 2260 locos
589 2224 606 2259 a
623 2208 710 2259 Corsi
724 2207 764 2259 al·

226 2277 299 2327 latos
310 2277 367 2327 rid.
379 2275 529 2341 Schweigh.
543 2279 610 2329 Lex.
625 2277 722 2344 Polyb.
737 2293 764 2343 p.

226 2345 286 2397 401.
300 2343 425 2396 Dietsch.
447 2345 572 2411 (Jsbrbb.
587 2345 606 2396 f.
621 2344 719 2398 Philol.
737 2362 764 2397 u.

226 2413 345 2479 Paedag.
362 2412 465 2464 xv111.
482 2430 508 2479 p.
525 2414 587 2479 409)
606 2415 710 2468 mavult
726 2418 767 2467 in·

227 2481 348 2548 telligcre
365 2483 394 2533 id
412 2484 481 2548 quod
491 2488 532 2535 rei
541 2484 660 2550 publicae
672 2487 768 2538 condu-

226 2562 276 2606 cat.
296 2554 395 2633 Neque
408 2552 492 2633 igitur
508 2570 577 2621 opus
590 2570 639 2621 pro
656 2546 769 2623 οἰκήιον

227 2638 358 2689 reponere
380 2629 493 2690 ονηϊον,
517 2628 549 2675 ut
571 2624 701 2692 proponit
722 2626 768 2677 El·

227 2693 328 2745 dilrius.
363 2694 547 2746 Valckenario
569 2710 696 2747 assensus
726 2700 770 2749 est

227 2761 414 2815 Houneister:
433 2763 629 2831 Sitllicb-rclig.
651 2765 768 2818 Lebens·

228 2832 337 2885 snsicbt
353 2834 400 2886 des
412 2834 546 2885 Herodot.
563 2850 591 2900 p.
605 2835 648 2886 87.
672 2861 707 2872 ·-
726 2836 769 2887 De

228 2903 348 2970 negandi
360 2903 503 2970 particulis
518 2905 547 2954 in
560 2904 612 2956 bac
630 2907 767 2958 sententia

227 2973 351 3024 consulto
361 2973 451 3024 auctis
461 2977 524 3039 apte
535 2974 768 3028 monuitNitssoh.

228 3041 263 3092 ad
275 3043 387 3094 llomer.
400 3042 631 3108 odyss.1x,215.
643 3044 769 3111 Respon-

228 3111 274 3161 det
291 3115 383 3163 autern
400 3110 553 3176 particulae
571 3100 633 3162 οὔτε
651 3127 768 3179 nequens

227 3193 256 3300 ρε
269 3195 302 3231 eo
315 3179 404 3243 modo,
417 3196 470 3246 quo
482 3181 511 3231 in
521 3179 583 3233 aliis
595 3181 663 3234 locis
675 3183 765 3249 adVI,

246 3249 405 3300 .excitatis.

262 3341 346 3426 ὥθέερ
364 3364 394 3401 τε
411 3340 537 3417 έμπεοοὶν
561 3345 596 3403 τὰ
617 3343 766 3419 πρήγματα

227 3412 296 3471 ἄνευ
311 3419 390 3487 νοον]
409 3421 465 3473 ie·
480 3425 546 3489 „lui
558 3425 711 3489 deproperet
723 3442 767 3477 ne-

225 3492 296 3557 potis
308 3506 362 3541 curu
374 3494 464 3557 impetu
477 3495 532 3544 sine
542 3502 621 3545 mente
633 3496 766 3558 irrueru“,

227 3560 261 3611 de
272 3558 364 3625 plebe,
385 3576 456 3626 quae
475 3561 503 3612 in
516 3577 559 3614 res
573 3563 697 3629 publicas
710 3568 767 3615 tra·

227 3629 343 3680 ctandas
354 3629 378 3681 si
387 3629 531 3694 inciderit,
551 3633 642 3684 omnia
652 3648 766 3699 propere

226 3699 344 3766 transigi
379 3704 533 3767 temereque
563 3702 660 3754 confici
687 3703 765 3754 velit.

225 3768 280 3820 Hic
294 3768 364 3820 enim
376 3770 551 3837 cogitandum
564 3771 597 3823 de
611 3773 767 3824 temeritate

226 3838 386 3890 concionum
402 3840 566 3893 Graecarum
580 3846 609 3893 et
625 3847 764 3894 oratorum

225 3909 329 4028 ipupelt‘u
339 3913 492 4030 terqcrarios,
506 3910 649 4033 utidudgm
659 3915 766 4035 pponHuit

251 3993 357 4030 scen.
401 3993 592 4032 ucon.eam
628 3997 657 4032 ro
693 3998 699 4033 ι
743 3999 765 4031 1-

225 4050 302 4111 story
312 4048 343 4098 oi
352 4048 454 4101 Graece
465 4050 515 4104 IV.
531 4065 595 4117 pag.
606 4050 667 4103 508.

260 4141 401 4215 χειμάρρῳ
413 4147 515 4216 ἴκελος]
530 4151 585 4204 Pro
600 4150 691 4212 ἴιιεῖος
703 4153 766 4205 Flo·

223 4223 293 4270 rent.
312 4218 381 4270 liber
400 4215 521 4285 εἴκελος,
544 4222 617 4287 quod
639 4224 765 4275 relicinu-

816 1168 890 1225 tum,
912 1159 986 1211 haud
1007 1159 1065 1212 scio
1088 1175 1125 1210 an
1148 1158 1307 1211 mutandum
1329 1159 1359 1209 in

815 1224 999 1298 reportaretur,
1012 1245 1092 1296 quam
1105 1230 1218 1281 formam
1229 1230 1361 1280 revocari

815 1315 922 1368 quoque
934 1299 987 1363 ΙΙΙ,
1000 1298 1059 1352 llll.
1072 1300 1120 1361 IV,
1129 1299 1172 1350 ol.
1189 1300 1246 1351 177.
1260 1298 1360 1351 Caete-

815 1387 873 1423 rum
894 1371 1020 1436 frequens
1033 1368 1102 1421 baec
1113 1370 1204 1435 imago
1222 1368 1296 1435 apud
1311 1384 1360 1419 re·

814 1447 888 1492 teres
898 1440 1038 1505 reperitur.
1058 1438 1120 1491 vid.
1139 1440 1250 1489 Homer.
1262 1438 1306 1490 Ili.
1318 1438 1361 1500 ΙΙ,

817 1512 876 1563 144.
891 1511 925 1572 V,
937 1509 980 1562 88.
999 1507 1175 1560 strennui.
1187 1506 1360 1560 attulitVal-

816 1580 897 1632 elren.
915 1577 1042 1644 Sophocl.
1064 1578 1158 1644 Antip.
1183 1580 1243 1630 727.
1267 1578 1358 1629 Cicer.

815 1665 864 1716 pro
884 1648 977 1700 Plsnc.
1004 1649 1030 1701 4.
1046 1649 1076 1710 63
1094 1664 1144 1714 pro
1163 1649 1287 1699 Muraen.
1309 1648 1359 1707 173

816 1734 864 1785 pro
880 1717 975 1770 Milon.
996 1719 1028 1778 23
1046 1718 1080 1769 de
1099 1718 1222 1783 provinc.
1242 1716 1360 1768 consuli.

818 1787 859 1841 16.
872 1786 1048 1839 Demosthen.
1069 1793 1156 1839 contr.
1174 1786 1272 1839 Aescb.
1290 1786 1360 1838 sals.

816 1858 869 1923 leg.
884 1871 946 1924 pag.
963 1856 1014 1909 383
1027 1857 1140 1914 Reisk..
1162 1873 1241 1923 quern
1257 1856 1360 1918 locum,

815 1927 908 1979 eodem
921 1926 1195 1990 monenteValclren.,
1207 1925 1286 1978 multi
1294 1933 1363 1991 post

816 1997 948 2048 imitando
960 2004 1159 2062 expresserunt.
1170 1996 1363 2061 —„Proclum

816 2068 840 2118 si
853 2066 962 2129 audias,
973 2066 1019 2117 hic
1030 2066 1108 2132 vulgi
1118 2065 1206 2133 magis
1216 2067 1364 2131 imperium

815 2135 935 2188 describi
962 2135 1039 2188 dieas
1068 2151 1149 2202 quarn
1178 2136 1282 2202 populi.
1311 2137 1362 2186 lts

816 2207 886 2257 enirn
897 2204 941 2256 ille
955 2207 983 2256 in
996 2205 1105 2257 Platon.
1116 2204 1205 2257 Alcib.
1219 2221 1260 2271 pr.
1275 2205 1316 2256 18.
1330 2221 1363 2271 p.

816 2274 864 2328 57:
875 2265 910 2324 ‘0
916 2266 1034 2393 μὲνγὰρ
1045 2266 1135 2341 δῆμός
1146 2267 1202 2325 ἐστι
1212 2267 1284 2340 πρὸς
1296 2265 1365 2324 ἑαν-

817 2337 848 2394 τὸ
863 2357 915 2394 συν
934 2337 1063 2409 εόμενον·
1080 2333 1169 2395 ioli
1187 2345 1234 2402 tce
1246 2342 1365 2395 διεσπα-

818 2408 921 2479 σμένον
931 2412 1056 2479 πλῆθος·
1069 2406 1143 2465 ὅθεν
1152 2413 1189 2481 δη
1198 2410 1247 2465 καῖ
1257 2406 1288 2464 έν
1296 2416 1365 2473 τοῖς

818 2481 972 2542 πολιτείαις
995 2478 1144 2546 διαφέρειν
1173 2479 1281 2549 λέγουσι
1305 2477 1365 2550 τὴν

818 2544 1009 2638 ὁρῖνιρροιτίαρ
1016 2551 1066 2620 τῆς
1078 2551 1272 2637 δημοκρατίας
1277 2569 1283 2581 ·
1300 2547 1363 2605 ἔστι

818 2616 1365 2760 ἴῖῖἴιξίᾗιῗξῖἷ’ξ“ιῖ“ξιὲ“ἷὲῗὶ”εῗ

819 2778 880 2829 μον
891 2756 1051 2829 τεταγμένη.
1077 2763 1133 2816 Ubi
1148 2764 1228 2831 plura
1243 2764 1364 2831 adposui

819 2833 912 2885 inimo
923 2832 1074 2968 mZTiuef‘
1094 2833 1145 2886 Cr.

852 2893 940 2968 Δήμῳ
988 2918 1004 2951 ν
1014 2918 1075 2967 νυν,
1086 2896 1115 2952 οἳ
1121 2897 1244 2969 Πέρσῃσι
1257 2917 1283 2955 κ,
1290 2917 1314 2951 τ.
1320 2899 1360 2969 1.]

817 2971 900 3024 Haud
911 2971 992 3023 aliter
1007 2973 1064 3024 sere
1075 2973 1232 3035 Fabricius,
1247 2971 1363 3023 Cineam

818 3042 851 3093 de
863 3042 976 3108 Epicuri
988 3042 1113 3094 doctrina
1121 3042 1299 3094 disserentem
1311 3056 1364 3092 au-

817 3111 906 3177 diens,
925 3112 1087 3176 „Utinum“,
1098 3111 1196 3178 inquit,
1214 3111 1302 3176 „talia
1312 3126 1363 3162 eu-

816 3186 885 3244 rent,
901 3185 949 3247 qui
958 3181 1049 3234 hostes
1059 3182 1116 3233 sint
1126 3181 1221 3248 populi
1231 3182 1359 3245 Romani,

815 3250 1362 3314 PyrrhusaoSamnites.“Vid.Plutareh.

815 3320 912 3385 Pyrrh.
926 3322 969 3374 20.
982 3348 1017 3359 -
1029 3321 1072 3373 Ad
1089 3322 1204 3373 formam
1222 3312 1362 3386 χράσθων

816 3391 888 3441 conl.
907 3389 1023 3443 Brsdor.
1048 3408 1074 3458 p.
1091 3391 1144 3443 879
1159 3395 1187 3443 et
1204 3390 1255 3442 337
1275 3396 1304 3441 et
1322 3391 1361 3442 ad

816 3454 995 3526 περιθέωμεν
1011 3461 1123 3513 eundem
1143 3477 1169 3527 p.
1183 3460 1243 3513 oric.
1267 3460 1361 3527 Ipsius

816 3529 894 3581 verbi
910 3530 1137 3597 significationem
1160 3531 1301 3597 attigimus
1320 3531 1358 3582 ad

816 3601 846 3664 1,
860 3598 924 3664 129,
937 3615 1018 3666 quarn
1031 3601 1067 3652 ad
1077 3606 1182 3664 vestes,
1196 3615 1281 3662 arma,
1298 3601 1358 3652 alia

814 3669 843 3720 id
854 3684 939 3735 genus
949 3672 1245 3737 propriespectantem,
1259 3670 1360 3722 deinde

814 3738 899 3791 latius
909 3745 1049 3805 patentem
1062 3745 1090 3793 et
1105 3741 1141 3792 ud
1158 3741 1228 3791 alias
1242 3743 1357 3806 quasvis

814 3823 859 3862 res
876 3808 1031 3861 traductam
1048 3810 1102 3861 iarn
1124 3811 1204 3862 novit
1219 3808 1358 3862 Homerus

814 3877 914 3944 Odyss.
922 3878 976 3943 Ill,
987 3880 1050 3933 iou:
1061 3875 1094 3930 αῖ
1104 3873 1159 3945 γὰρ
1169 3871 1231 3945 {pol
1240 3874 1358 3945 τοσσήν-

815 3945 847 3998 δε
855 3945 922 3998 θεοὶ
931 3939 1052 4015 δύναμιν
1063 3948 1220 4015 περιθεῖεν,
1225 3951 1271 4001 ubi
1280 3950 1357 4002 conf.

814 4017 851 4068 ab
859 4018 980 4070 Ameisio
990 4022 1059 4070 nott.
1071 4046 1107 4056 -
1120 4020 1152 4070 ln
1161 4018 1214 4070 fine
1223 4035 1284 4085 cap.
1293 4035 1356 4071 cum

816 4092 931 4167 recenpt.
948 4087 1011 4140 edd.
1027 4088 1128 4155 scripsi
1150 4081 1228 4148 οἰνὰς
1248 4105 1297 4155 pro
1316 4083 1354 4139 εἴ·

815 4152 873 4215 κός.
887 4154 1019 4223 αρέστονς
1028 4158 1128 4210 Noster
1143 4158 1213 4210 dixit
1226 4158 1261 4209 ad
1274 4159 1304 4210 id
1316 4159 1354 4209 sl-

816 4225 871 4276 mul
892 4227 1057 4293 respiciens,
1084 4229 1159 4295 quod
1176 4231 1310 4295 principer
1332 4244 1355 4279 s.

158 4310 177 4327 κ
222 4285 286 4337 dum
313 4303 373 4340 esse
401 4287 482 4341 docet
506 4291 622 4344 Bredor.
650 4309 677 4359 p.
706 4293 765 4345 169.
811 4299 940 4361 primores
964 4298 1107 4362 civitatis,
1141 4298 1227 4349 nobili
1254 4313 1356 4365 genere

225 4355 305 4407 (loni.
323 4359 368 4420 ΙΙ,
388 4358 435 4422 12,
454 4361 503 4410 ubi
520 4361 645 4426 equidem
665 4362 765 4428 reliqui
816 4366 890 4430 nati,
916 4368 1064 4431 optimates
1083 4367 1228 4420 stiracels
1245 4369 1287 4419 sic
1306 4380 1355 4420 ne·

223 4421 407 4494 προσεικέλην
417 4428 453 4480 ab
465 4430 589 4484 omnibus
604 4431 682 4485 libris
697 4433 766 4485 alla

815 4435 914 4487 minari
924 4434 1027 4500 soleat3
1040 4436 1077 4488 cl.
1088 4436 1170 4490 mode
1182 4439 1221 4504 V,
1235 4437 1278 4489 eo.
