3042 5125
515 332 720 394 THALIA.
741 332 800 395 ΠΙ.
824 343 867 400 51.
889 346 934 400 58.
1238 342 1294 403 111

100 517 253 604 moion»
266 516 458 606 μετάλλων,
482 518 569 591 οὕτω
590 519 674 593 ὥστε
699 521 766 594 άτιδ
786 530 844 614 τῆς
866 524 1006 615 δεκάτης
1025 531 1093 597 τάν
1110 534 1297 621 γινομένων

152 616 305 691 αὐτόθεν
318 622 497 712 χρημάτων
508 626 681 717 θησαυρὸς
691 631 729 698 έν
739 638 906 717 Δελφοῖσι
917 627 1091 702 άνακέεται
1101 629 1197 722 ὁμοία
1211 653 1296 706 τοῖσι

151 725 448 795 πλουσιωτάτοισι·
472 725 568 800 αὐτοὶ
582 731 618 801 δὲ
632 729 673 802 τά
686 732 847 822 γινόμενα
862 738 910 826 τῳ
919 738 1064 829 ἐνιαυτῷ
1077 735 1203 833 ἑκάστῳ
1216 740 1294 833 χρή-

150 855 240 915 ματα
259 832 462 919 διενέμοντο.
493 830 571 902 Ὅτε
585 824 634 903 δν
648 840 821 908 ἐποιεῦντο
845 836 905 909 τὸν
923 839 1116 929 θησαυρὸν,
1145 846 1296 934 ἐχρέοντο

151 936 199 1022 τῷ
212 942 420 1028 χρηστηρίῳ,
439 942 471 1005 εί
483 932 611 1007 αὐτοῖσι
625 937 665 1009 τά
678 940 846 1032 παρεόντα
859 939 973 1030 άγαθά
986 939 1041 1013 οἷά
1054 947 1092 1014 τέ
1103 948 1171 1016 ἐστι
1187 946 1297 1018 τολδν

150 1034 278 1125 χρόνον
290 1041 506 1127 παραμένειν.
536 1037 557 1132 ἠ
574 1043 611 1111 δὲ
623 1051 742 1133 Πυθίη
756 1050 876 1136 ἔχρησέ
887 1067 948 1134 σφι
964 1045 1060 1117 τάδε·

277 1175 357 1247 ’All'
374 1176 447 1249 droco
461 1186 493 1249 ἕν
507 1192 616 1275 Σίφνῳ
629 1188 801 1274 πρυτανήϊα
816 1185 907 1256 λευκά
920 1193 1056 1276 γένηται,

281 1283 448 1372 λεύκοφρύς
463 1285 489 1352 τ’
505 1285 617 1376 ιἠορή,
638 1287 702 1356 τότε
717 1287 754 1374 δὴ
771 1295 821 1357 δεῖ
829 1291 999 1381 φράδμονος
1013 1288 1123 1380 άνδρδς

279 1386 473 1471 φράσσασθαι
486 1388 609 1468 ξύλινόν
622 1418 653 1457 τε
670 1393 757 1477 λάχον
773 1392 891 1481 κήρυκά
907 1393 935 1462 τ’
952 1396 1093 1483 ἐρυθρόν.

151 1539 248 1601 Τοῖσι
268 1532 305 1602 δὲ
320 1541 494 1621 Σιφνίοισι
514 1534 588 1606 τότε
610 1528 654 1626 ἠν
672 1533 693 1629 ἠ
710 1536 816 1631 άγορή
830 1545 886 1612 καὶ
900 1541 937 1612 τὸ
952 1539 1158 1633 πρυτανήιον
1170 1550 1291 1637 Παρίῳ

146 1643 237 1730 λίθῳ
254 1633 433 1726 ἠσκημένα.
481 1644 609 1709 Τοῦτον
628 1638 687 1711 τὸν
705 1643 855 1735 χρησμδυ
873 1643 935 1716 οὐκ
953 1643 1022 1716 οἷοί
1042 1673 1077 1715 τε
1096 1636 1182 1736 ἠσαν
1201 1654 1287 1736 γυιά-
1298 1656 1338 1718 58

144 1846 172 1895 p.
185 1830 238 1882 215
251 1829 316 1882 coll.
328 1830 359 1882 C.
370 1832 416 1886 Fr.
432 1834 572 1885 Hermann
585 1834 695 1887 Gottee—
745 1836 920 1904 eigniticene,
939 1854 1001 1888 mox
1013 1838 1072 1904 ipse
1083 1839 1184 1892 Noeter
1202 1840 1291 1892 deela-

145 1900 693 1968 dieuetlAltertbd.Grieeh.§.20.not.4.
745 1912 799 1959 rat.
823 1910 899 1970 Quae
920 1907 1015 1959 eedem
1033 1909 1107 1973 quod
1121 1914 1229 1974 praeter·
1246 1927 1292 1961 eu·

180 1963 324 2036 ἐχρέοντο]
350 1972 394 2022 Ex
413 1988 468 2024 nno
485 1975 611 2025 Parisino
633 1992 694 2027 curu
745 1979 815 2027 riam
828 1976 1290 2042 albamSiphuiorunretiamsorum

143 2045 262 2091 recentt.
290 2040 352 2094 edd.
378 2044 469 2108 recepi
492 2036 621 2108 ἐχρέοντο
644 2061 694 2111 pro
745 2051 937 2098 commemorat
947 2049 1030 2099 αλδινα
1042 2064 1065 2099 e.
1079 2050 1291 2114 αααδιὶίαααμωι

142 2110 219 2176 vulg.
230 2102 382 2175 ἐχρέωντο,
395 2111 432 2167 cf.
443 2111 511 2176 1,3o
522 2115 614 2180 ibique
624 2121 693 2167 nott.
744 2119 804 2168 cilio
820 2116 916 2168 bobeno
936 2117 975 2182 (id
995 2119 1067 2170 enim
1087 2119 1196 2184 proprie
1216 2118 1290 2169 valet

143 2179 200 2231 Sed
218 2181 248 2230 in
266 2181 494 2235 antecedentibus
512 2183 608 2251 reliqui
625 2176 694 2236 άτιέ-
745 2180 912 2250 λεάκοφρυς,
929 2186 962 2238 de
980 2203 1034 2255 qua
1049 2204 1118 2241 voce
1133 2188 1207 2239 coni.
1224 2190 1291 2239 Din-

142 2249 272 2324 τρλεοκ,
297 2253 375 2303 cuiue
401 2251 463 2305 loeo
488 2259 604 2308 recenti.
631 2256 693 2307 edd.
745 2255 816 2308 dori.
834 2256 958 2309 in'l'bee.
971 2258 1050 2324 Ling.
1065 2259 1161 2310 Graec.
1174 2260 1207 2310 V.
1225 2274 1289 2325 pag.

141 2314 323 2372 απέκλωου.
743 2328 817 2392 223),
828 2328 1003 2392 cogitandum
1015 2328 1049 2378 de
1062 2328 1135 2393 loro,
1149 2329 1221 2394 quod
1233 2328 1291 2379 albi

178 2382 229 2439 οίά
249 2385 281 2440 τέ
301 2382 368 2456 ἐστι]
398 2391 502 2458 Steger.
523 2394 644 2445 Praefat.
666 2411 692 2460 p.
744 2397 885 2448 marmoris
907 2397 1043 2463 lapidibue
1063 2403 1179 2449 stratum
1199 2398 1290 2450 albam

142 2460 215 2539 XlIl
228 2460 336 2514 mavult
348 2457 435 2525 ἔσται,
448 2467 480 2512 ut
492 2463 515 2525 1,
526 2465 570 2515 55.
582 2491 613 2500 -
637 2466 692 2516 Pro
743 2467 807 2518 indo
824 2466 923 2518 faciem
939 2467 1089 2532 praebebat
1103 2484 1190 2535 aeque
1207 2474 1289 2535 atque

142 2530 251 2595 καλου,
277 2532 349 2598 quod
369 2548 463 2584 omnes
483 2532 546 2585 libri
562 2535 694 2601 praebent
744 2538 821 2589 curie
830 2536 895 2588 elbo
908 2552 1039 2590 marmore
1049 2543 1198 2591 exetruota.
1216 2539 1290 2591 Fora

142 2617 205 2652 cum
224 2602 338 2668 Gregor.
357 2602 479 2654 Corinth.
498 2603 531 2654 de
547 2604 613 2656 dial.
632 2607 692 2657 lon.
744 2613 837 2659 autem
846 2612 967 2658 veterum
977 2608 1142 2660 Graecorum
1152 2609 1289 2674 lapidibus

140 2675 165 2735 ξ.
181 2671 223 2722 11.
239 2687 302 2738 pag.
316 2673 376 2725 398.
398 2673 521 2724 Koeniue
536 2674 603 2725 ibid.
615 2679 639 2739 ἕ.
651 2677 692 2732 12.
743 2683 834 2729 strate
848 2676 934 2728 iniere
950 2679 1004 2727 iem
1019 2678 1152 2729 Homerus
1171 2682 1290 2729 testatur

141 2757 207 2807 pag.
227 2741 281 2794 395
295 2742 393 2808 reponi
410 2742 468 2793 vult
482 2737 603 2807 πολλὸν,
620 2746 693 2811 quod
742 2750 772 2797 in
784 2747 884 2812 Odyee.
896 2747 950 2811 VI,
964 2746 1023 2799 266.
1044 2748 1172 2812 IX,184:
1192 2748 1288 2813 quibus

139 2816 261 2863 reeentt.
284 2812 344 2864 edd.
364 2811 558 2873 exbibuerunt:
583 2821 614 2866 ta
633 2815 690 2870 rid.
742 2815 811 2868 loeie
825 2819 889 2881 apte
901 2831 966 2868 neue
979 2820 1022 2866 eet
1034 2815 1144 2868 Curtius
1162 2817 1227 2881 (Zur
1238 2817 1290 2867 Ge-

140 2882 179 2932 ad
191 2882 247 2943 ΙΙΙ,
261 2881 377 2933 38nott.
401 2928 404 2935 ,
741 2884 864 2938 echichte
876 2885 1064 2951 dWegbauee
1076 2886 1103 2938 b.
1116 2887 1142 2936 d.
1156 2885 1290 2936 Grieeben

176 2945 367 3017 φράσσασθαι
393 2942 508 3013 ξύλινόν
535 2968 564 3003 τε
595 2943 689 3018 λόχον]
742 2956 785 3006 in:
799 2954 1288 3007 Abbandlld.Akad.d.Wieeenech.

141 3023 213 3072 Tres
237 3020 301 3071 libri
326 3012 504 3085 φράσασθαι.
546 3024 690 3076 Caeterum
741 3042 778 3077 zu
790 3025 861 3077 Berl.
880 3040 944 3077 ann.
960 3025 1037 3075 1851.
1054 3041 1118 3092 pag.
1133 3022 1212 3089 239),
1231 3025 1288 3076 alia

140 3091 224 3143 buius
232 3088 347 3152 ξυλίνου
354 3083 689 3156 λόχουαοῑααὶοῩαΙοΙιεω.
741 3111 847 3162 quoque
859 3094 973 3148 efferens
984 3095 1193 3160 inscriptionum
1209 3097 1289 3146 teeti-

140 3162 305 3213 recordatue
329 3178 391 3214 eeee
411 3163 520 3215 videtur
539 3162 691 3216 Themisto·
740 3166 846 3230 monia,
860 3180 893 3216 ex
907 3165 1005 3231 quibue
1021 3165 1198 3232 intelligitur,
1216 3165 1287 3228 lora,

140 3232 213 3295 cles,
233 3247 295 3283 cum
310 3231 437 3298 Delphici
456 3233 560 3285 oraculi
576 3229 690 3294 ξύλινον
740 3236 833 3298 aulae,
853 3235 914 3285 riae
926 3235 963 3286 ad
975 3235 1076 3301 templa
1088 3236 1217 3287 duoeutee
1230 3236 1287 3301 ple-

141 3306 235 3366 τεῖχος
255 3302 362 3354 civrbne
379 3305 437 3353 ruis
454 3304 688 3369 interpretaretur.
739 3320 853 3372 rumque
874 3305 1012 3370 lapidibus
1033 3305 1119 3357 fuieee
1137 3310 1234 3357 etrate.
1254 3332 1285 3342 —

142 3373 184 3424 Tu
192 3372 251 3423 vid.
261 3372 395 3426 Herodot.
406 3374 471 3436 vll,
483 3373 542 3424 143.
552 3373 689 3426 Plutarch.
740 3377 806 3427 Mox
820 3375 949 3427 revocavi
960 3365 1024 3426 τότε
1037 3362 1088 3441 ἠν,
1108 3375 1179 3442 quod
1194 3390 1286 3426 ornnee

140 3442 322 3494 Themistocl.
336 3442 378 3494 10.
405 3443 480 3493 ldem
491 3442 623 3497 Valcken.
643 3445 691 3495 ob·
740 3446 872 3512 praebent
889 3459 976 3510 neque
993 3443 1029 3495 ad
1049 3445 1288 3512 Schweighaeuse-

139 3517 245 3576 eerrat,
261 3512 375 3563 verbum
388 3503 564 3578 φράζεσθαι,
577 3515 606 3564 in
617 3519 690 3566 vete·
739 3532 808 3579 rum,
823 3517 871 3582 qui
880 3530 914 3565 ex
925 3529 980 3565 une
988 3513 1146 3566 Florentino
1160 3515 1236 3566 dedit
1248 3500 1286 3581 ἠν

139 3599 200 3634 rum
222 3582 343 3634 oraculis
361 3583 432 3634 eatis
451 3584 562 3644 tritum,
584 3583 689 3636 volere:
740 3577 815 3647 τότε,
841 3583 974 3650 probante
991 3600 1098 3651 quoque
1115 3599 1229 3636 ceueore
1244 3586 1287 3636 Ie·

138 3657 222 3706 aeno
232 3654 409 3714 considerare,
420 3654 530 3719 eaepiue
539 3653 623 3705 etiam
632 3670 690 3708 eon·
740 3655 819 3707 nenei
832 3655 908 3706 1817.
922 3669 962 3704 nr.
978 3654 1037 3706 153.
1050 3671 1077 3720 p.
1088 3655 1149 3707 333.

137 3726 257 3775 Macte
273 3740 365 3775 cauere
381 3738 404 3776 e.
418 3714 601 3787 φυλάξασθαι
623 3725 689 3790 (quo
774 3721 875 3788 Παρίῳ
887 3720 961 3791 λίθῳ
974 3713 1128 3790 ἠσκημένα]
1144 3723 1187 3773 Ad
1199 3712 1282 3788 ἠσκη-

138 3795 201 3859 ipeo
215 3795 318 3844 Noster
329 3808 391 3843 mox
404 3793 500 3858 utitur,
512 3792 616 3844 oreculi
628 3811 688 3847 een·
739 3788 811 3860 μένα
823 3792 879 3845 vid.
892 3797 962 3843 nott.
976 3794 1011 3843 ad
1022 3794 1066 3857 ΙΙ,
1081 3794 1139 3845 130.
1161 3791 1287 3843 Conferri

139 3879 200 3914 rum
216 3861 434 3929 explicaturus),
454 3868 486 3914 ut
505 3865 533 3913 in
547 3864 688 3916 Plutarch.
741 3864 785 3916 bie
805 3878 912 3930 quoque
930 3866 1059 3930 poterunt
1074 3862 1220 3912 Homerica
1240 3861 1285 3913 lli.

137 3933 243 4000 Agesil.
256 3932 282 3995 3,
294 3932 342 3995 30,
359 3932 408 3983 ubi
418 3938 562 3999 utrumque
576 3934 689 3987 verbum
738 3933 865 4013 ΙΙΙμ138εἴ
875 3925 953 4018 ἅρμα
971 3925 1003 3981 δέ
1019 3924 1050 3981 οἴ
1063 3928 1157 4000 χρυσῷ
1175 3925 1223 3980 καὶ
1235 3921 1285 3998 άρ-

138 4005 281 4054 inrenitur
301 4004 430 4053 iunctum.
461 4003 524 4055 vid.
545 4003 647 4056 Herod.
663 4006 687 4067 1,
738 4019 815 4071 γυρῳ
836 4017 868 4053 ευ
889 4016 1024 4068 ησκηται,
1052 4017 1122 4068 qnae
1142 4001 1176 4052 ob
1197 4001 1287 4053 dativi

137 4073 281 4139 seruique
299 4077 369 4123 nott.
382 4102 416 4113 -
439 4061 522 4136 λάχον
539 4073 614 4125 baud
633 4074 688 4125 alio
736 4089 817 4125 neum
834 4078 899 4139 apte
915 4071 1010 4123 attulit
1024 4072 1161 4123 Kuebner.
1180 4070 1226 4122 Gr.
1239 4072 1285 4123 Gr.

136 4158 221 4194 seusu
235 4142 311 4207 apud
322 4142 446 4208 Euripid.
461 4143 580 4194 Troadd.
591 4143 644 4196 534
660 4148 688 4195 et
737 4147 764 4208 ξ.
777 4143 848 4206 eeu,
859 4143 890 4208 1.,
903 4158 980 4210 quem
994 4142 1108 4194 eundem
1119 4141 1248 4194 eouenlae
1260 4145 1284 4206 ἕ.

138 4212 325 4279 Tryphiodor.
344 4213 361 4262 2
379 4213 498 4265 inveniri
514 4219 606 4266 monet
622 4215 689 4264 Lar·
736 4215 829 4277 431st
846 4213 881 4265 ob
894 4218 1020 4265 neutrum
1035 4203 1200 4280 (ἠσκημένα)
1214 4213 1286 4264 exei-

137 4284 212 4333 cher.
232 4310 267 4320 -
296 4283 357 4345 Quo
375 4298 458 4334 aenan
478 4287 570 4335 autern
588 4283 689 4350 Pythia
738 4284 817 4349 piene
836 4284 946 4335 nomina
968 4281 1071 4335 diversi
1090 4284 1206 4349 generis.
1231 4285 1285 4334 Po-

137 4344 256 4413 ξάλινοκ
276 4342 360 4416 λόχον
381 4358 410 4403 et
432 4342 543 4418 κήρυκα
563 4345 689 4419 ἐρυθρὸν
738 4356 803 4405 rima
820 4355 928 4420 lapidem
948 4352 993 4419 (ex
1010 4352 1113 4419 insule,
1132 4368 1202 4419 quae
1221 4351 1285 4402 olim

138 4422 256 4488 dixerit,
285 4437 370 4475 neree
395 4422 548 4475 Samiorum
573 4423 688 4476 bortilee
738 4426 840 4489 Paroa,
873 4438 946 4475 nuuc
971 4425 1043 4477 Paro
1069 4428 1200 4484 vocatur,
1234 4419 1285 4483 Cy-
