3042 5125
457 414 523 477 AD
545 411 801 477 HERODOT·
823 414 954 487 111‚os.
1210 413 1272 477 1183

124 622 217 675 quarn
232 603 403 671 transgressi
413 621 478 655 esse
488 603 618 657 ridentur
629 603 741 671 Persae,
753 603 804 657 sed
815 620 918 677 eorum,
930 621 1001 674 quae
1013 604 1130 657 ulterius
1142 605 1195 658 sita
1206 611 1274 657 sunt

125 689 352 759 septentrionem
371 696 399 741 et
418 689 550 742 orientem
571 704 688 757 versus,
711 705 799 759 aeque
815 697 899 757 atque
918 706 1026 755 eorum,
1044 705 1115 759 quae
1127 689 1273 742 ciroalndi

127 774 210 825 ostia
226 782 309 843 atque
328 772 372 825 vel
391 772 463 825 ultra
485 790 517 825 ea
534 774 594 843 ipsa
612 772 807 839 inveniuntur,
832 775 903 825 fama
919 774 1014 842 utique
1030 774 1121 843 potuit
1135 774 1273 841 atthrgere

126 858 248 924 Persas,
265 874 352 927 eoque
364 858 509 910 referenda
521 866 622 926 putem,
640 875 710 926 quae
721 858 882 910 Herodotus
897 858 983 911 tradit
996 858 1050 910 alia
1064 858 1099 909 ad
1110 857 1195 911 ludos
1210 858 1272 910 illos

126 942 385 1011 septentrionales,
405 942 520 994 interra
535 942 625 995 Kabul
638 942 807 1008 habitantes,
823 943 912 995 minus
925 943 1092 1011 spectantia;
1109 959 1179 1011 quae
1193 941 1273 995 valdo

127 1028 203 1079 mira
219 1044 278 1079 curn
300 1035 395 1079 essent
412 1034 439 1078 et
459 1044 475 1077 a
496 1026 610 1096 reliquis
628 1036 719 1078 terrae
737 1027 869 1093 gentibus
887 1043 1035 1096 eorumque
1052 1027 1173 1079 moribus
1193 1027 1274 1079 valde

127 1113 258 1175 absona,
276 1111 374 1180 cupide
390 1119 501 1178 arrepta
518 1120 583 1163 sarrit
599 1129 614 1162 a
630 1111 725 1162 Persis
741 1129 828 1180 aeque
844 1120 927 1181 atque
945 1114 979 1163 ab
993 1112 1151 1178 Herodoto,
1168 1113 1215 1181 qui
1230 1119 1272 1164 ta-

128 1196 188 1261 lia,
206 1212 277 1265 quae
294 1198 461 1248 Graecorum
478 1195 581 1248 animos
602 1195 742 1247 admodum
758 1197 948 1263 adverterent,
973 1197 1123 1265 praeterire
1141 1197 1272 1249 noluerit.

129 1281 236 1349 ltaque
248 1280 283 1333 ad
298 1280 392 1332 Indiae
405 1281 534 1348 regiones
552 1280 799 1348 septentrionales,
817 1280 912 1333 Persis
923 1299 946 1332 s.
964 1281 1119 1333 Bactrianis
1132 1281 1272 1346 finitimas,

129 1364 263 1443 ingimis
279 1365 314 1416 ad
331 1372 430 1418 terram
440 1382 510 1434 quae
523 1370 638 1417 vocatur
652 1364 753 1431 Kahul,
771 1365 871 1417 additis
883 1365 973 1435 etiam,
984 1366 1008 1417 si
1022 1365 1121 1435 placet,
1138 1365 1182 1432 iis,
1201 1383 1273 1435 quae

130 1449 201 1500 huic
217 1456 308 1502 terrae
325 1450 491 1502 contermina
507 1457 575 1501 sunt
592 1450 723 1502 orientem
743 1466 842 1503 versus
860 1450 966 1502 adeam
983 1466 1070 1521 usque
1085 1458 1201 1518 terram,
1228 1450 1271 1503 oui

131 1551 235 1586 nomen
253 1533 357 1601 Panjab
379 1553 403 1586 s.
425 1533 542 1601 Penjab,
563 1551 594 1586 ea
616 1541 758 1603 spectare,
781 1550 854 1604 quae
875 1534 1006 1587 deludis
1029 1535 1143 1587 tradidit
1157 1536 1272 1601 Noster,

130 1619 291 1687 respiciens
315 1618 395 1670 simul
416 1619 496 1670 etiam
520 1618 589 1670 alias
611 1620 742 1687 quasdam
766 1625 864 1686 gentes
883 1619 917 1671 ad
937 1618 1028 1687 ipsum
1044 1619 1140 1671 lndum
1158 1620 1272 1672 inferio-

130 1720 193 1754 rem
210 1704 325 1772 eiusque
341 1704 412 1755 ostia
426 1702 454 1755 in
471 1702 617 1772 paludibus
633 1703 803 1769 habitantes,
822 1703 884 1755 mihi
900 1703 1008 1772 quidem
1020 1703 1065 1755 vix
1082 1704 1194 1755 dubium
1209 1722 1272 1756 esse

133 1788 265 1852 ridetur,
285 1787 352 1839 adeo
367 1794 397 1839 ut
408 1804 465 1839 eam
480 1795 596 1853 terram,
613 1804 683 1856 quae
699 1805 773 1839 nuno
791 1786 1114 1856 appellaturllasehmir,
1130 1789 1272 1861 Herodgto

130 1871 302 1938 incognitam
315 1872 403 1924 luisse
419 1866 577 1938 credam*),
594 1871 641 1940 qui
656 1871 718 1941 ipse
730 1871 849 1937 indiam,
868 1876 1011 1924 extremam
1027 1879 1117 1924 terrae
1134 1872 1273 1940 regionem

132 1956 270 2009 orientem
283 1973 398 2023 versus,
416 1959 450 2008 ab
471 1957 577 2010 oriente
594 1964 621 2007 et
632 1956 821 2025 septentrione
838 1956 957 2009 desertis
970 1956 1162 2009 conterminari
1178 1957 1272 2009 existi-

131 2047 190 2093 mat
209 2040 247 2091 lll
257 2080 265 2105 ,
277 2043 321 2094 118.
352 2041 434 2093 Cous.
450 2042 568 2093 Bohlen:
588 2041 683 2093 lndien
697 2040 720 2091 1.
729 2059 756 2110 p.
769 2042 816 2105 63,
832 2042 937 2107 Benley
948 2039 992 2091 in:
1007 2039 1106 2093 Ersoh.
1120 2059 1146 2093 u.
1161 2042 1273 2093 Gruber

132 2124 342 2194 Encyclopaed.
355 2125 430 2178 Sect.
444 2126 480 2177 li.
499 2126 558 2180 Vol.
574 2125 662 2178 xvu.
679 2142 743 2194 pag.
754 2128 789 2178 10
803 2143 892 2194 seqq,
905 2125 1028 2178 hussen:
1042 2125 1170 2177 lndische
1182 2124 1272 2177 Alter-

132 2209 257 2261 thumslx.
273 2209 310 2260 ll.
329 2227 357 2279 p.
373 2213 422 2263 1131
437 2228 516 2280 seqq.
533 2209 593 2263 coll.
609 2210 632 2261 1.
648 2228 675 2278 p.
692 2212 744 2263 388
759 2227 855 2279 seqq,
871 2210 995 2277 Troyer:
1017 2208 1141 2262 Histoire
1153 2210 1201 2263 des
1214 2211 1272 2263 rois

132 2295 169 2347 de
183 2293 329 2361 Kaobmyr.
345 2294 380 2346 Τ.
399 2295 436 2347 ll.
453 2314 481 2363 p.
498 2299 559 2347 411.
1075 2352 1081 2361 ,

222 2378 290 2430 Post
305 2379 452 2435 Alexandri
467 2378 664 2449 expeditionem
677 2395 725 2430 eae
737 2384 836 2445 terrae,
852 2395 923 2447 quae
938 2395 1011 2430 nuno
1024 2384 1158 2432 vocantur
1170 2381 1274 2433 habore

134 2470 164 2516 et
176 2463 287 2517 Multos
302 2470 351 2515 aut
366 2480 421 2515 una
436 2481 522 2533 eaque
539 2463 671 2515 communi
682 2462 866 2532 appellatione
880 2465 983 2531 Ponjab
995 2464 1273 2533 comprehenduntur,

134 2547 254 2601 Graecis
277 2547 373 2602 melius
399 2547 555 2601 innotuere.
586 2547 747 2600 Interiorem
771 2547 889 2615 Indiam,
919 2566 999 2618 quarn
1025 2548 1107 2617 vulgo
1134 2568 1273 2620 vocamus,

134 2633 231 2702 Gangi
247 2633 332 2686 fluvio
348 2633 463 2685 adsitam
479 2633 585 2686 minime
603 2633 708 2685 Noster
724 2633 816 2700 novit,
838 2650 897 2685 cum
914 2634 1031 2700 Persae,
1045 2635 1147 2705 quibus
1163 2652 1214 2688 sua
1228 2651 1271 2687 ao·

133 2725 216 2788 cepta
235 2718 374 2771 referebat
395 2727 474 2787 pater
495 2718 640 2783 historiae,
663 2717 770 2770 minime
791 2717 825 2769 ad
847 2735 894 2771 aas
916 2735 1004 2787 usque
1025 2727 1115 2771 terras
1130 2719 1273 2789 progressi

134 2803 243 2856 luerint
262 2802 397 2872 regnique
411 2804 480 2856 fines
497 2821 529 2855 eo
547 2802 743 2871 produxerint;
770 2802 854 2870 adeo,
873 2812 953 2855 utne
968 2803 1104 2874 elephanti
1119 2803 1228 2872 quidem
1243 2804 1272 2856 15

134 2905 252 2941 recensu
271 2885 425 2956 copiarum,
448 2905 518 2956 qaae
535 2906 568 2939 ex
584 2887 663 2938 lndia
676 2886 793 2938 Xerxem
811 2889 1011 2956 sequebantur,
1035 2896 1274 2942 commemorentur

134 2972 204 3025 alias
225 2962 386 3042 frequentes
404 2972 532 3024 ludorum
548 2972 574 3023 in
596 2970 777 3035 exercitibus,
791 2971 847 3024 sed
864 2971 1010 3024 Persarum
1027 2972 1054 3024 in
1071 2972 1191 3026 exercitu
1209 2981 1273 3026 ante

134 3074 255 3127 pugnam
279 3057 314 3108 511
336 3057 435 3110 Arbela
457 3056 623 3108 commissam
649 3056 722 3107 haud
740 3056 854 3123 cogniti.
889 3057 1029 3109 Observat
1052 3057 1187 3126 Schlegel.
1211 3058 1271 3110 lnd.

135 3140 268 3195 Biblioth.
285 3141 307 3207 1,
324 3145 348 3193 2.
363 3160 390 3211 p.
408 3145 454 3195 155
470 3160 559 3213 seqq,
575 3141 644 3193 idem
659 3157 772 3193 mouens
787 3159 814 3209 p.
829 3145 887 3208 117,
903 3141 1038 3194 Herodoti
1056 3142 1139 3196 ludos
1155 3160 1208 3196 non
1225 3161 1272 3196 ve·

134 3245 183 3280 ros
202 3243 265 3278 esse
281 3225 380 3293 lndos,
401 3226 606 3278 Sanscritauam
628 3225 741 3278 aliamve
757 3225 819 3277 hinc
835 3227 977 3279 deductam
992 3225 1137 3296 loquentes
1154 3227 1274 3296 linguam

27 3321 39 3342 ⁶
136 3312 319 3379 viventesque
340 3310 491 3362 secundum
511 3311 708 3362 Brachmanum
728 3310 824 3378 leges,
849 3312 898 3364 sed
917 3310 1001 3363 rudes
1023 3313 1153 3380 quasdam
1175 3321 1273 3382 gentes

135 3397 283 3463 indigenas
299 3395 449 3462 Nigrorum
466 3395 498 3446 ad
515 3395 619 3462 instar,
641 3411 712 3464 quae
734 3395 768 3446 ad
783 3395 904 3447 dextram
921 3395 983 3447 lndi
1000 3395 1123 3450 habitent
1140 3398 1226 3467 ripam
1243 3397 1272 3452 in

135 3481 220 3533 terris
237 3482 382 3532 condatur
398 3488 426 3531 et
442 3481 621 3546 3515515155,
641 3487 672 3530 ut
685 3495 758 3530 nunc
778 3487 886 3531 vocant.
916 3479 996 3542 Quae
1011 3481 1104 3533 eadem
1119 3481 1178 3534 lere
1194 3499 1273 3549 repe-

134 3565 182 3617 tiit
197 3564 267 3615 idem
282 3563 326 3615 vir
340 3563 438 3615 doctus
454 3564 497 3615 in:
518 3563 622 3616 Berlin.
638 3562 839 3614 Taschenbuob
856 3565 932 3616 18211.
953 3581 980 3631 p.
1000 3567 1050 3629 15,
1074 3565 1119 3616 ubi
1136 3564 1273 3617 australes

134 3649 271 3702 Herodoti
284 3648 368 3700 lndos
384 3648 479 3717 quaeri
494 3646 554 3700 vult
570 3647 735 3698 occidentem
749 3663 850 3699 versus
865 3647 892 3698 in
909 3652 984 3699 terra
995 3649 1168 3702 Boluelliston
1183 3648 1216 3700 ad
1226 3648 1273 3701 ln·

135 3735 199 3786 dum
220 3732 392 3799 inferiorem,
418 3730 649 3802 septentrionales
665 3731 748 3782 lndos
770 3731 799 3783 in
818 3732 946 3784 Tortnrio
967 3748 1080 3799 magna3
1102 3749 1173 3803 quos
1195 3733 1273 3802 ipsos

136 3836 192 3871 non
214 3825 266 3869 tam
291 3817 374 3869 rudes
396 3816 546 3885 nigrosque
564 3815 652 3867 151555
674 3832 754 3885 quam
770 3815 911 3868 Herodoto
933 3815 1022 3868 visum
1037 3817 1136 3882 luerit,
1159 3817 1206 3888 qui
1222 3835 1272 3888 pro

135 3903 240 3970 Negris
258 3920 306 3954 eos
322 3901 453 3958 habuisse
466 3901 594 3953 videatur
615 3901 656 3970 (id
672 3901 746 3970 quod
766 3901 794 3952 iu
815 3901 1046 3970 septentrionales
1063 3902 1146 3954 lndos
1166 3902 1274 3954 minime

136 3986 330 4054 conveniens),
348 3986 418 4038 idem
434 3986 542 4038 statuit.
569 3985 717 4037 Sufficiant
732 3986 798 4038 haec
812 3986 839 4038 in
857 3985 1016 4039 universum
1031 3986 1186 4056 disputata,
1202 4004 1273 4058 quae

135 4071 247 4139 singola
263 4070 387 4139 singulas
403 4072 436 4122 ad
453 4079 551 4138 gentes
566 4070 661 4122 lndiae
676 4071 843 4140 pertineant,
861 4087 893 4122 ea
909 4071 969 4123 suis
980 4089 1108 4142 quaeque
1124 4071 1191 4126 locis
1207 4091 1273 4127 eno-

134 4156 263 4208 tavimus.

223 4241 278 4293 iarn
294 4238 328 4293 de
344 4239 413 4306 lide,
435 4256 515 4309 quam
531 4238 665 4292 Herodoti
681 4244 792 4293 narrata
807 4239 841 4292 de
855 4239 936 4293 India
950 4248 1085 4310 mereant,
1104 4243 1127 4295 51
1145 4259 1273 4312 quaeras,

135 4325 207 4380 hanc
221 4343 289 4378 sane
304 4323 415 4377 multum
433 4323 552 4394 pendere
574 4341 588 4375 e
612 4334 686 4378 recta
708 4323 829 4377 locorum
847 4325 1047 4396 intelligentia,
1070 4327 1104 4379 ad
1126 4345 1197 4400 quae
1218 4328 1275 4380 sint

138 4440 374 4453 “—

206 4505 234 4575 *)
253 4504 318 4557 Vid.
332 4520 401 4572 quae
417 4505 446 4557 in
458 4507 585 4557 Bronten
596 4506 636 4556 IV
648 4504 684 4555 ad
697 4503 829 4557 Herodot.
843 4506 901 4571 111,
918 4509 967 4559 102
979 4508 1161 4573 proferuntur.
