3042 5125
524 408 735 470 THALIA.
759 409 818 470 III.
842 419 886 473 23.
906 418 950 473 24.
1268 418 1304 478 51

107 616 162 667 νου
170 594 402 688 δεσμωτήριον
421 593 576 686 ἀνδρῶν,
597 601 684 666 ἔνθα
701 595 780 679 τούς
799 598 925 682 πάντας
950 604 990 670 ἐν
1009 604 1129 690 πέδῃσι
1148 609 1307 694 χρυσέῃσι

162 704 337 773 δεδέσθαι.
370 706 440 769 έστι
461 700 499 770 δέ
515 703 553 769 ἐν
571 699 719 770 τούτοισι
732 718 820 771 τοῖσι
833 708 979 784 Αἰθίοψι
994 705 1131 774 πάντων
1151 703 1169 774 ὁ
1187 706 1307 794 χαλκὸς

160 804 398 876 σπανιώτατον
411 803 469 872 τιυὶ
481 802 690 892 τιήποέτατον.
717 803 924 894 θεησάμενοι
939 806 976 875 dt
997 809 1054 875 καλ
1074 806 1112 877 τό
1133 813 1303 900 δεσμωτή-

161 937 238 999 ριον
251 908 437 998 ἐθεήσαντο
450 908 507 977 ιιαλ
525 905 588 998 τήν
600 913 661 977 τοῦ
673 903 789 979 Ἡλίου
802 912 989 998 λεγομένην
1000 910 1176 1000 τράπεζαν.
1206 913 1304 984 Μετὰ
1313 925 1351 987 24

161 1014 200 1084 δὲ
214 1011 342 1102 ταύτην
353 1017 547 1091 τελευταίας
560 1009 745 1101 ἐθεήσαντο
757 1009 816 1093 τὰς
828 1012 938 1102 θήκας
951 1010 1082 1102 αὐτῶν,
1103 1021 1140 1084 αἳ
1152 1020 1306 1103 λέγονται

196 1205 229 1264 έν
243 1207 343 1280 πέδῃσι
359 1205 488 1280 χρυσέῃσι
506 1205 652 1278 δεδέσθαι]
667 1213 709 1262 De

159 1301 214 1336 usu
226 1282 440 1351 praepositionis
459 1274 491 1331 έν
505 1281 624 1332 diximus
638 1283 673 1332 ad
684 1282 708 1343 Ι,

160 1355 206 1408 oo.
240 1353 283 1402 Ad
305 1357 495 1419 argumentum
517 1352 606 1401 citant
628 1353 709 1402 Dion.

160 1425 305 1490 Chrysost.
317 1422 365 1474 Or.
378 1423 421 1474 79.
431 1438 459 1488 p.
468 1421 521 1473 446
530 1422 561 1472 Β.
575 1426 603 1473 et
616 1420 710 1471 Helio·

159 1496 221 1546 dor.
234 1492 379 1557 Aethiopp.
397 1493 446 1546 tx.
469 1507 496 1556 p.
510 1492 553 1543 40.
589 1491 711 1556 Respicit

159 1564 320 1614 Herodotea
337 1577 446 1627 quoque
462 1561 627 1612 Plutarchus
642 1561 708 1610 Ero·

159 1634 210 1684 tic.
225 1634 252 1683 7.
268 1648 297 1697 p.
310 1631 360 1682 763
370 1632 404 1680 Α.
418 1633 447 1682 iu
458 1630 503 1681 his
513 1630 619 1681 verbisz
643 1645 707 1694 χον-

159 1705 227 1760 ouis
241 1689 335 1765 ὥσπερ
350 1692 381 1749 έν
393 1694 535 1767 Αἰθιοπίᾳ
549 1695 650 1756 πέδαις
664 1696 707 1748 δε-

158 1766 265 1822 δέσθαι
284 1759 422 1839 βέλτιουή
437 1762 548 1836 πλούτῳ
565 1760 708 1833 γυναικὸς,

159 1843 208 1892 ubi
219 1840 441 1892 Winckelmauu.
452 1856 478 1905 p.
489 1840 537 1890 127
551 1855 605 1888 non
615 1839 708 1888 imme·

159 1928 220 1962 mor
237 1911 293 1960 fuit
305 1910 457 1962 Herodotei
473 1909 536 1960 loci.
566 1910 613 1958 Cr.
629 1907 709 1959 addit

159 1981 346 2044 Lindenbrog.
359 1980 396 2030 ad
407 1981 542 2030 Ammiau.
556 1978 706 2028 Marcellin.

159 2051 283 2114 XXVII,
297 2051 344 2112 12,
357 2049 382 2101 3.
401 2065 428 2114 p.
440 2047 491 2099 297
509 2048 552 2098 ed.
566 2048 663 2113 Wagn.
680 2052 708 2097 et

159 2121 217 2172 Eri.
237 2121 358 2170 Heeren.
377 2119 395 2169 l.
413 2119 432 2170 l.
453 2135 478 2184 p.
498 2119 549 2170 317
565 2133 612 2181 es,
636 2132 707 2182 quae

158 2192 193 2242 de
206 2191 299 2241 aureis
315 2189 490 2254 compedibus
502 2191 657 2250 narrantur,
672 2186 707 2237 ad

158 2260 272 2311 tabulas
288 2258 439 2309 reiicienda
453 2274 513 2309 esse
531 2262 638 2318 censet;
659 2255 708 2306 sed

159 2331 228 2381 ferri
244 2334 274 2380 et
288 2328 361 2380 aeris
376 2330 517 2378 raritatem
536 2328 564 2376 in
576 2327 651 2376 bisce
665 2342 708 2376 re·

158 2400 289 2466 gionibus
301 2399 371 2449 satis
381 2399 422 2448 ait
435 2413 494 2449 esse
506 2403 599 2447 notam
614 2395 708 2447 contir-

159 2471 286 2534 marique
295 2468 411 2518 Οοειυυσ
419 2468 585 2529 narratione,
597 2466 643 2532 qui
653 2465 707 2516 isr-

158 2555 219 2591 rnm
231 2540 261 2590 in
274 2539 308 2589 iis
320 2538 400 2590 rebus
413 2542 564 2596 recenseat,
578 2550 647 2602 quas
657 2537 708 2586 Ae·

158 2611 270 2675 thicpes
283 2610 343 2659 auri
360 2608 421 2660 loco
440 2625 458 2659 a
472 2607 624 2674 peregrinio
638 2621 707 2656 mer·

159 2686 268 2732 centur.
304 2680 346 2728 Tu
365 2678 436 2729 coni.
458 2692 565 2743 qnoque
580 2677 706 2727 Movere:

158 2752 213 2802 Die
223 2748 386 2800 Phoenisier
398 2750 437 2811 ΙΙ,
446 2746 578 2813 3(111,1).
591 2762 654 2811 pag.
662 2744 705 2796 67.

157 2822 202 2871 De
216 2820 290 2870 terro
303 2822 330 2868 et
342 2834 414 2882 aere,
428 2817 500 2884 quod
511 2818 602 2882 prisco
613 2816 706 2865 admo·

158 2891 224 2941 dum
237 2904 307 2940 aevo
320 2889 348 2937 in
360 2888 476 2939 maxime
484 2885 610 2953 pretiosis
621 2884 706 2935 habe-

157 2961 243 3011 batur
259 2958 396 3022 metallis,
412 2955 541 3008 nonnulla
561 2955 658 3032 notavi
672 2954 707 3004 ad

158 3031 182 3093 1,
192 3032 237 3081 25.
244 3029 289 3081 68.
302 3055 334 3064 -
345 3027 379 3078 In
392 3028 478 3079 torma
492 3026 666 3090 θεησαμενοι
679 3026 707 3073 et

159 3100 212 3151 hoc
227 3099 290 3150 loco
309 3101 337 3148 et
349 3114 411 3164 cap.
424 3098 457 3148 25
472 3096 639 3147 conveniunt
653 3109 707 3144 om-

157 3187 223 3233 nes,
238 3172 371 3235 quantum
386 3168 500 3229 scimus,
516 3165 582 3215 libri
601 3163 706 3228 scripti,

157 3241 278 3305 indeque
291 3240 375 3289 etiam
388 3253 473 3288 moxe
486 3233 626 3287 Sancrolti
636 3233 708 3284 libro

157 3310 270 3376 alioque
281 3310 392 3360 restitui
400 3299 563 3372 ἐθεήσαντο,
574 3303 708 3370 probante

157 3380 278 3431 Bredov.
293 3395 320 3444 p.
334 3377 377 3429 46.
397 3376 522 3427 Diudorf.
541 3379 569 3424 et
582 3371 705 3424 Dietsch.

158 3450 291 3500 exhibent
305 3438 481 3512 θηηταμενοι
494 3450 522 3497 et
535 3433 706 3508 ἐθηήσαντο.

157 3520 203 3572 cf.
218 3520 304 3570 etiam
318 3518 342 3581 1,
357 3516 479 3582 8ibique
492 3518 563 3565 nott.

346 3690 412 3741 Osa.
425 3687 525 3739 XXIV.

194 3788 226 3844 αἳ
239 3788 366 3857 λέγονται
376 3783 562 3852 σκευάζεσθαι
572 3779 601 3850 ἐξ
612 3778 704 3853 ὑέλου]

156 3856 244 3915 ὑέλου
264 3880 324 3917 cum
337 3860 488 3928 Schweigh.
502 3865 530 3911 et
543 3859 629 3909 Gaisi.
645 3857 708 3910 dedi

157 3952 209 4001 pro
227 3935 303 4000 vulg.
318 3923 422 3995 ὑάλου,
443 3931 488 3982 cni
507 3930 561 3980 duo
573 3929 637 3979 libri
654 3929 709 3977 sul-

157 4007 314 4070 irugantur.
337 4005 413 4067 Quae
425 4000 596 4068 grammatici
607 3997 708 4075 Gpaeci

156 4075 193 4125 de
213 4075 372 4126 discrimine
391 4075 461 4122 inter
477 4061 559 4127 ὕελος
578 4074 605 4121 et
620 4067 707 4125 υαλος

157 4145 293 4207 doceant,
312 4142 368 4195 vid.
387 4142 460 4208 apud
473 4139 569 4191 Thom.
582 4138 707 4203 Magistr.

157 4231 223 4281 pag.
236 4216 290 4267 862
303 4230 362 4279 aeq.
374 4214 459 4263 Moer.
473 4226 535 4277 pag.
549 4209 609 4260 373.
621 4207 707 4273 Phry-

157 4284 233 4335 niclr.
252 4300 317 4349 pag.
331 4284 384 4335 399
396 4299 471 4348 seqq.
488 4279 530 4332 cd.
544 4278 664 4330 Lobeclr.
680 4282 708 4328 et

761 1230 832 1281 quae
845 1214 996 1292 alianaiieri
1008 1216 1124 1271 Bredov.
1138 1234 1166 1283 p.
1183 1218 1243 1282 136,
1260 1220 1306 1287 qui

760 1285 875 1335 formam
896 1285 988 1342 υελος
1010 1300 1091 1336 unam
1110 1290 1258 1353 genuinam
1277 1293 1305 1340 in

760 1354 902 1405 Herodoto
915 1370 974 1406 esse
987 1358 1100 1407 monuit.
1126 1357 1205 1410 Ocni.
1220 1361 1304 1410 etiam

759 1423 1304 1493 Ideler.adAristotelisMeteorolog.lV,

763 1493 858 1557 11,15
876 1495 949 1558 (Vol.
966 1494 1003 1545 11.
1019 1511 1047 1560 p.
1062 1497 1135 1558 526).
1168 1498 1304 1548 Matthiae

760 1570 789 1612 et
805 1564 932 1613 Dindori.
952 1567 1123 1615 retinuerunt
1139 1554 1246 1617 ὑάλου.
1270 1595 1303 1605 -

759 1632 1305 1700 Adargumentumlocipotissimumeon-

760 1702 864 1752 seratur
881 1704 997 1753 Diodori
1014 1705 1057 1754 vel
1076 1706 1167 1770 potius
1185 1707 1302 1771 Ctesias,

759 1786 838 1836 quem
852 1772 934 1834 citat,
950 1772 1026 1825 locus
1038 1775 1076 1837 11,
1093 1775 1144 1836 15.,
1163 1776 1192 1826 iu
1204 1776 1302 1842 fragm.

759 1843 834 1891 (Hes.
853 1857 917 1907 pag.
934 1842 987 1891 410
1003 1859 1075 1908 seq,
1098 1844 1160 1906 ubi,
1178 1846 1249 1910 quod
1268 1846 1303 1896 sd

759 1910 913 1961 dissensum
933 1911 1042 1962 Ctesias
1065 1918 1149 1978 atque
1170 1916 1304 1964 Herodoti

759 1981 869 2042 attinet,
877 1996 938 2030 eum
945 1982 1065 2031 Diodoro
1073 1983 1164 2047 potius
1172 1999 1220 2048 pro
1230 1997 1304 2034 more

758 2050 848 2100 minus
862 2055 990 2100 accurate
1005 2050 1149 2102 Ctesianos
1160 2051 1246 2102 libros
1259 2068 1303 2101 ex-

757 2119 889 2169 scribenti
899 2120 1101 2170 attribuendum
1111 2120 1197 2171 videri
1204 2123 1303 2173 monui.

758 2188 831 2251 Quid
843 2204 907 2239 vero
920 2205 988 2240 voce
999 2180 1079 2239 ὑέλου
1091 2189 1247 2241 Herodotus
1258 2192 1303 2241 de-

757 2259 890 2324 signarit,
913 2259 941 2309 id
956 2265 1030 2309 certo
1046 2259 1156 2310 definire
1175 2259 1304 2310 difficilli-

758 2344 840 2379 mum.
867 2329 909 2379 De
921 2333 1000 2390 vitro,
1018 2328 1091 2394 qnod
1106 2328 1191 2379 multo
1208 2330 1303 2380 labore

757 2399 884 2463 coquitur
901 2413 951 2448 nec
967 2400 1081 2449 interra
1094 2398 1155 2464 ipsa
1171 2401 1302 2460 nascitur,

758 2483 811 2532 quo
821 2468 909 2518 minus
919 2468 1112 2533 intelligamus,
1119 2469 1232 2520 obstant
1241 2470 1303 2534 ipsa

757 2537 891 2588 Herodoti
900 2538 988 2613 yerba
1003 2530 1032 2603 (ἡ
1046 2533 1077 2588 δέ
1089 2551 1139 2603 σφι
1153 2532 1241 2605 πολλὴ
1252 2534 1301 2589 καὶ

759 2598 872 2672 εὐεργὸς
893 2599 1065 2671 οοέσσειαι);
1082 2624 1245 2674 quamquam
1262 2611 1302 2659 ita

756 2677 1302 2744 placuitPauwio(Rechcrclr.philos.sur

756 2746 797 2797 les
809 2747 906 2811 Egypt.
917 2748 937 2795 1.
949 2763 975 2810 p.
986 2746 1031 2798 191
1046 2745 1108 2795 coll.
1117 2763 1143 2811 p.
1154 2748 1228 2811 263),
1237 2749 1303 2798 Vin-

757 2822 830 2867 cent.
852 2831 878 2879 p.
896 2816 947 2865 794
965 2830 1041 2879 seqq.
1063 2816 1097 2864 od
1116 2816 1217 2867 calcem
1231 2817 1303 2867 Ran-

758 2884 810 2935 nel.
831 2884 864 2932 de
889 2899 981 2949 geogr.
1004 2884 1106 2934 Herod.
1127 2890 1155 2934 et
1176 2886 1236 2935 viro
1256 2901 1303 2935 no·

757 2954 892 3005 bilissimo
919 2954 953 3004 de
976 2953 1118 3003 Minutoli:
1147 2954 1302 3019 Nachtrdge

759 3041 782 3075 a.
803 3024 884 3074 Reise
902 3028 954 3077 etc.
973 3038 1035 3088 pag.
1057 3026 1108 3074 224
1126 3038 1202 3088 seqq.
1239 3024 1302 3090 Ory-

757 3096 854 3145 stallum
866 3093 894 3157 *l
918 3093 1067 3157 significari
1086 3094 1243 3158 suspicatus
1261 3098 1303 3143 est

757 3164 873 3214 Heeren.
888 3162 981 3213 ldeen.
996 3164 1037 3225 Il,
1058 3166 1084 3216 1.
1102 3178 1128 3227 p.
1144 3162 1208 3224 3353
1231 3161 1303 3227 quod

760 3239 851 3284 tamen
863 3233 952 3297 ipsum
965 3236 992 3281 in
1002 3232 1175 3283 calidissimis
1185 3233 1303 3296 regioni-

758 3304 810 3353 bus
829 3302 883 3352 iltis
899 3318 950 3352 nee
967 3303 1053 3352 oritur
1071 3317 1123 3352 nec
1141 3302 1250 3352 omuino
1264 3301 1303 3351 la·

758 3373 811 3423 cile
829 3376 871 3423 est
890 3371 1040 3424 elaboratu.
1072 3371 1235 3422 Palmerium
1256 3370 1303 3436 (ad

758 3442 872 3493 Diodor.
885 3443 903 3495 l.
919 3442 951 3501 l.)
971 3444 996 3492 si
1013 3439 1124 3503 audias,
1142 3442 1196 3492 init
1209 3440 1303 3491 metel-

757 3512 812 3561 lica
829 3511 963 3577 quaedam
981 3512 1099 3575 species,
1117 3527 1198 3576 quam
1210 3516 1302 3561 tumen

756 3583 816 3647 ipse
836 3596 865 3631 se
884 3583 1011 3647 ignorare
1029 3582 1144 3642 fatetur,
1165 3581 1217 3631 hoc
1233 3581 1301 3631 adii-

757 3652 846 3702 ciensz
866 3653 982 3711 „stibium
993 3656 1081 3712 certe,
1100 3650 1172 3715 quod
1186 3657 1214 3701 et
1232 3650 1303 3701 anti·

756 3721 876 3772 monium
889 3722 1003 3783 dicitur,
1024 3721 1131 3771 videtur
1144 3735 1204 3771 esse
1217 3735 1301 3785 quse·

757 3792 820 3840 dam
834 3792 899 3841 vitri
912 3791 1046 3855 species.“
1068 3791 1196 3840 Electrum
1208 3804 1231 3839 s.
1243 3806 1300 3839 suc-

757 3864 836 3911 cinum
850 3861 949 3921 fuisse,
970 3860 1087 3926 probare
1101 3858 1206 3908 studuit
1219 3859 1300 3908 Gata-

757 3931 815 3979 ker.
830 3931 865 3979 ud
880 3932 916 3982 M.
931 3930 1032 3980 Anien.
1046 3929 1093 3979 lv.
1107 3944 1133 3992 p.
1148 3926 1207 3990 133,
1224 3943 1302 3978 acce·

758 4000 839 4049 deute
850 4000 887 4050 M.
900 4000 1020 4050 Gesncro
1039 3998 1068 4046 in
1081 3997 1244 4047 Commentt.
1259 4014 1302 4047 so·

757 4070 820 4121 ciet.
837 4070 961 4135 Gotting.
976 4068 1027 4119 111.
1038 4083 1065 4133 p.
1078 4066 1127 4129 92,
1140 4066 1302 4132 obloquente

757 4137 1302 4205 Wesselingio(adHercdotilocum),cui

758 4210 812 4274 ipsi
831 4209 859 4258 in
879 4213 997 4259 mentem
1015 4213 1128 4258 venerat
1149 4212 1189 4258 sal
1202 4208 1303 4270 focatis

758 4279 834 4344 (nost
858 4282 1009 4344 Steinsulz),
1033 4279 1080 4343 qui
1100 4278 1205 4342 ingenti
1221 4278 1302 4340 copis

211 4494 231 4541 ⁴)
254 4492 320 4545 Apud
336 4491 416 4534 Aeliilt.
430 4493 477 4534 Tat.
491 4491 522 4543 11,
537 4477 649 4536 briallis!
661 4473 858 4551 ὄρωρσγμένην
872 4490 980 4546 explicant
994 4488 1129 4541 crystallum.

1050 4565 1097 4628 4*
