3042 5125
412 432 737 494 MELPOMENB.
759 433 816 494 IV.
832 445 877 498 55.
901 445 945 499 56.
1187 434 1249 495 417

127 618 266 711 ἀπέργων
278 621 339 711 τήν
352 649 387 691 τε
396 618 530 710 Ὑλαίην
543 625 600 692 καὶ
615 621 674 693 τὸν
685 620 870 712 Ἀχιλλήιον
883 622 1087 711 καλεόμενον
1101 622 1247 714 Δρόμον.
1303 635 1306 644 ’

119 722 265 815 Ἕβδομος
281 726 317 794 δὲ
331 730 455 815 Γέρρος
472 725 617 815 ποταμός
631 724 824 816 ἀπέσχισται
843 728 905 816 μὲν
918 724 983 796 iob
997 732 1058 797 τοῦ
1070 733 1242 817 soporos·
1252 742 1293 804 56

125 856 188 909 νεος
207 827 287 899 κατὰ
308 834 406 899 τοῦτο
430 834 487 919 τῆς
506 830 630 920 χώρης,
660 834 694 910 ἐς
714 828 733 898 ὃ
752 829 951 919 γινώσκεται
974 824 992 898 ὃ
1013 834 1245 921 Βορυσθένης·

122 1028 176 1078 Bos.
192 1028 231 1077 Do
247 1026 335 1094 ellips.
354 1046 417 1096 pag.
435 1029 488 1082 800
510 1029 572 1082 coll.
591 1032 651 1084 529.

702 1032 875 1083 curatissime
894 1031 1040 1097 descripsit
1055 1048 1119 1098 pag.
1137 1034 1171 1083 27
1186 1050 1243 1099 seq.

124 1096 179 1157 129,
201 1101 227 1147 ο1
247 1098 282 1147 ad
297 1090 431 1163 ότιὲρχειν
448 1100 548 1151 Herod.
564 1101 603 1162 II,
617 1101 651 1153 99
702 1102 736 1166 (s.
750 1117 814 1167 pag.
825 1101 888 1164 551)
907 1107 934 1151 et
946 1101 1118 1165 potissimum
1132 1118 1195 1169 pag.
1210 1102 1245 1154 88

121 1167 200 1232 ibique
216 1172 284 1219 nott.
302 1196 336 1206 —
355 1171 399 1220 De
411 1172 514 1236 Hylaea
533 1171 650 1221 diximus
702 1171 769 1221 -97
788 1173 822 1233 (s.
835 1185 862 1235 p.
875 1170 927 1221 914
940 1186 996 1235 seq.
1012 1171 1090 1237 796),
1108 1170 1244 1239 eliamque

122 1237 151 1286 ad
164 1237 198 1286 IV
221 1236 245 1288 9.

152 1275 266 1356 ιαότόν
296 1296 449 1372 Ἀχιλλήϊον
478 1300 648 1372 καλεόμενον

121 1366 239 1442 Δρόμον.)
260 1377 378 1439 Locum,
399 1378 428 1427 in
447 1392 500 1442 quo
515 1377 648 1428 Achillem

121 1446 255 1495 certamina
267 1447 422 1497 instituisse
435 1446 534 1510 ferunt,
548 1448 648 1497 descri-

122 1515 167 1578 psit
178 1513 247 1567 Mela
264 1516 309 1578 11,
331 1515 360 1578 1,
374 1515 408 1567 50
424 1532 482 1582 seq.
501 1516 564 1567 ooll.
576 1516 647 1566 Ptin.

121 1583 149 1632 Η.
162 1585 192 1637 N.
201 1584 247 1649 IV,
257 1585 315 1649 (12)
324 1585 368 1636 29.
382 1584 473 1637 Strsb.
483 1586 544 1636 VII.
559 1600 586 1649 p.
596 1585 646 1636 307

120 1667 138 1703 s.
154 1654 199 1704 472
211 1659 238 1705 ο1
248 1653 309 1704 473.
330 1656 439 1705 Arrius.
453 1654 555 1719 Peripl.
572 1657 596 1717 ᾗ.
612 1652 643 1702 21

120 1721 168 1784 (ubi
178 1722 324 1774 oonthil.
333 1724 365 1775 T.
373 1725 426 1774 111.
434 1739 498 1788 pag.
509 1722 559 1773 130
567 1723 645 1786 seq.).

119 1794 193 1842 huon.
205 1793 301 1857 Peripl.
314 1796 339 1857 ἕ.
355 1793 400 1852 11,
415 1795 535 1856 itemque
549 1792 646 1855 sttige·

118 1867 172 1910 runt
190 1863 310 1927 Euripid.
338 1861 462 1927 Iphigen.
485 1861 570 1910 Teur.
593 1857 644 1909 438

119 1931 180 1993 (το11.
197 1932 366 1996 Lycophron.
386 1931 463 1980 Cass.
482 1928 558 2009 192),
579 1928 645 1978 Dio·

118 1998 644 2133 bii{redibiturtu}

121 2137 169 2188 ulii.
201 2139 276 2189 Conf.
290 2136 450 2186 Tascbucke
467 2135 502 2184 ad
514 2135 578 2186 Mei.
591 2135 609 2185 1.
624 2135 643 2187 1.

120 2213 178 2260 nott.
189 2223 278 2272 exsgg.
296 2220 360 2271 pag.
376 2205 424 2266 27,
442 2205 578 2257 Mannert.
593 2203 641 2255 IV.

117 2292 139 2341 p.
149 2278 186 2329 81.
198 2278 244 2325 227
257 2290 312 2340 seq.
333 2273 394 2337 (qui
409 2274 496 2324 minus
510 2280 584 2326 recte
596 2273 642 2324 hio

118 2345 217 2409 eogitari
238 2343 297 2395 vnit
320 2342 355 2393 de
379 2359 411 2393 eo
431 2349 520 2394 terrae
540 2349 641 2407 tractu,

118 2413 154 2478 qui
170 2414 196 2463 iu
212 2412 427 2477 promontorium
440 2414 558 2464 Kinburn
572 2414 643 2464 desi·

116 2482 166 2544 uit),
177 2482 272 2532 Ukert:
287 2483 389 2547 Geogr.
405 2483 430 2532 d.
445 2483 491 2533 Gr.
507 2499 534 2534 u.
547 2484 641 2533 Boem.

117 2550 165 2613 111,
184 2554 208 2601 2.
233 2568 294 2618 pag.
316 2553 370 2603 454
389 2569 464 2618 seq.,
494 2553 641 2618 Forbiger:

115 2620 205 2672 Handb.
215 2621 239 2672 d.
248 2624 299 2674 alt.
308 2622 526 2688 Geogruph.lli.
536 2640 562 2689 p.
574 2623 639 2673 1121

115 2704 160 2755 seq.
196 2691 363 2757 intelligitur
388 2697 481 2743 autem
508 2698 642 2758 angustus

114 2763 190 2809 terrae
206 2765 327 2823 tractus,
347 2763 394 2827 qui
412 2778 426 2812 e
443 2767 518 2813 terra
534 2763 642 2830 Hylaea

114 2828 153 2889 (ci.
164 2836 226 2884 nott.
241 2832 275 2883 ad
287 2832 344 2893 IV,
358 2831 386 2895 9)
405 2833 434 2881 in
451 2848 526 2883 more
542 2833 642 2898 produ·

114 2902 163 2949 etus
175 2899 291 2967 linguam
308 2906 419 2953 tenuem
437 2902 540 2966 efficit,
562 2903 642 2953 iuxta

114 2971 197 3019 terrem
220 2973 407 3023 continentem
426 2977 454 3023 et
470 2988 596 3024 occasum
614 2977 641 3023 et

115 3039 229 3090 orientem
247 3057 346 3092 versus
367 3048 535 3108 porrectum,
561 3043 640 3093 ouius

114 3120 140 3157 ea
150 3125 220 3174 pars,
239 3127 311 3176 quse
329 3112 364 3162 ad
380 3128 508 3164 occasum
521 3116 640 3177 spectet,

114 3191 171 3229 nuuc
179 3186 289 3232 vocatur
299 3182 412 3243 Teuma,
424 3197 496 3247 quae
506 3182 542 3232 ad
553 3184 640 3232 orion-

115 3252 159 3297 tem
168 3253 265 3316 vergit,
278 3254 468 3317 Djurilputselz,
488 3255 576 3302 minor
588 3253 641 3302 nti-

115 3331 156 3380 que
164 3319 245 3371 elteri
254 3325 342 3388 eique
352 3319 483 3387 longiore,
491 3337 560 3387 quae
567 3315 639 3386 Δρό-

113 3399 156 3448 μον
169 3377 323 3456 ’Ἆχιλλήϊον
345 3393 517 3456 potissimum
539 3391 641 3443 consti·

114 3458 169 3518 tuit,
186 3460 260 3511 onius
273 3462 376 3512 Noster
393 3462 515 3511 meminit
527 3462 581 3524 IV,
597 3460 638 3510 76,

114 3523 156 3586 Qui
165 3527 236 3580 iocus
249 3531 445 3595 antiquissima
455 3531 587 3597 reiigione
600 3531 640 3580 in-

114 3592 141 3644 de
160 3598 250 3650 ubelbi
269 3601 385 3651 Troiani
412 3601 580 3667 temporibus
600 3602 640 3650 in-

114 3663 186 3729 signis
204 3669 306 3735 iertnr,
332 3671 410 3721 onius
434 3677 496 3736 post
518 3670 640 3720 Herodo-

113 3736 168 3798 tum,
176 3738 220 3789 ubi
228 3740 317 3804 prima
328 3739 402 3791 illius
413 3741 526 3803 mentio,
537 3740 639 3805 plures,

113 3817 169 3866 quos
191 3808 322 3874 plurimos
345 3809 425 3860 modo
450 3811 639 3873 excitavimus,

114 3877 283 3929 meminerunt.
323 3880 366 3929 De
386 3894 440 3944 quo
459 3896 531 3931 nuno
548 3879 639 3930 dicere

114 3939 214 4009 longum.
246 3949 442 4014 copiosissime
455 3950 488 4001 de
501 3950 543 4000 his
556 3951 640 3999 omni·

114 4009 155 4063 bus
169 4015 294 4068 disseruit
306 4018 434 4070 Koehier.
447 4020 475 4069 iu
490 4020 639 4084 scriptione

114 4085 207 4148 saepius
225 4088 280 4138 iam
293 4088 424 4138 laudata:
445 4088 575 4139 Mdmoire
593 4105 639 4139 sur

113 4146 145 4200 les
166 4154 213 4205 iles
232 4162 261 4208 et
280 4158 309 4208 ia
331 4174 428 4209 course
444 4156 604 4210 oonsuordes
623 4159 639 4207 1

114 4218 203 4275 Achille
214 4231 265 4277 eto.
280 4232 332 4278 etc.
351 4228 544 4295 Petersbourg,
564 4229 638 4280 1827.

114 4284 175 4351 (Vol.
186 4295 218 4347 11.
230 4295 392 4348 Commentt.
408 4298 493 4350 Aoad.
509 4300 640 4362 Petropo·

114 4355 171 4439 lii-N
189 4365 233 4429 qui
247 4366 352 4430 locum,
378 4383 457 4433 quem
474 4368 508 4418 ob
524 4368 639 4419 inundo·

114 4430 191 4483 tiones
207 4436 289 4486 maris
306 4437 410 4502 solique
427 4442 551 4488 naturum
570 4452 640 4487 nun·

116 4512 184 4561 quam
194 4501 344 4557 habitatum
358 4507 444 4559 inisse
457 4508 576 4572 iudicat,
595 4523 639 4558 sc·

59 4604 61 4701 )
146 4602 302 4655 noceor.
325 4613 360 4656 11.

699 1242 808 1290 omnino
825 1255 897 1289 nuno
908 1238 1093 1291 huius'terrae
1110 1242 1242 1292 conditio·

699 1325 759 1360 nem
772 1324 845 1369 esse,
856 1313 940 1374 atque
951 1316 1048 1374 quarto
1062 1314 1128 1362 ante
1139 1310 1202 1362 Chr.
1214 1326 1242 1362 n.

698 1378 752 1429 fuit
763 1377 887 1440 saeculo,
900 1383 991 1444 negat.

894 1550 959 1601 Ore.
974 1549 1049 1602 LVI.

731 1646 838 1716 Γέρρος
857 1644 983 1716 ποταμὸς
1005 1642 1168 1716 ἀπέσχισται
1190 1648 1242 1719 μὲν

696 1734 722 1767 ιι.
739 1718 817 1785 ei]
842 1721 859 1771 i.
881 1736 904 1772 e.
921 1723 1034 1772 Gerrhus
1050 1722 1096 1785 (de
1114 1738 1167 1788 quo
1184 1725 1240 1774 vid.

695 1793 766 1838 nott.
786 1789 820 1838 ad
837 1789 890 1853 IV,
910 1791 955 1853 19)
974 1801 1111 1856 soporatur
1126 1808 1142 1841 u
1156 1793 1240 1858 Bery-

694 1859 781 1909 sthene
802 1859 904 1918 rosere
927 1862 997 1922 Ioco,
1022 1878 1100 1926 usque
1117 1863 1154 1910 ad
1171 1878 1240 1925 quem

693 1930 749 1990 ipse
763 1928 935 1994 Borysthenes
948 1938 986 1979 est
999 1933 1113 1994 cognitus
1130 1930 1178 1994 (oi.
1191 1932 1239 1993 IV,

694 1997 728 2048 53
743 1998 810 2062 ibiq.
826 1998 906 2062 not).
934 1997 1033 2049 Moneo
1049 1999 1083 2048 ob
1095 1999 1239 2050 Reichsrd.

694 2067 734 2116 sic
756 2067 997 2131 interpretantem:
1027 2068 1100 2131 „der
1120 2067 1240 2119 Gerrhus

693 2136 802 2187 wendet
828 2136 887 2186 sich
910 2153 972 2188 vom
993 2137 1177 2202 Borysthenes
1201 2139 1237 2187 sb

693 2204 737 2254 bei
751 2206 798 2256 der
808 2205 918 2270 (iegend
928 2205 1038 2269 vorbei,
1057 2222 1099 2257 wo
1112 2224 1176 2257 man
1186 2207 1238 2257 deu

692 2274 877 2339 Borysthenes
898 2275 1049 2326 erblickti“
1078 2277 1166 2327 Multo
1184 2293 1238 2327 me·

693 2342 747 2394 lius
756 2344 811 2395 loci
820 2359 930 2395 sensum
944 2349 1019 2411 oepit
1030 2346 1164 2412 Langius,
1178 2362 1239 2397 ver·

692 2414 808 2465 naeuius
820 2415 964 2480 interpres.
988 2416 1098 2465 Etenim
1111 2416 1144 2466 de
1155 2431 1237 2467 sensu

693 2484 770 2533 verbi
792 2474 958 2548 ἀπέσχισται
981 2484 1107 2536 dubitare
1128 2501 1182 2536 non
1201 2486 1236 2535 si·

693 2559 763 2603 nunt
783 2554 836 2605 duo
851 2554 909 2606 Nili
928 2555 1000 2606 ostia
1013 2572 1034 2606 s.
1046 2555 1161 2606 brechia
1177 2545 1236 2604 sind

693 2620 744 2671 τοῦ
767 2622 970 2690 Σεβεννυτικοῦ
991 2613 1193 2688 ἆτοσχισθὲ
1201 2640 1236 2673 ν-

693 2708 739 2756 τα,
753 2699 785 2742 nt
796 2695 896 2743 Noster
907 2694 1002 2743 scribit
1013 2694 1051 2753 11,
1064 2696 1105 2756 17,
1119 2695 1237 2760 itemque

691 2762 848 2813 Aristotelis
859 2762 951 2825 loeus,
969 2778 1048 2828 quem
1061 2763 1158 2814 attulit
1171 2762 1235 2813 Kol-

693 2836 758 2885 ster.
772 2831 791 2882 1.
803 2832 821 2883 1.
832 2847 895 2897 pag.
907 2834 954 2894 22,
968 2833 1146 2883 inMeteoroi.
1157 2833 1181 2894 1,
1196 2831 1235 2894 13,

691 2901 739 2952 ubi
752 2901 786 2952 de
798 2903 902 2952 Araxe:
921 2892 1021 2951 rosires
1041 2893 1071 2951 δ’
1093 2893 1108 2951 ὁ
1128 2894 1236 2958 Τάναϊς

691 2961 922 3035 οἱποσχίζεται
945 2965 1030 3037 μέρος
1055 2959 1094 3020 ὢν
1122 2966 1162 3029 εἰς
1184 2963 1236 3036 τὴν

691 3038 824 3090 Μαιῶτιν
847 3039 956 3106 λίμνην.
996 3042 1094 3107 Itaque
1117 3041 1236 3092 Gerrhus

689 3111 799 3174 fluvius,
807 3112 852 3176 qni
863 3126 880 3160 a
887 3103 1234 3175 Βοτχιῐὴεοοᾶπέσχισται,

689 3181 708 3231 1.
721 3197 743 3232 e.
754 3191 898 3246 separatus,
913 3183 1050 3245 diremptus
1059 3190 1104 3241 est,
1116 3198 1164 3247 pro
1175 3180 1235 3231 brn-

689 3251 750 3301 chio
763 3250 943 3316 Borysthenis
958 3253 1011 3300 erit
1022 3251 1177 3311 habendus,
1190 3252 1236 3316 qni

690 3320 763 3386 quod
777 3322 805 3370 in
817 3321 980 3386 Hypacyrin
996 3321 1109 3372 influere
1124 3321 1234 3382 dicitnr,

690 3390 719 3440 id
731 3390 826 3456 utique
840 3389 883 3442 vel
897 3392 984 3456 magis
996 3393 1106 3441 mirum:
1121 3391 1191 3440 adeo
1203 3398 1235 3439 ut

689 3460 859 3510 Herodotum
877 3460 935 3511 sive
956 3476 1032 3524 eum,
1057 3476 1074 3510 s
1097 3476 1150 3525 quo
1167 3460 1235 3510 haee

689 3530 793 3579 tradita
806 3532 908 3580 Noster
921 3531 1042 3596 accepit,
1057 3530 1156 3581 erroris
1169 3530 1236 3580 nott

689 3598 798 3650 absolvi
810 3599 856 3648 vix
868 3614 950 3665 posse
963 3600 1082 3650 oredsm.
1110 3599 1150 3649 Δο
1164 3599 1235 3648 salso

688 3666 762 3718 tradi
772 3668 903 3719 Gerrhum
914 3670 940 3718 in
951 3669 1111 3734 Hypaoyrin
1122 3668 1235 3718 influen-

690 3743 745 3789 tem
754 3739 855 3788 statuit
864 3754 970 3804 quoque
981 3737 1093 3789 Bennoi.
1101 3753 1162 3801 pag.
1171 3737 1233 3788 499.

689 3809 742 3859 Pro
756 3799 785 3865 ἐς
796 3795 826 3869 ὃ,
845 3808 917 3871 quod
932 3824 1024 3858 omnes
1037 3807 1117 3858 codd.
1131 3811 1234 3868 tenent,

690 3878 789 3928 Strure
809 3877 837 3941 (1.
856 3876 875 3928 1.
894 3893 959 3943 pag.
970 3876 1004 3928 43
1023 3894 1046 3928 s.
1063 3875 1182 3941 Opusoc.
1195 3876 1233 3929 11.

690 3964 717 4027 p.
734 3947 798 4011 314)
823 3949 917 4011 reponi
935 3947 1007 3997 vult:
1040 3939 1069 4003 ἐς
1088 3937 1120 3993 τὸ
1141 3945 1186 3998 vei
1206 3937 1234 4003 ἐς

691 4031 775 4082 οσον,
793 4015 919 4067 hocloco
938 4021 966 4067 et
980 4017 1033 4079 IV,
1046 4016 1088 4067 71.
1106 4015 1234 4079 vr1‚50,

690 4088 737 4154 qui
754 4078 783 4144 ἐς
801 4072 885 4136 dnon
907 4086 961 4135 nisi
977 4086 1006 4135 in
1025 4091 1146 4150 tempore
1165 4084 1235 4136 indi·

691 4157 779 4208 cando
791 4156 916 4206 adhiberi
927 4172 1008 4221 posse
1020 4156 1129 4206 statuit.
1150 4155 1234 4221 Equi·

691 4228 751 4279 dem
771 4242 831 4276 oum
851 4231 967 4276 reeentt.
985 4225 1046 4276 edd.
1063 4224 1149 4276 libros
1169 4226 1234 4277 scri-

688 4301 751 4361 ptos
766 4297 845 4361 sequi
856 4295 940 4347 malui
949 4296 978 4346 in
989 4295 1121 4357 bislocis,
1135 4296 1162 4345 in
1176 4297 1234 4361 qui-

689 4367 741 4418 bus
755 4366 809 4431 ipsi
828 4365 938 4416 Strnvio
960 4366 1080 4416 dubitari
1095 4381 1175 4430 posse
1194 4365 1236 4414 vi·

690 4437 823 4497 debatur,
844 4451 903 4486 cum
923 4435 982 4486 fleri
995 4436 1096 4500 possit,
1118 4440 1149 4483 ut
1166 4424 1194 4491 ἐς
1208 4420 1232 4497 ὃ,

691 4507 745 4558 nisi
765 4496 881 4562 fonteio
904 4497 974 4555 ὅσον
994 4504 1165 4555 scribendum
1188 4504 1235 4565 sit,

991 4589 1030 4648 27
